3375 5567
157 782 206 829 aes
224 783 282 843 pro
301 762 449 840 iambus,
470 765 674 847 opperientes
691 762 879 829 Pontitleem
901 771 1048 828 nostrum
1067 782 1271 829 commoran-

159 877 213 927 tem
233 869 315 929 intra
337 867 459 930 Sancta
483 866 690 942 Sanctorum,
713 867 796 929 tuest
810 867 897 948 apud
921 863 1063 941 Patrem,
1085 872 1271 929 etexorau·

159 975 211 1029 tem
230 985 291 1047 pro
313 971 461 1047 peccatis
481 988 610 1043 eoram,
628 970 684 1049 qui
705 988 740 1031 se
761 972 945 1047 expectant,
962 984 1024 1029 ocu
1045 985 1106 1047 pro
1126 968 1271 1032 omnium

157 1069 282 1147 pcccatis
301 1080 511 1133 exorantem.
531 1068 605 1134 Non
626 1070 711 1134 euim
725 1076 843 1133 exorat
864 1088 924 1150 pro
946 1069 1007 1139 lris,
1023 1068 1080 1147 qui
1101 1068 1133 1131 lu
1147 1076 1268 1132 sortem

158 1169 275 1233 reniuut
287 1170 364 1251 ejus
380 1172 464 1234 ltirci
477 1168 693 1251 apopompaei,
708 1171 788 1235 illest
802 1170 859 1250 qui
874 1170 1034 1233 emittitur
1054 1169 1085 1231 iu
1106 1168 1271 1232 ‹lesermm

157 1270 225 1348 (pro
239 1272 286 1334 tris
302 1274 476 1346 nimirum,
492 1275 550 1352 qul
563 1273 701 1354 judicati
721 1280 809 1340 suut.
824 1280 859 1334 et
874 1271 905 1332 iu
919 1286 1066 1333 eremum
1085 1270 1188 1332 instar
1205 1270 1271 1333 hir·

157 1372 323 1435 cilimissi.
338 1372 350 1451 )
367 1372 464 1436 Finis
484 1391 561 1436 anne
580 1374 676 1437 sortis
697 1370 793 1435 iatius
807 1369 928 1434 eremis
943 1381 1000 1443 est,
1014 1370 1095 1433 idest
1111 1371 1198 1433 icens
1218 1371 1269 1435 ‹ir-
1353 1402 1357 1409 ·

157 1480 254 1547 artas,
275 1475 423 1536 desertus
442 1472 627 1549 virtutibus,
649 1476 788 1536 desertus
809 1471 886 1549 Deo,
907 1474 1044 1534 deantes
1058 1469 1201 1553 iustitio,
1218 1472 1270 1534 tle·

156 1582 242 1636 mss
258 1572 405 1649 Christo,
426 1576 563 1636 deantes
582 1574 670 1636 omni
688 1574 776 1636 lone
800 1591 818 1628 s

226 1672 331 1738 Paulo
353 1685 431 1756 post
447 1674 587 1739 llomilia
602 1673 689 1739 ΧΠ.
702 1674 733 1741 l.
752 1672 790 1736 in
810 1670 984 1736 leviticum
999 1690 1037 1737 ea
1059 1673 1197 1738 tlilueuss
1213 1674 1266 1736 le·

157 1794 197 1837 aa
207 1773 234 1837 si
246 1775 457 1839 mnirdierrit
469 1775 580 1851 Deam,
591 1784 754 1858 peccatam
770 1766 903 1855 accipiet
914 1796 922 1837 ε
935 1773 994 1853 qui
1007 1785 1111 1839 cutem
1125 1773 1270 1839 nominet

158 1896 253 1940 mea
264 1875 413 1955 Domini,
430 1876 710 1943 mortemorieterr
723 1894 842 1959 peenas
859 1879 999 1941 secernit
1015 1878 1209 1958 temporales
1224 1878 1265 1939 alr

159 1980 280 2043 aeternis
289 2000 302 2059 3
319 1998 361 2043 ac
377 1980 453 2042 ideo
473 1980 547 2043 illas
570 1980 766 2060 temporales
780 1979 980 2059 expiatorias
994 1978 1194 2059 proindeque
1215 1978 1268 2041 de·

158 2081 263 2145 situras
276 2082 361 2145 dicit
384 2082 523 2145 seorsim
538 2082 580 2144 ab
600 2082 673 2145 aliis
685 2090 757 2161 post
772 2080 897 2144 obitum
916 2080 1121 2143 soerioribus
1135 2098 1174 2142 ac
1195 2096 1267 2160 per·

160 2182 268 2259 petuis:
292 2204 311 2243 r
326 2179 437 2258 Mors,
451 2182 569 2262 iuquit,
590 2200 676 2263 quae
697 2201 820 2264 pocum
838 2198 936 2245 causa
958 2181 1099 2244 inlectur
1113 2200 1174 2261 pro
1194 2198 1267 2261 pec·

159 2290 230 2359 cata,
244 2284 403 2363 purgatio
417 2292 466 2346 est
479 2285 603 2365 peceati
616 2285 729 2363 ipsius,
746 2301 808 2363 pro
822 2301 889 2364 quo
904 2282 1042 2363 jubetur
1057 2282 1182 2346 lnierri.
1200 2280 1265 2345 te

158 2384 283 2447 solvitur
296 2402 382 2464 ergo
396 2392 566 2465 peceatum
579 2402 638 2465 per
652 2401 789 2464 peccam
804 2384 931 2459 mertis,
945 2402 1003 2448 nec
1013 2390 1162 2464 superest
1175 2382 1264 2447 aliud

159 2484 232 2562 quot
251 2504 313 2566 pro
335 2487 403 2549 lroc
424 2487 571 2561 crimine,
589 2486 704 2566 iudicii
720 2486 787 2549 (lies
802 2492 836 2548 et
857 2504 957 2567 poena
979 2486 1060 2566 ignis
1074 2484 1197 2548 aeternl
1219 2484 1266 2547 iu·

160 2589 260 2649 leniat.
280 2585 346 2651 libi
371 2605 452 2650 vero
473 2586 548 2667 quis
566 2589 686 2667 accipit
707 2596 898 2668 peccatum,
916 2586 1012 2649 habet
1034 2586 1115 2649 illud
1137 2604 1264 2658 secum,

161 2701 191 2747 ac
207 2696 376 2768 permanet
388 2706 466 2752 cum
481 2689 564 2769 ipso,
586 2707 646 2752 uec
665 2689 779 2769 aliquo
803 2689 965 2770 supplicio
980 2706 1095 2769 paena,
1112 2706 1198 2769 quae
1219 2688 1266 2749 dl·

161 2786 261 2863 luitur,
283 2791 417 2864 transit,
432 2807 508 2852 cum
522 2791 592 2871 ipso
606 2798 654 2854 est
669 2790 765 2853 etlam
788 2800 859 2872 post
882 2798 1040 2853 morum:
1064 2790 1189 2870 etquis
1212 2790 1267 2851 lrlc

160 2892 336 2969 temporalia
359 2908 425 2954 uon
446 2892 615 2972 persolvit,
638 2892 682 2954 ibi
704 2893 858 2972 expendit
878 2900 1009 2955 aeterna
1030 2891 1201 2971 supplicia.
1225 2910 1242 2948 n

225 2988 348 3055 {lande
369 2992 438 3055 illis
458 2994 653 3072 respondens
671 2992 792 3074 indicia
816 2991 874 3056 Dal
903 2993 1138 3065 nescientibus,
1159 2999 1192 3056 et
1212 2990 1267 3054 ad·

163 3106 276 3154 versum
299 3091 412 3156 Deum
432 3095 616 3173 conquestis
630 3113 692 3157 cur
706 3095 852 3157 homiues
873 3094 991 3174 iniqui,
1014 3098 1047 3155 et
1068 3092 1192 3174 injusti,
1213 3110 1266 3156 ra·

162 3198 267 3268 ptores,
288 3194 398 3273 impii,
418 3194 547 3258 scelesti
563 3196 595 3257 in
610 3197 671 3260 lrsc
691 3197 753 3259 sita
769 3196 849 3258 nihil
865 3196 1035 3277 patiuntur
1048 3194 1190 3269 adversi,
1211 3195 1267 3257 sed

163 3302 263 3355 cuncta
284 3295 332 3357 eis
354 3312 512 3376 prospere
532 3298 735 3374 succedunt,
761 3304 794 3360 et
814 3316 833 3360 e
854 3305 966 3360 contre
988 3295 1211 3359 innocentibus
1233 3304 1265 3359 ct

164 3394 212 3469 piis
229 3414 411 3460 aerumnae
422 3399 653 3477 superveniant
666 3406 728 3461 etc.
745 3399 801 3461 ait:
819 3396 910 3463 «sea
928 3400 1020 3475 haec,
1037 3406 1074 3462 ct
1093 3398 1173 3474 dixi,
1190 3416 1266 3461 cou-

164 3502 357 3571 queruutar,
373 3497 577 3575 ignorantes,
593 3499 649 3578 qui
660 3500 702 3562 sit
714 3497 798 3561 ordo
817 3500 851 3563 in
865 3497 980 3562 divinis
997 3498 1139 3579 iudiciis.
1156 3494 1266 3573 Quan-

166 3600 192 3653 to
208 3598 289 3659 enim
310 3598 448 3677 gravius
468 3616 524 3661 eos
544 3600 653 3681 puniri
676 3601 791 3665 volunt
802 3646 815 3679 ,
847 3600 888 3665 tlc
907 3618 1050 3682 quorum
1072 3600 1214 3681 poteutia
1235 3609 1269 3665 st

166 3693 376 3775 iniquitatibus
397 3699 621 3779 ingemiscunt,
645 3707 734 3765 tanto
749 3702 968 3765 necessarium
983 3710 1031 3765 cst
1046 3700 1170 3765 differri
1191 3719 1267 3782 poe·

167 3808 231 3873 ως
250 3814 337 3877 quae
357 3800 384 3861 si
405 3816 470 3860 non
484 3798 706 3876 differrentur,
723 3802 918 3882 temporales
939 3801 1053 3882 utique
1073 3808 1107 3865 et
1125 3802 1267 3867 leviores

169 3904 281 3971 esent,
301 3898 379 3977 quia
401 3897 498 3960 tinem
519 3918 594 3962 cum
614 3911 721 3963 morte
741 3903 923 3982 reciperent
934 3920 946 3981 3
977 3920 1061 3965 nnuc
1093 3920 1171 3966 vero
1192 3904 1267 3984 quia

106 4071 114 4084 ι
170 3994 368 4074 lillernntur,
399 4008 518 4063 certem
544 4010 590 4062 est
614 4003 994 4083 concameratam,
1016 4012 1046 4066 et
1065 4020 1137 4065 cem
1156 4002 1271 4065 recolis

172 4100 363 4163 menter
384 4112 447 4165 etc.
469 4122 486 4159 n
510 4100 652 4182 lteoqoe
672 4104 773 4179 alibi,
806 4102 946 4167 Humilia
970 4103 1026 4168 lx.
1057 4104 1095 4165 in
1115 4100 1270 4168 Numeros

173 4212 197 4254 t.
215 4194 242 4261 8.
260 4211 447 4280 peccatores
468 4204 616 4266 hortatus
633 4203 671 4264 ad
688 4206 929 4285 poenitentiam,
945 4223 984 4269 ac
999 4222 1116 4286 poenas
1130 4221 1192 4285 pro
1205 4204 1269 4267 lllls

175 4292 200 4355 in
216 4298 271 4363 hac
293 4304 357 4366 rita
378 4304 592 4376 sufferendas,
607 4304 653 4366 ait
666 4294 742 4367 istas
763 4307 795 4369 ln
813 4306 876 4368 troc
895 4307 1009 4369 seculo
1025 4304 1175 4370 suillccre
1196 4322 1268 4385 pos·

174 4414 211 4472 te,
229 4401 280 4464 ali
295 4404 506 4485 poenitentioe
525 4414 644 4486 tempus
667 4415 696 4471 ct
715 4404 947 4488 satisfactionis
966 4404 1148 4471 conceditur
1166 4406 1265 4471 locas.

179 4496 438 4587 canescentem,
459 4523 578 4588 pesum
593 4508 819 4588 peccatoribus
839 4508 937 4591 iutligi
952 4508 992 4573 ad
1013 4510 1264 4592 resipiscentiam
