3375 5567
184 750 259 817 iliis
276 748 444 833 expiatur,
465 746 590 815 scilieet
611 766 630 813 a
652 746 814 825 tenebris,
842 746 1093 829 acorruptione
1119 751 1154 810 et
1173 753 1302 827 morte;

181 874 270 935 quae
288 853 391 917 omnia
414 869 495 915 caro
516 852 639 932 peccati
662 851 693 913 iu
712 870 747 913 se
768 850 953 913 admiserat.
976 847 1105 924 Quibus
1126 847 1233 911 verbis
1251 864 1303 911 ea·

182 958 223 1019 iis
247 958 374 1035 iusuper
394 952 534 1038 Nysseni
560 972 648 1017 meus
681 954 853 1028 clarescit,
879 967 1085 1033 muranum
1110 966 1147 1013 se
1165 947 1207 1011 de
1226 947 1304 1013 doe·

181 1058 285 1119 moeis
301 1056 409 1118 salute
430 1055 474 1118 iai
495 1056 714 1130 contendisse,
736 1056 857 1135 quippe
877 1053 925 1117 oti
944 1052 1100 1133 spiritus,
1128 1052 1161 1114 iu
1180 1050 1220 1114 'se
1241 1066 1305 1113 non

180 1156 332 1218 admittat
350 1174 412 1219 nec
434 1154 595 1224 tenebras,
617 1172 675 1217 nec
696 1155 952 1233 corruptionem,
974 1170 1034 1214 nec
1053 1149 1233 1212 interitum.

262 1253 387 1319 Deinde
406 1260 535 1334 sumptu
557 1255 630 1317 anri
651 1254 861 1317 similitudine
880 1254 1066 1335 perignem
1097 1250 1231 1330 expiati,
1254 1268 1305 1313 se·

182 1358 251 1421 dnli
271 1354 544 1436 aurifluisopera,
566 1372 720 1435 quacum,
743 1356 785 1418 oli
806 1356 888 1434 iguis
904 1356 968 1415 vim
989 1349 1198 1417 consumendi
1212 1350 1307 1431 qnid·

184 1458 260 1537 qnid
283 1458 350 1520 sile
372 1466 405 1520 et
419 1457 562 1519 alienum
584 1456 783 1520 eidemanro
804 1458 920 1528 inerat,
938 1455 989 1531 (da
1009 1469 1075 1533 qna
1090 1450 1306 1515 similitudine

103 1567 104 1618 i
187 1558 260 1620 simi
282 1558 510 1621 disserendum
535 1558 618 1632 erit)
642 1556 781 1637 adjecit:
812 1552 1028 1619 Verumtamen
1052 1550 1129 1617 auri
1151 1552 1307 1632 mum

180 1670 226 1720 est
242 1656 429 1733 medicatio,
448 1658 534 1738 quod
552 1655 671 1736 inipso
685 1656 843 1739 eliquetur
861 1654 1020 1737 quidquid
1028 1655 1072 1717 ad
1084 1653 1159 1717 dorsi
1170 1651 1307 1718 eciderit

103 1745 108 1828 ι’
181 1760 217 1822 is
237 1780 272 1821 eo
292 1756 435 1840 positum
453 1759 571 1837 suerat.
595 1755 711 1821 Eodem
741 1758 834 1821 modo
856 1755 952 1822 uiam
971 1774 1044 1819 cum
1062 1774 1150 1820 more
1178 1763 1209 1817 et
1226 1752 1307 1819 iota·

178 1863 266 1924 ηἰιιι
287 1870 318 1922 et
337 1859 490 1933 tenebrae,
512 1866 541 1920 rt
559 1856 589 1921 ri
607 1857 678 1939 puis
706 1867 751 1920 est
769 1857 858 1922 alius
876 1856 952 1922 uitii
972 1859 1097 1939 Ιοιιιιι,
1118 1857 1242 1920 admo
1261 1874 1309 1919 ee·

180 1970 250 2023 mr
271 1956 433 2021 incentori
452 1956 533 2019 urnii
543 1999 556 2030 ,
576 1957 658 2020 idest
679 1960 781 2031 carni,
804 1958 925 2020 homini
949 1956 1123 2029 exteriori,
1149 1956 1207 2035 qui
1230 1955 1306 2019 talla

181 2060 285 2124 sniiiit
306 2058 404 2132 mala,
426 2054 556 2118 diuinae
574 2054 706 2119 uirtutis
724 2054 1005 2136 appropinquatio,
1028 2052 1116 2119 Dens
1133 2055 1257 2118 scilicet
1276 2054 1309 2117 iu

181 2160 330 2241 ejusdem
346 2158 454 2221 carnis
468 2157 697 2237 assumptione,
712 2154 798 2219 iliud
816 2158 933 2232 deleam
948 2156 1033 2238 pund
1054 2163 1146 2219 estro
1157 2163 1309 2219 murato

185 2269 268 2334 erat,
302 2264 471 2339 peccatum
492 2257 524 2320 in
555 2274 665 2332 carue,
687 2254 869 2337 beneficium
896 2254 1149 2337 incorruptionis
1172 2255 1306 2336 consui,

183 2357 333 2444 quamuis
353 2353 513 2420 laboriosa
531 2356 575 2419 eit
595 2355 776 2438 hujusmodi
794 2354 934 2421 secretio.
958 2355 1055 2420 Ηίιιιο
1073 2356 1198 2437 positis,
1224 2372 1307 2437 qna·

191 2478 265 2523 nam
297 2458 438 2531 ratione,
455 2458 483 2520 ei
513 2455 700 2538 hujusmodi
719 2457 845 2523 locutio
875 2456 916 2519 de
936 2455 1094 2519 doemone
1119 2454 1306 2537 accipienda

191 2562 288 2636 iorei,
318 2574 458 2639 quanam
483 2560 621 2631 ratione,
648 2556 792 2638 inquam,
818 2573 1013 2634 asseremus,
1045 2554 1176 2620 diabolo
1206 2556 1308 2621 veluti

193 2664 309 2725 naam
331 2658 504 2723 accessisse
528 2658 668 2721 divinam
701 2658 880 2737 virtatem,
909 2658 1006 2740 eique
1030 2656 1307 2738 incorruptionem

197 2756 382 2841 elargitam?

265 2859 356 2936 Quae
387 2877 467 2923 sero
489 2859 584 2922 dirus
613 2858 793 2939 Gregorius
814 2857 957 2923 sals'lsis
977 2857 1172 2923 dictionibus
1194 2856 1308 2923 scribit

190 2960 283 3023 nenti
311 2961 509 3040 apostolicae
540 2958 738 3034 obsecutus,
760 2958 874 3023 eadem
904 2958 1017 3041 objicit
1046 2956 1232 3022 diatiodios
1261 2976 1305 3023 ex

191 3078 214 3123 ι.
230 3058 408 3141 Epiphanio
423 3059 463 3123 de
478 3060 614 3124 flueresi
624 3058 675 3125 til.
687 3078 718 3122 a.
731 3056 782 3126 od.
800 3060 855 3123 obi
875 3059 1027 3136 ostendit,
1042 3078 1085 3123 ex
1105 3057 1205 3122 divini
1219 3076 1308 3123 man·

192 3158 254 3221 dati
276 3160 450 3223 violatione
470 3178 530 3241 per
549 3160 759 3240 cupiditatem
782 3160 813 3221 in
835 3178 893 3224 uos
914 3160 1079 3225 intectum
1100 3178 1172 3223 esse
1192 3176 1308 3241 pecca·

193 3268 270 3335 turn,
294 3261 382 3323 unde
392 3262 497 3324 omnia
520 3261 711 3343 prodierunt
725 3261 957 3340 cogitationum
972 3260 1134 3324 malarum
1148 3260 1302 3340 permina.

195 3358 281 3423 «Ob
294 3361 393 3435 enim,
407 3360 464 3436 ait,
486 3360 569 3423 illud
593 3369 777 3441 peccatum,
799 3361 886 3439 quod
909 3362 941 3423 in
962 3378 1060 3425 carne
1079 3370 1190 3423 nostra
1217 3361 1307 3425 huil-

193 3468 247 3535 ιιι,
269 3460 390 3523 diaboii
413 3460 483 3539 lege
503 3461 716 3525 delectamur.
739 3459 867 3525 Etenim
887 3462 944 3525 lex
965 3461 1037 3538 iila,
1058 3478 1145 3541 quae
1163 3478 1239 3525 eum
1259 3460 1307 3524 di-

105 3605 106 3614 ,
189 3561 256 3621 risa
277 3570 412 3641 pugnat,
435 3562 530 3641 eique
552 3563 683 3638 resistit,
708 3562 739 3624 ln
761 3562 859 3625 animi
874 3562 976 3625 nostri
995 3562 1172 3642 cupiditate
1187 3562 1305 3640 positan

190 3660 243 3720 illa
264 3661 332 3740 ipsa
353 3669 415 3735 est,
437 3680 522 3741 quae
544 3662 746 3726 turbulentas
767 3670 799 3725 et
822 3663 978 3726 materiae
1001 3660 1089 3724 iaece
1111 3660 1305 3741 implicatas,
1439 3672 1444 3681 ·

187 3768 217 3821 et
237 3759 277 3821 ad
309 3760 550 3840 improbitatem
571 3763 738 3843 dissipatas
766 3764 976 3843 cogitationes
1001 3761 1174 3841 producite
1202 3779 1303 3842 quae·

186 3878 250 3938 que
281 3860 426 3939 ingentes
446 3864 575 3925 omuino
609 3863 648 3924 ed
673 3864 857 3945 voluptates
889 3862 986 3925 habet
1016 3861 1201 3927 illecebras.
1223 3882 1241 3921 s
1267 3862 1304 3925 ln

186 3976 222 4021 ea
243 3978 341 4024 carne
364 3960 478 4040 utique
500 3963 587 4023 seuit
606 3960 767 4038 Christus,
790 3964 902 4043 ibique
914 3981 949 4027 se
969 3981 1004 4026 se
1026 3965 1203 4037 insinuans,
1218 3979 1305 4026 eam·

184 4058 322 4138 demone
342 4062 437 4139 qnasi
461 4060 604 4124 medicus
624 4072 813 4127 curaturus.
840 4060 1053 4144 Quapropter,
1072 4065 1160 4129 subit
1189 4061 1307 4147 Nyssa-

186 4178 257 4238 uas,
279 4180 377 4243 sepire
397 4159 553 4243 amdipere
571 4162 608 4225 in
627 4182 657 4227 re
673 4164 790 4244 poterii
810 4165 1015 4229 ademarius
1036 4173 1129 4229 retus
1151 4164 1304 4227 nimirum

186 4257 280 4321 homo
300 4260 331 4321 iu
353 4276 452 4323 carne
473 4262 610 4340 peccati,
631 4260 713 4341 puio
732 4263 816 4344 quad
835 4264 957 4344 (auum
976 4272 1036 4337 est,
1056 4263 1097 4327 u't
1119 4263 1256 4345 jurum,
1276 4270 1306 4326 st

184 4358 333 4436 minore,
351 4357 511 4444 siquidem
524 4360 663 4442 dammi
682 4380 806 4429 rourum
820 4361 858 4426 ia
876 4381 909 4426 re
920 4372 1067 4444 repertur
1085 4360 1200 4446 (uerit,
1215 4364 1304 4446 qood
