3375 5567
149 776 371 858 stabilislaujua
393 776 504 840 muudi
534 785 719 840 ereaturam
741 780 772 840 iu
802 777 1000 840 deteriorem
1032 775 1247 840 conditionem

148 880 231 942 laissa
249 895 458 954 conversam,
482 881 525 942 ita
553 888 659 940 tamen
682 889 718 941 ut
743 878 920 958 aliquando
942 879 973 941 iu
996 879 1166 960 pristinum
1187 884 1251 939 sta·

149 989 204 1042 tam
218 980 580 1060 reparandasi13quotl
602 997 678 1044 aune
699 978 849 1044 iuturuua
865 988 925 1055 eat,
941 997 1016 1044 oum
1032 979 1087 1044 liet
1108 980 1249 1044 filiorum
1299 1053 1302 1058 Ι

146 1078 194 1144 llei
212 1079 414 1159 glorilleatio.
443 1080 475 1146 S.
498 1079 718 1162 Hieronymus
741 1079 980 1146 Commentario
1002 1080 1035 1144 in
1061 1080 1178 1143 lsos'om
1200 1078 1251 1141 Li·

145 1182 194 1244 tao
211 1179 299 1244 xlv.
321 1199 365 1245 ea
387 1179 514 1246 Psalmo
537 1183 702 1245 recitatis:
732 1183 816 1246 sieut
834 1182 971 1261 patrium
992 1180 1131 1244 involves
1152 1181 1250 1242 sorios

141 1281 404 1355 tumulentur,
431 1283 478 1346 sio
498 1283 608 1347 dicero
635 1284 766 1364 pergit:
791 1307 809 1345 s
831 1283 914 1348 llino
944 1283 1126 1348 ostenditur
1146 1282 1251 1364 pordi-

145 1383 250 1446 tiouern
271 1383 464 1457 coelorum,
493 1399 557 1448 uon
578 1385 748 1448 interitum
772 1404 889 1449 sunere
910 1386 964 1450 sed
987 1387 1196 1448 mutationem
1219 1385 1250 1445 iu

144 1484 258 1548 melius.
283 1482 330 1546 llo
352 1486 470 1565 quitus
489 1485 610 1548 dieitur
625 1486 669 1562 (iu
687 1486 882 1568 Apocalypsi
897 1507 925 1551 o.
942 1486 1041 1562 xxi.)
1058 1485 1118 1548 erit
1131 1486 1250 1548 eoelum

143 1596 289 1652 mmet
313 1597 599 1669 anonumum
622 1607 678 1668 syo
691 1585 810 1667 [enisos
826 1605 1009 1668 prrmners
1031 1588 1066 1650 in
1086 1595 1251 1667 eonspectae

143 1707 249 1752 nso...
271 1685 367 1753 Unde
385 1697 418 1752 et
437 1691 540 1752 omnis
560 1696 713 1753 urenturn
743 1691 951 1771 oongemlsoit
972 1699 1004 1754 et
1025 1690 1166 1769 parturit
1191 1707 1248 1751 oa·

143 1796 263 1869 metans
293 1789 524 1854 revolutionem
546 1789 692 1854 illiorum
723 1788 805 1867 liei,
829 1795 866 1853 ut
895 1796 1041 1854 mutetur
1061 1791 1094 1852 in
1121 1788 1248 1852 melina.

143 1888 244 1967 Quum
256 1896 368 1956 eutem
382 1891 510 1954 eoelum
534 1897 763 1955 veterasceret
780 1900 881 1966 terra,
897 1898 1131 1972 nouosqueutor
1148 1897 1181 1954 et
1198 1909 1249 1966 ea,

142 2009 217 2070 qnae
237 1989 322 2054 oneli
342 1991 469 2056 circulo
486 1993 708 2063 eontinentur,
726 1999 760 2054 ot
780 1991 937 2066 homines,
959 1993 1108 2071 quisunt
1129 1991 1252 2054 habita·

144 2101 221 2156 tores
243 2101 364 2168 terrae,
384 2092 470 2155 aient
484 2092 564 2156 uano
584 2094 779 2170 morientum
796 2110 859 2155 unu
879 2093 911 2155 in
930 2092 1097 2156 interitum
1116 2094 1179 2168 sni,
1195 2094 1249 2156 set

143 2195 169 2256 in
191 2194 429 2257 absolutionem
451 2192 583 2255 vilitatis
613 2194 766 2271 autiquae
786 2200 820 2256 et
850 2191 1090 2255 innovationem
1119 2191 1249 2256 luturae

141 2295 267 2374 gloriae,
288 2296 421 2374 quaudo
436 2293 600 2374 (elysium
613 2293 698 2376 justi
711 2295 796 2356 siout
814 2294 883 2367 sol,·
899 2303 931 2358 ot
950 2295 1144 2358 abeuntibus
1158 2311 1249 2375 prae·
1304 2305 1308 2314 ·

142 2397 235 2460 teritis
255 2403 355 2477 atque
376 2397 531 2475 antiquis,
554 2396 636 2459 lanto
660 2396 782 2461 luerint
803 2386 910 2458 omnia
933 2415 1028 2460 nura.
1053 2417 1070 2452 s

209 2494 243 2558 S.
259 2496 400 2558 loannes
420 2492 671 2578 chrysostomus
688 2494 828 2559 Romilia
846 2494 933 2559 xlv.
956 2494 992 2558 in
1013 2495 1184 2576 Epistulam
1206 2497 1248 2563 art

142 2591 290 2658 lienosos
317 2593 561 2660 altariolum
583 2595 670 2660 leuno
699 2598 855 2660 muudum
878 2615 1047 2678 porsonam
1068 2617 1136 2662 osse
1159 2597 1250 2677 lingit

141 2695 322 2776 Apostolum
343 2697 431 2778 quorl
453 2706 486 2760 et
508 2697 689 2778 Prophetae
711 2697 849 2773 leniunt,
868 2700 945 2763 dnm
967 2697 1082 2763 lurion
1103 2701 1250 2762 manibus

141 2798 322 2877 olonnenses
341 2799 512 2870 inducunt,
533 2809 567 2862 ot
588 2801 690 2863 eolles
709 2799 872 2872 salientes,
895 2807 927 2862 et
952 2810 1076 2864 montes
1097 2801 1247 2864 exultan-

140 2909 196 2963 tes.
275 2899 469 2964 Creatorem
491 2900 533 2962 ibi
556 2918 725 2980 oeraounru
746 2921 815 2964 usse
836 2902 942 2980 lingit,
958 2904 1069 2982 aitque
1090 2903 1179 2964 illurn
1202 2903 1247 2964 in·

140 3003 306 3079 sennense
321 3012 353 3064 et
368 3004 545 3082 parturire:
570 3021 632 3064 nnn
650 3001 737 3083 qnod
761 3003 915 3079 gemitum
937 3003 1121 3082 quempiam
1140 3002 1247 3064 audie·

142 3105 177 3165 rit
196 3125 216 3168 e
237 3113 325 3168 terro
347 3111 379 3167 ot
399 3105 494 3166 coelo
514 3105 678 3166 emissum.
692 3147 722 3165 ..
741 3102 862 3165 Deinde
883 3103 985 3166 odiit.-
1007 3103 1248 3183 «corruptioni

139 3205 276 3286 subjecta
298 3213 346 3268 est
368 3205 558 3282 (ereatura).
583 3202 713 3280 Quare?
736 3212 921 3282 propterte
944 3204 1150 3266 homiuem...
1164 3200 1252 3264 llale

140 3305 244 3368 alonia
265 3314 315 3369 est
336 3313 471 3385 propter
493 3313 539 3378 te,
558 3315 591 3367 et
613 3304 838 3385 corruptibilia
860 3302 943 3366 lanta
966 3311 1038 3379 est;
1064 3314 1096 3365 et
1117 3309 1251 3382 propter

140 3414 166 3468 te
184 3407 440 3487 incorruptibilis
461 3425 576 3470 rursus
600 3406 712 3470 lutura
742 3414 815 3468 eat:
843 3406 904 3468 lano
929 3406 1012 3468 eninr
1038 3404 1096 3466 sibi
1120 3404 1190 3466 ruli
1212 3405 1248 3466 il·
1300 3455 1304 3462 .

140 3506 190 3571 lud
211 3508 246 3570 is
266 3525 338 3587 sps.
352 3507 500 3571 ..llicitn
521 3526 585 3588 qua
605 3504 681 3587 spe?
703 3506 773 3570 lore
795 3514 885 3569 utet
906 3506 972 3586 ipsu
995 3513 1146 3568 creatura
1168 3505 1247 3568 lille·

120 3621 300 3702 ,returete
319 3630 336 3668 s
360 3609 405 3672 lta
421 3611 563 3672 sentiunt
586 3607 746 3672 Eusebius
757 3606 989 3680 Caesariensis,
1010 3603 1155 3686 Cyrillua
1173 3603 1247 3666 lliu-

140 3711 396 3791 rosolymitanus‚
419 3708 633 3787 Augustinus,
656 3705 895 3780 Theodoram,
918 3705 1096 3785 Gregorius
1113 3705 1248 3770 Nerion·

140 3827 242 3887 aeuns,
257 3813 446 3890 ceterique:
470 3828 613 3889 quorum
628 3809 908 3889 interpretationes
923 3809 1114 3886 complexus
1130 3807 1247 3871 Corne·

140 3909 197 3974 lius
224 3929 241 3972 a
265 3911 386 3991 Lepide
415 3912 446 3972 in
468 3912 555 3974 nune
584 3911 694 3974 locum
718 3912 853 3974 sestotts
878 3931 895 3968 s
923 3909 1043 3972 (luanus
1076 3920 1246 3971 ornaturae

138 4015 227 4076 etiarn
248 4013 460 4086 insensibiles,
475 4012 657 4075 aridissime
677 4018 849 4090 expectant
870 4017 1007 4088 ternpus,
1030 4028 1096 4090 qun
1114 4007 1169 4071 lilii
1192 4007 1248 4069 liri

139 4108 235 4187 gloria
257 4112 477 4184 donabuntur,
492 4122 529 4173 ut
551 4128 626 4174 oum
641 4111 700 4181 uis.
722 4109 840 4188 quinus
859 4108 1055 4182 servierunt,
1078 4108 1170 4186 qnasi
1192 4109 1247 4168 dn·

140 4213 250 4288 ninia,
272 4216 360 4293 ipsse
380 4231 513 4292 quoque
533 4229 625 4275 suam
647 4212 796 4290 glorium,
822 4212 1062 4274 renovationem
1084 4227 1121 4272 ao
1143 4209 1247 4288 perle-
1323 4235 1326 4242 ¹

139 4315 281 4388 ctionem,
305 4323 457 4393 tanquam
481 4312 594 4375 larnnli
616 4313 784 4392 occipiunt.
812 4309 968 4374 creature
990 4313 1043 4374 lale
1065 4311 1246 4384 austensii,

140 4413 304 4488 elementa,
326 4415 498 4492 omnisque
520 4421 639 4476 creata.
665 4433 682 4468 »
