3375 5567
449 650 511 715 378
851 754 992 822 CAPUT
1014 755 1163 821 xxvttt.

454 956 529 1019 item
551 958 655 1019 saneti
679 958 795 1023 Basilii
815 969 843 1023 at
867 960 1001 1024 Diodori
1021 963 1192 1025 diluantur
1211 972 1397 1042 argomento
1413 962 1545 1025 mesas

499 1058 648 1139 Origenis
669 1061 912 1125 commentarios
925 1063 962 1125 in
975 1066 1113 1127 eumdem
1130 1061 1280 1126 Gensssos
1297 1063 1421 1126 librans.
1436 1060 1547 1124 omns

493 1164 528 1225 de
553 1160 679 1226 Conone
700 1180 862 1227 sacrorum
887 1162 1065 1227 Bibliorom
1080 1163 1182 1245 juata
1204 1160 1353 1243 origenis
1371 1158 1540 1224 matrim,

454 1310 566 1431 Huic
577 1366 738 1431 Eustatbii
754 1368 795 1431 ob
808 1368 869 1429 boe
881 1368 1113 1449 interpretandi
1128 1384 1228 1447 geuus
1243 1368 1336 1430 nimis
1350 1382 1479 1428 severae
1489 1382 1547 1427 eeu·

450 1486 547 1533 surae
563 1471 717 1532 adversus
731 1468 918 1549 Origenem,
934 1470 1057 1533 aceedit
1076 1470 1163 1550 quod
1179 1488 1204 1531 s.
1222 1467 1362 1531 Basilius
1374 1464 1548 1530 seribitSer·

453 1588 546 1635 mone
563 1568 620 1633 ill.
638 1589 667 1632 u.
683 1567 1000 1635 sinuessanae:
1016 1571 1220 1633 ostensiori
1240 1566 1405 1649 Epistulae
1417 1566 1548 1630 iustinia-

452 1676 483 1735 ni
505 1672 544 1734 uel
568 1670 739 1743 blenuam,
765 1674 851 1734 visus
871 1681 919 1733 est
939 1692 966 1733 s.
990 1669 1113 1734 llootor
1133 1670 1282 1749 Origenis
1303 1685 1469 1748 personam
1488 1682 1548 1727 ene

453 1774 590 1837 tundere
612 1774 653 1835 ob
674 1792 724 1848 ea,
748 1790 832 1855 quae
853 1773 1001 1851 scripsit,
1024 1774 1197 1852 anagogiae
1218 1772 1450 1847 interpretatus
1467 1782 1549 1846 sousa

453 1875 655 1938 firmamento
671 1877 869 1953 superiores,
892 1894 952 1937 eeu
968 1875 1091 1953 legitur
1111 1877 1145 1936 in
1162 1875 1297 1935 bistoria
1319 1872 1500 1936 Creatiouis.
1514 1865 1549 1929 tu

453 1994 592 2055 namquo
613 1976 659 2037 alt
680 1994 704 2037 s.
730 1973 888 2038 basiliuss
913 1996 928 2033 a
952 1974 1052 2038 Nobis
1076 1993 1155 2037 vero
1175 1975 1335 2035 adsersus
1356 1970 1502 2052 questam
1519 1968 1550 2028 le

344 2122 364 2136 ·.
455 2076 598 2141 Ecclesia
620 2094 727 2139 sermo
756 2085 805 2139 est
828 2079 916 2139 cirea
938 2094 1040 2156 eques
1060 2094 1078 2138 a
1101 2094 1136 2138 se
1165 2075 1357 2152 disparatas.
1381 2072 1420 2135 lit
1442 2071 1551 2151 guilan

451 2178 497 2239 sie
512 2187 684 2257 praetextu
706 2194 819 2239 seusus
838 2177 1003 2255 anagogici
1019 2185 1050 2238 et
1073 2177 1275 2239 sublimioris
1291 2173 1509 2253 intelligentiae
1520 2168 1551 2231 al

451 2279 625 2358 allegorias
645 2297 679 2340 se
704 2277 917 2350 transierunt,
934 2294 972 2339 ao
986 2276 1179 2355 sullugiunt,
1202 2285 1396 2348 asserentes,
1418 2272 1551 2354 notenses

452 2379 610 2457 quasdam
643 2378 830 2458 spirituales
852 2386 885 2440 et
906 2380 1054 2457 eorporis
1082 2385 1233 2457 expertes
1256 2378 1384 2456 tropice
1404 2370 1551 2456 significari

453 2495 512 2557 uer
533 2496 658 2557 aquas:
682 2487 714 2541 et
733 2496 875 2557 superne
896 2479 1029 2559 quidem
1049 2496 1148 2557 supra
1165 2478 1409 2540 firmamentum
1429 2482 1549 2555 praesta·

454 2578 586 2641 biliores
609 2581 759 2641 mansisse
772 2594 783 2657 3
816 2578 940 2641 inierue
964 2596 1042 2642 sero
1063 2580 1096 2640 iu
1124 2579 1260 2641 terrenis
1285 2595 1327 2641 ae
1349 2574 1548 2641 materialibus

450 2679 531 2741 loeis
551 2680 745 2755 subsedisse,
767 2697 854 2758 quae
871 2687 964 2742 eruut
985 2680 1155 2758 malignae.
1183 2679 1309 2741 ideireo
1334 2680 1445 2742 dieunt
1461 2684 1492 2739 et
1507 2691 1549 2735 eas

454 2798 567 2859 aquas,
582 2799 666 2860 quae
688 2799 788 2861 snper
803 2781 913 2843 coelos
933 2790 1009 2844 sunt
1024 2782 1218 2855 oollooatae,
1243 2778 1351 2843 ileum
1375 2776 1551 2848 laudasne

452 2882 522 2945 tlest
544 2883 660 2961 probas
677 2884 749 2946 illas
771 2884 937 2958 essentias,
954 2900 1039 2963 quae
1060 2882 1174 2961 dignae
1189 2890 1264 2943 sunt
1286 2882 1332 2943 ob
1347 2882 1459 2945 mentis
1477 2877 1551 2958 puri·

454 2991 564 3058 tutem,
587 2984 751 3046 decentem
774 2992 804 3047 et
826 2984 1101 3049 accommodatam
1126 2983 1264 3046 reddere
1284 2982 1419 3047 lautlem
1439 2978 1551 3045 Creato-

455 3085 493 3144 ri.
511 3083 621 3163 thuas
636 3092 746 3146 autem
762 3101 827 3159 eas,
847 3100 934 3164 quae
953 3084 1016 3147 sub
1029 3085 1129 3148 coelis
1150 3084 1360 3159 desederunt,
1375 3100 1412 3146 ea
1427 3099 1491 3144 esse
1503 3077 1552 3157 sni·

452 3184 582 3247 ritualia
605 3186 768 3264 nequitiae
788 3191 821 3246 et
856 3184 1074 3263 improbitatis
1095 3202 1113 3247 a
1145 3184 1288 3247 naturali
1319 3183 1511 3248 sublimitate
1527 3180 1550 3239 iu

454 3288 550 3349 imam
576 3288 673 3350 totius
695 3286 876 3350 vitiositatis
900 3287 1086 3366 voraginem
1108 3285 1250 3366 delapsa.

534 3386 629 3450 «llas
651 3389 815 3466 improbus
837 3398 959 3451 mentes
976 3390 1023 3451 uti
1045 3387 1263 3461 turbulentas,
1281 3396 1319 3449 ut
1340 3386 1509 3457 seditiosas,
1524 3389 1552 3443 ut

453 3489 629 3552 allaetuum
650 3498 682 3551 et
697 3489 979 3570 perturbationum
996 3490 1148 3570 procellis
1169 3506 1208 3553 ae
1229 3489 1361 3551 turbiue
1379 3486 1552 3551 buetuautas

455 3600 487 3653 et
517 3601 743 3655 exaestuantes
773 3589 877 3654 morin
905 3600 1108 3671 nuncupatas
1131 3591 1230 3654 luisse
1259 3600 1412 3653 asserunt
1439 3594 1553 3667 propter

456 3693 643 3755 mutationis
657 3691 845 3755 facilitatem
866 3699 898 3755 et
913 3691 1154 3755 instabilitatem
1169 3700 1321 3754 motuum
1339 3690 1436 3752 animi
1456 3704 1490 3749 aa
1509 3700 1552 3745 ro·

456 3793 600 3858 luntatis.
618 3790 675 3857 llis
696 3794 796 3873 igitur
811 3793 929 3875 eteius
951 3795 1076 3873 generis
1092 3794 1268 3866 sententiis,
1284 3800 1322 3855 ut
1335 3809 1422 3873 quae
1435 3785 1553 3852 somnio

456 3890 530 3956 rulu
552 3893 747 3973 conjecturis
762 3902 795 3958 et
815 3894 954 3957 ouilibus
976 3894 1102 3957 tabellis
1116 3894 1333 3958 oouiereutlae
1357 3894 1494 3963 veniunt,
1513 3902 1553 3948 re·

456 3990 582 4073 legatis,
603 4010 722 4073 aquam
738 4011 794 4057 uos
814 4001 853 4057 ut
872 4009 990 4074 aquam
1011 3992 1242 4073 intelligamus,
1264 4000 1296 4055 et
1316 3990 1551 4071 segregationem

457 4095 574 4158 laetam
603 4095 777 4159 humorum
800 4112 817 4155 a
840 4093 1044 4157 firmamento
1067 4108 1247 4168 escensa,
1278 4109 1378 4172 quam
1399 4085 1552 4168 assiguat'r

457 4214 541 4270 mus,
564 4196 771 4276 accipiamus.
795 4194 906 4273 nsque
932 4197 1029 4257 etiam
1050 4195 1210 4274 siquando
1229 4212 1336 4275 aquae
1356 4192 1450 4266 illae,
1469 4202 1553 4264 supet

455 4298 565 4361 eoelos
585 4306 660 4361 sunt
681 4295 862 4359 oolloeatae
883 4313 1088 4360 communem
1108 4297 1254 4361 omuium
1268 4295 1439 4359 llomiuum
1455 4287 1551 4352 laula-

455 4417 492 4460 re
515 4400 696 4474 tradantur,
719 4414 781 4459 non
805 4404 940 4460 naturas
962 4398 1086 4460 ratione
1108 4397 1271 4477 praeditas
1291 4396 1334 4460 ob
1354 4396 1386 4458 itl
1407 4394 1476 4457 illas
1493 4402 1551 4449 esse

453 4500 668 4564 deseruimus.
687 4496 802 4577 Neque
821 4498 906 4561 euim
927 4498 1011 4561 ooeli
1031 4500 1137 4563 anima
1152 4499 1220 4563 ulla
1243 4497 1467 4568 iulormautur,
1485 4484 1550 4567 qaia
