3375 5567
160 789 245 856 ertu
268 797 297 858 et
315 805 446 865 neom,
469 797 507 852 ut
528 806 569 852 ne
589 791 690 872 pessit
705 788 798 871 juste
824 786 935 852 didere
953 787 1073 853 oeulus
1093 789 1224 868 nunni,

158 892 292 958 menia
318 889 394 956 milit
412 909 477 954 soa
504 909 545 955 es.
567 891 600 956 Si
627 899 741 958 ants·
761 890 882 972 aliquis
906 908 949 954 ex
968 897 1039 955 toto
1060 888 1227 956 lloolesies

157 1011 260 1076 opera
279 994 422 1058 ridentur
443 1011 557 1060 uenus
577 999 713 1073 prepter
735 992 880 1074 allqusm
902 999 1025 1071 aetum,
1046 1011 1226 1060 eonsersns

157 1106 235 1160 erton
259 1096 355 1160 laetus
385 1095 486 1160 inerit
511 1093 755 1172 seandaliasns,
776 1095 897 1160 oeulos
923 1094 1011 1160 diest
1037 1092 1227 1176 hujusmodl
1258 1137 1263 1154 ,

157 1199 246 1274 serni,
264 1195 433 1262 massoria
456 1195 535 1262 milri
556 1215 621 1262 nort
642 1216 687 1273 rs,
710 1205 742 1262 et
769 1197 878 1261 dicens
897 1215 969 1261 eam
995 1199 1172 1279 praecidet,
1193 1205 1228 1264 et

155 1300 258 1380 plere
275 1319 317 1365 ss.
339 1321 356 1358 s
378 1298 421 1364 llt
439 1301 488 1362 sie
508 1298 549 1363 ds
569 1299 711 1376 esteris,
731 1300 765 1362 in
785 1299 906 1380 quites
930 1299 1131 1380 potissimum
1152 1298 1228 1363 Ori·

155 1418 221 1482 penes
237 1402 410 1466 considerat
431 1403 602 1466 haeresum
631 1409 665 1466 et
684 1403 928 1466 haeretieorum
947 1401 1120 1478 seandala,
1142 1419 1228 1482 quse
1281 1439 1286 1446 ·
1414 1408 1419 1418 '

153 1503 181 1564 al
191 1499 312 1568 Ecclesia
327 1503 470 1568 tollendo
489 1511 578 1578 sunt,
594 1519 633 1566 ue
655 1509 761 1566 toturn
776 1501 921 1566 fldelinru
943 1520 1065 1583 eorpus
1077 1502 1225 1583 perdant.

153 1599 420 1668 ldndrordinatins
439 1602 481 1666 de
495 1602 667 1682 proximis,
687 1602 945 1668 seudomostieis
965 1603 1128 1684 loquitur,
1144 1621 1227 1684 quos

152 1703 214 1766 solis
229 1705 408 1769 sorndalnns
428 1703 603 1768 inferentes
622 1719 661 1768 ee
680 1705 742 1768 suls
763 1705 885 1769 eisdem
911 1720 1079 1780 munuum,
1104 1705 1226 1786 pedum

152 1813 174 1866 et
191 1802 343 1869 oculorum
371 1805 553 1870 nominibus
584 1815 867 1886 repraesentatos,
889 1806 1032 1888 abjicere
1058 1807 1224 1872 dommus·

152 1905 184 1968 le
206 1907 317 1972 tandem
342 1907 405 1972 snb
431 1907 553 1972 eisdem
575 1907 741 1972 vocabulis
768 1907 846 1971 dicit
874 1908 1105 1988 comprehendi
1131 1927 1227 1989 posse

152 2008 241 2072 tunae
258 2011 323 2074 sire
355 2010 532 2076 voluntatis
551 2016 681 2074 nostroe
706 2017 798 2074 aetna
820 2011 1012 2074 intrinsecos
1041 2011 1225 2092 etquidem

152 2109 232 2172 salos:
251 2131 267 2170 α
287 2109 398 2176 Potest
417 2117 527 2174 antem
548 2116 583 2174 et
601 2111 647 2174 sie
668 2108 818 2190 lntsllipi,
842 2117 881 2173 ut
900 2119 996 2175 aetus
1015 2112 1141 2175 animae
1154 2130 1228 2192 pee-

150 2225 211 2288 urs,
230 2229 335 2276 mous
355 2211 580 2292 intelligatur:
602 2221 636 2276 et
657 2212 799 2276 inoessus
826 2211 954 2276 animae
976 2229 1124 2294 peresus,
1146 2232 1224 2294 pest

150 2313 255 2378 erius
273 2317 398 2380 animae
418 2332 567 2396 poenus,
588 2313 717 2378 oeulos:
733 2330 817 2394 quos
831 2322 964 2394 oportet
984 2316 1184 2395 praecidere,
1199 2317 1227 2378 si

150 2415 298 2482 erutum
319 2418 525 2482 iaeinntete.
548 2437 565 2476 n
588 2414 682 2492 Quae
704 2417 810 2480 omnis
832 2417 877 2479 ite
901 2419 1048 2498 exposita
1070 2397 1226 2483 iuratori

150 2513 219 2580 laios
236 2518 503 2600 interpretatione
514 2519 663 2599 quisquis
671 2518 808 2600 *legerit
826 2519 859 2580 in
872 2519 1000 2582 nullan
1010 2518 1152 2583 odeodet
1166 2518 1227 2582 dil·

150 2615 288 2686 leultrtenr
311 2629 377 2686 uns
398 2620 431 2682 in
452 2617 601 2684 dictionis
611 2629 686 2684 :tem
708 2622 740 2684 in
761 2621 922 2684 ratiocinii
943 2621 1067 2684 ordine.
1101 2619 1226 2687 Gunela

150 2735 253 2801 unque
271 2724 301 2786 in
322 2729 468 2802 utroque
488 2722 694 2808 paragrapho
713 2719 765 2794 dt.
787 2717 841 2788 25.
863 2741 883 2785 n
900 2721 1058 2803 principio
1079 2722 1119 2785 ed
1131 2722 1226 2786 duem

150 2821 527 2912 perlellaeonneotnntnr.
651 2833 655 2841 '

203 2921 247 2986 llx
264 2925 404 2990 adverso
417 2940 530 3005 porro,
551 2923 664 3006 siquis,
682 2924 794 2989 reliota
818 2925 921 2989 veteri
942 2921 1226 3007 Interpretationo‚

148 3019 253 3092 lertun
267 3043 420 3108 praeonm
432 3025 531 3091 adest
547 3024 588 3090 ab
604 3023 724 3092 lluatio
738 3035 893 3090 soourate
908 3043 1052 3101 renam,
1067 3026 1131 3090 hoe
1143 3026 1228 3091 idenr

148 3142 190 3188 ror
206 3137 399 3209 useqnetnr.
429 3127 465 3192 ln
486 3126 652 3192 eodioilsns
673 3129 760 3192 enim
783 3128 910 3208 graecis
933 3130 1131 3209 quaestionis
1152 3129 1229 3194 titu-

148 3225 464 3306 insereremus
490 3246 554 3310 qua
577 3229 737 3308 agendum
759 3237 852 3304 erat,
868 3229 951 3292 idest
970 3231 1129 3293 dominice
1155 3247 1230 3295 ser·

147 3326 189 3390 lt:
200 3333 272 3412 quod
284 3331 313 3394 si
326 3350 443 3395 mom
462 3339 531 3406 tua,
545 3331 594 3392 uel
602 3349 656 3410 pes
677 3339 751 3392 taus
765 3329 969 3394 scandalizat
981 3341 1010 3394 te
1021 3329 1130 3394 saeida
1143 3351 1226 3411 urm,

146 3431 277 3514 appiae
293 3433 348 3498 ads
370 3443 408 3498 ta.
433 3431 557 3496 Bouana
576 3431 659 3495 raim
680 3429 737 3494 ridi
756 3442 799 3495 ert
818 3430 953 3495 introire
972 3435 1008 3495 ia
1028 3434 1127 3498 utam
1139 3435 1229 3499 elau·

146 3529 200 3594 tre
218 3535 431 3610 wldalricus,
450 3553 551 3616 quam
571 3534 652 3596 duas
674 3551 810 3610 manus,
832 3535 882 3595 oel
899 3535 979 3596 duos
1001 3537 1091 3614 pedes
1116 3537 1229 3600 dolero

145 3637 185 3692 trs
199 3633 275 3698 nitri
293 3637 330 3700 io
350 3636 455 3716 ipsam
484 3643 656 3698 mtrraam.
681 3632 721 3698 Et
753 3653 795 3698 ex
823 3635 966 3716 alropto
988 3636 1098 3716 incipit
1118 3655 1148 3700 n.
1174 3627 1226 3704 urz

146 3732 324 3816 sleoptima
344 3753 424 3800 sono
444 3755 479 3800 ae
501 3753 550 3798 res
571 3733 723 3808 habebit,
742 3736 767 3797 si
790 3735 908 3802 oculus
927 3744 962 3798 et
982 3754 1097 3800 manus
1116 3737 1230 3801 lauda·

147 3831 205 3898 biles
219 3839 296 3914 siut,
318 3857 362 3902 ne
379 3837 467 3918 juste
499 3837 608 3900 manui
636 3835 756 3900 oeulna
774 3837 884 3899 didere
907 3836 1029 3916 poenite
1057 3855 1153 3916 opero
1172 3847 1229 3900 tuo

147 3949 191 3998 sos
201 3937 329 4021 isdipoo.
345 3939 443 4015 Quod
459 3939 485 4002 si
505 3940 579 4019 quir
597 3938 627 4000 iu
643 3945 711 4000 toto
726 3945 880 4002 coetuum
896 3936 1062 4004 Ecclesiae
1075 3957 1226 4021 torpore,

147 4047 250 4116 propter
267 4042 493 4104 strenuitatem
515 4047 577 4104 sto.
602 4057 619 4096 s
642 4036 735 4115 Quae
763 4037 862 4102 rerba
881 4057 948 4101 nan
978 4040 1037 4102 nisi
1063 4039 1228 4118 praemissi

147 4134 218 4202 lirini
232 4141 413 4208 testimonii:
426 4140 455 4203 si
475 4157 591 4206 αιαααα
610 4149 667 4204 tuo
688 4139 892 4204 scandalizat
910 4150 940 4202 te
953 4149 1015 4203 ete.
1030 4157 1229 4221 consequen-

148 4237 343 4324 liupoton,
361 4243 538 4326 postulant,
555 4244 641 4323 quod
660 4242 703 4305 ibi
718 4243 936 4317 desideretur,
956 4243 1155 4322 quoatloois
1170 4243 1228 4303 iui-

148 4341 214 4406 liun.
231 4346 400 4422 Ssoandm
422 4363 572 4409 sermone
594 4344 736 4408 breviori
766 4361 866 4424 quaes
889 4344 1105 4422 latinns'apit
1128 4341 1230 4405 lutar-

147 4457 220 4518 pes,
239 4465 275 4512 sa
295 4448 455 4514 roosbuln
483 4449 651 4512 excutiens
673 4445 876 4528 Anonymus,
901 4445 1026 4508 nullam
1052 4445 1228 4509 distinotio-

149 4559 200 4608 αα
220 4557 303 4615 notat
320 4551 364 4614 de
383 4548 560 4622 senodalis,
581 4565 668 4630 quse
696 4548 842 4612 exterius
862 4547 1066 4628 interiusque
1085 4546 1117 4611 in
1138 4547 1228 4610 nolis
