3375 5567
452 753 515 817 lide
534 762 568 819 et
586 772 644 837 spe
666 757 1008 840 vivideati‚.quodqne
1028 760 1129 823 uostrl
1150 776 1224 823 eum
1247 757 1315 823 Deo
1338 764 1418 840 regni
1437 764 1530 829 umisa

449 865 509 932 est,
531 860 765 940 transferamur
785 861 828 923 od
851 859 1062 942 Euangelium
1083 868 1265 935 aeternum
1291 863 1343 924 ulti
1364 863 1466 927 umbra
1484 865 1534 929 dis·

450 959 622 1039 sipulvitur,
644 962 772 1026 orietur
794 964 939 1043 veritas3
962 982 1001 1027 aa
1022 982 1080 1029 nos
1099 964 1139 1025 de
1160 965 1308 1029 claritate
1331 967 1360 1027 iu
1380 966 1531 1029 claritatem

448 1061 763 1139 transformabimur,
786 1082 862 1129 eam
879 1063 1016 1130 Domino
1038 1066 1194 1146 perpetim
1214 1069 1311 1131 vitam
1326 1067 1464 1147 degentes
1474 1068 1532 1129 iss·

450 1171 525 1225 tam.
547 1161 701 1229 Ceterum
722 1168 880 1229 sermonis
902 1184 1006 1231 nexus
1021 1167 1052 1229 in
1074 1167 1137 1230 lsoe
1152 1168 1358 1249 paragrapho
1378 1167 1530 1229 itsaoteee·

436 1266 593 1331 'dentibus
624 1277 658 1331 et
678 1268 950 1350 consequentibus
976 1268 1151 1345 coalescit,
1175 1276 1213 1335 ul
1236 1270 1363 1335 unitum
1391 1288 1464 1348 opus
1481 1272 1531 1343 sit,

446 1367 542 1446 plura
564 1370 716 1450 persequi
738 1370 826 1434 illius
848 1370 1031 1435 illustrandi
1046 1388 1156 1447 oauss,
1173 1372 1274 1436 sicuti
1296 1372 1375 1434 uilsil
1389 1378 1531 1452 apparent,

444 1468 532 1550 quod
555 1473 661 1535 misas
681 1472 822 1552 dogmati
843 1472 1007 1537 catholico
1028 1472 1215 1537 coneordat.

519 1566 552 1633 Si
576 1589 654 1633 vero
675 1572 738 1637 lvoo
757 1573 866 1637 dicere
888 1573 934 1636 iss
957 1581 1004 1637 est
1025 1574 1204 1640 seeundum
1221 1572 1341 1639 ilulllui
1361 1574 1529 1647 versionem,

442 1688 506 1733 noo
517 1672 560 1735 its
572 1680 724 1737 tamense
735 1693 786 1738 res
798 1674 907 1753 habet,
919 1675 945 1740 si
958 1673 1148 1760 Hieronymi
1160 1674 1384 1739 admiserimus
1399 1678 1533 1755 interpre-

442 1772 618 1838 tationem:
640 1792 728 1856 quae
749 1783 874 1840 tautum
895 1778 936 1839 als
958 1777 1083 1854 altera,
1108 1785 1267 1859 quantum
1288 1796 1306 1839 a
1331 1780 1472 1859 veritate,
1490 1774 1534 1837 sb·

443 1879 566 1953 lvorret,
579 1878 662 1942 adeo
677 1888 714 1943 ut
733 1881 848 1959 etipse
868 1898 893 1943 s.
910 1879 1033 1945 Ductor
1046 1881 1200 1957 olleasus,
1217 1882 1248 1943 lu
1263 1880 1404 1962 Epistola
1422 1879 1457 1941 ad
1474 1875 1533 1940 dvi·

442 1990 511 2041 tum
532 1998 563 2045 to
581 1978 723 2044 tenses
745 1984 960 2060 praemiserit:
977 2004 993 2043 v
1010 1981 1187 2062 Quumque
1203 1982 1335 2046 dixisset
1357 1978 1532 2061 (Origenes)

437 2079 533 2161 juxta
555 2080 689 2145 loannis
711 2081 952 2168 Apocalypsin,
978 2083 1190 2164 Evangeliunv
1214 2084 1442 2162 sempiternum
1470 2079 1535 2143 idest

440 2181 590 2247 laturum
612 2186 644 2247 in
664 2184 763 2246 coelis
785 2192 910 2249 tantum
933 2184 1128 2265 praeoedere
1151 2183 1212 2247 lsoe
1239 2195 1386 2247 nostrum
1409 2180 1533 2259 Evange-

437 2282 530 2361 lium‚
553 2290 712 2365 qnantum
725 2284 844 2349 Christi
868 2286 1065 2365 praedicatio
1079 2282 1173 2365 Legis
1197 2287 1315 2348 veteris
1339 2288 1533 2355 sacramenta

435 2384 474 2447 ad
497 2394 681 2449 extremum
703 2386 813 2449 iutnlit
834 2384 934 2466 (quod
957 2393 990 2449 et
1010 2385 1167 2467 cogitasse
1188 2387 1398 2466 saerilegium
1412 2383 1466 2461 est)
1485 2400 1534 2463 pro

434 2487 542 2550 salute
562 2486 756 2551 daemonum
778 2485 944 2552 Christum
967 2489 1063 2552 etium
1087 2489 1118 2551 in
1140 2506 1215 2553 aere
1237 2495 1269 2552 et
1291 2489 1322 2551 in
1345 2485 1536 2569 supersista-

434 2589 480 2652 cis
504 2606 574 2653 esse
601 2607 784 2670 passurum.
816 2589 857 2653 Et
885 2592 960 2656 lieet
985 2592 1041 2655 ille
1075 2610 1137 2657 nnn
1165 2591 1306 2665 dixerit,
1331 2598 1437 2655 tamen
1462 2584 1534 2669 qnod

435 2707 633 2772 consequeus
664 2698 713 2755 est
744 2691 950 2772 intelligitur.
982 2692 1074 2758 Sient
1100 2709 1160 2774 pro
1183 2692 1367 2757 hominibus
1389 2692 1479 2755 homo
1498 2688 1533 2751 is·

435 2804 508 2859 otus
528 2804 576 2859 est
598 2804 634 2859 ut
662 2796 807 2861 homines
828 2795 1007 2875 liberaret3
1030 2796 1073 2859 ita
1095 2804 1128 2859 et
1149 2814 1208 2875 pro
1229 2794 1336 2859 salute
1359 2794 1533 2859 daemonum

434 2896 538 2961 ileum
562 2897 724 2975 laturum,
746 2896 834 2978 quod
856 2906 931 2962 suut
945 2899 980 2973 ii,
1002 2899 1041 2960 ad
1064 2916 1146 2979 qnos
1164 2906 1320 2960 venturus
1343 2904 1392 2961 est
1411 2896 1534 2959 ttoersn·

434 2999 502 3063 dos.
524 2997 620 3076 Quod
642 3018 681 3062 ne
705 2999 839 3064 lorsitau
870 3000 909 3063 de
935 3007 1045 3064 nostro
1076 3018 1172 3063 sensu
1198 3006 1356 3080 putemur
1381 3012 1532 3065 asserere,

433 3101 533 3182 ipsius
548 3101 645 3165 verba
667 3099 813 3182 ponende
827 3107 913 3165 sunt.
934 3100 1026 3166 Sicut
1050 3102 1135 3165 euim
1157 3102 1166 3176 t
1177 3101 1281 3181 inquit
1294 3097 1469 3180 Origenes)
1485 3110 1533 3174 per

436 3200 585 3266 umbram
608 3199 786 3282 Evangelii,
810 3203 958 3266 ambrum
982 3199 1073 3282 Legis
1095 3202 1262 3284 implevit:
1280 3203 1326 3266 sio
1350 3202 1425 3281 quis
1446 3194 1533 3261 omnis

433 3302 489 3366 lex
509 3303 696 3383 exemplum
717 3310 751 3365 et
771 3302 886 3365 umbra
909 3309 957 3366 est
978 3302 1258 3371 coeremoniarum
1280 3302 1482 3374 coelestium,
1496 3297 1534 3357 ii·

433 3405 585 3484 ligentius
599 3406 844 3486 requirendum,
857 3415 970 3471 utrum
993 3414 1081 3469 recte
1101 3406 1320 3485 intelligamus
1343 3405 1447 3485 legem
1464 3421 1533 3482 quo·

433 3524 499 3586 que
519 3506 706 3580 coelestem,
730 3515 763 3571 et
782 3509 1005 3571 coeremonias
1025 3506 1156 3586 superui
1177 3504 1287 3569 oultus
1313 3503 1531 3585 plenitudinem

433 3623 496 3669 uon
518 3606 650 3683 babere,
671 3607 726 3671 sed
750 3609 893 3690 indigere
915 3606 1082 3689 Evangelii
1106 3608 1253 3683 veritate,
1275 3605 1366 3687 quod
1389 3608 1421 3669 iu
1448 3602 1533 3669 loeo·

432 3710 479 3771 uis
496 3707 689 3792 Apocalypsi
704 3708 918 3790 Evangelium
939 3711 1076 3790 legimus
1101 3711 1331 3791 sempiternum
1356 3708 1396 3773 ad
1416 3720 1532 3784 eompu-

431 3811 589 3875 rationem
613 3811 762 3876 videlicet
791 3812 890 3895 hujus
912 3812 1011 3877 nostri
1043 3810 1225 3891 Evangelii,
1245 3810 1334 3892 quod
1365 3806 1532 3890 temporale

432 3923 502 3987 est,
532 3920 565 3976 et
594 3914 625 3975 in
649 3916 825 3978 transituro
848 3914 968 3978 mundo
989 3931 1027 3978 nc
1054 3913 1167 3977 seculo
1189 3910 1423 3993 praedicatum.
1453 3904 1534 3985 Quod

428 4014 552 4096 quidem
572 4013 699 4080 etiamsi
717 4034 815 4097 usque
835 4016 878 4079 ad
895 4014 1075 4096 passionem
1099 4013 1227 4079 Domini
1248 4012 1424 4079 salsum
1438 4006 1533 4091 inpui-

429 4136 498 4179 rere
518 4116 926 4199 noluerimus,puampuam
947 4118 1058 4182 andan
1071 4126 1099 4182 et
1120 4115 1322 4181 temerarium
1339 4116 1395 4192 sit,
1412 4110 1534 4181 incaelo

428 4220 497 4300 ejus
510 4236 659 4299 puamere
669 4218 863 4299 passionem.-
878 4228 982 4283 tamen
996 4217 1024 4282 si
1045 4214 1228 4297 spirituales
1246 4214 1406 4296 neguitias
1424 4214 1458 4279 in
1476 4228 1533 4273 coe·

428 4319 557 4383 iertidur
568 4329 656 4396 runt,
677 4328 707 4383 et
726 4338 792 4382 non
805 4320 1011 4385 madescimus
1030 4336 1154 4382 erucem
1168 4316 1297 4382 Domini
1316 4315 1458 4397 confiteri
1469 4330 1533 4394 pro·

355 4464 359 4469 -
427 4432 495 4504 pter
514 4420 753 4485 destructionem
774 4440 902 4497 eorum,
925 4440 1008 4502 puae
1027 4438 1086 4484 sua
1104 4418 1251 4501 possisne
1282 4418 1461 4482 destruait:
1480 4428 1532 4473 sur

427 4522 592 4586 timeamus
611 4521 706 4586 etiam
725 4522 762 4584 in
782 4521 926 4603 supernis
948 4522 1047 4601 loeis,
1069 4519 1104 4586 in
1126 4518 1393 4587 consummatione
1420 4511 1530 4579 secula
