3375 5567
439 754 472 808 et
485 743 574 826 qaod
587 744 647 808 albi
666 741 859 812 videbanter
871 746 1021 811 assitere
1033 744 1075 820 ei,
1097 740 1284 809 aodlcotisc
1299 736 1448 807 tinette
1461 760 1481 802 o
1493 760 1547 805 me:

433 855 471 909 ot
492 846 548 926 qai
565 844 662 908 modo
678 847 729 909 vel
753 848 905 910 videmur
925 865 994 909 caso
1014 854 1089 915 ante
1103 864 1193 920 cum,
1216 854 1325 927 postea
1347 862 1406 907 noc
1429 843 1549 907 videan-

439 957 503 1008 tot.
527 944 665 1026 Propter
685 948 772 1026 quod
799 956 832 1011 et
857 966 914 1010 noo
936 947 1090 1011 debemus
1119 964 1176 1009 noa
1196 964 1411 1018 conservare,
1434 963 1471 1007 oc
1497 962 1549 1007 au·

438 1047 566 1108 diamm
586 1054 619 1108 et
646 1048 710 1126 ipat
733 1056 766 1109 et
786 1048 879 1128 quasi
902 1048 1087 1127 elongantes
1108 1066 1166 1111 ooo
1188 1049 1273 1127 ipsos
1294 1064 1313 1107 a
1336 1044 1487 1107 Domino:
1507 1040 1550 1105 di-

435 1145 548 1209 sccditc
567 1166 589 1207 o
608 1164 666 1221 mc,
689 1155 722 1209 ot
742 1151 849 1211 emoia
872 1148 1046 1223 lactamus,
1067 1157 1103 1209 ot
1123 1148 1209 1211 dicat
1229 1148 1268 1209 ad
1292 1162 1373 1209 noa:
1392 1142 1490 1207 venite
1508 1144 1550 1205 lo

437 1244 555 1309 nedicti
577 1244 686 1309 Patrio
699 1245 770 1308 ami
791 1247 1069 1313 Considerandum
1083 1255 1129 1308 est
1147 1257 1259 1309 autem·
1270 1248 1426 1325 qnoniam
1441 1246 1472 1306 ie
1485 1260 1551 1305 oao-

433 1350 493 1410 ctia
513 1366 577 1408 mn
597 1348 708 1409 solum
727 1349 853 1411 dictem
881 1360 929 1413 est
949 1346 1100 1411 bencdicti
1116 1390 1132 1422 ,
1149 1349 1207 1410 sed
1227 1367 1306 1411 cam
1324 1348 1550 1419 additamento,

437 1466 500 1510 ooo
520 1447 796 1529 qualemcumque
825 1450 983 1513 honoiem
1005 1449 1179 1521 habentes,
1202 1448 1284 1511 idon
1310 1447 1468 1511 benedicti
1492 1464 1551 1509 oea

437 1548 578 1629 alicujus
599 1548 747 1624 alterius,
770 1551 829 1613 oioi
852 1548 910 1613 lloi
933 1548 1047 1613 Patrio.
1071 1548 1096 1611 li
1118 1559 1230 1612 contra
1246 1557 1356 1611 aetem
1379 1546 1550 1626 quibaadi·

364 1666 372 1677 ·
436 1652 525 1711 citer
544 1646 718 1721 maledicti,
741 1649 946 1713 condicitur
966 1648 1129 1715 maledicti
1151 1647 1260 1713 Patre
1273 1650 1344 1711 mei.
1367 1647 1449 1711 Na·
1463 1649 1551 1711 benc·

436 1750 584 1811 dictionis
606 1748 740 1828 quidem
759 1752 962 1814 miniati-atet·
981 1761 1032 1815 cot
1052 1750 1162 1822 Pater,
1184 1749 1418 1815 maledictionis
1447 1756 1550 1812 auten

439 1851 662 1929 eateoqoisqae
682 1851 742 1911 sibi
764 1859 813 1912 est
833 1860 962 1927 auctor,
979 1852 1036 1932 qui
1054 1851 1280 1913 maledictione
1302 1850 1396 1928 digua
1417 1858 1467 1929 ost
1480 1867 1551 1929 ope·

438 1961 540 2013 aetna.
562 1947 626 2024 Qut
648 1959 758 2011 antem
792 1952 949 2013 recedunt
969 1950 1010 2013 ab
1031 1949 1124 2026 lecu,
1141 1949 1295 2013 ‚decident
1316 1952 1347 2011 io
1379 1950 1485 2029 ignom
1502 1965 1552 2011 ac·

440 2062 582 2122 teroem,
604 2052 662 2129 qni
683 2051 821 2113 altarino
847 2052 974 2129 genecio
998 2061 1047 2115 est
1071 2052 1118 2113 ab
1134 2051 1197 2115 hoc
1220 2052 1314 2131 igne,
1335 2068 1436 2130 qoem
1459 2049 1550 2113 habo-

438 2170 510 2213 moa
531 2151 566 2211 ie
584 2168 659 2213 ooo.
679 2149 818 2214 Nollem
847 2152 935 2215 coito
957 2151 1036 2231 ignis
1059 2151 1143 2215 inter
1167 2152 1311 2215 homines
1331 2151 1548 2229 lanvoneto

438 2251 627 2328 cntionem)
646 2259 696 2315 est
712 2261 891 2326 aeternos,
914 2252 969 2315 aad
996 2271 1054 2315 occ
1078 2252 1172 2317 molti
1197 2251 1550 2333 temporia5c1tiogoi·

441 2361 496 2415 tor
511 2369 650 2431 namque
671 2353 747 2416 cito.
764 2351 927 2417 lictorem
947 2360 1056 2417 autem
1079 2354 1160 2433 ignia
1181 2362 1230 2417 est
1253 2352 1323 2428 illc,
1341 2353 1382 2417 do
1405 2371 1474 2433 que
1489 2352 1548 2415 laa-

439 2452 486 2514 iaa
499 2452 581 2515 dixit
594 2454 627 2515 in
641 2454 704 2517 linc
717 2455 908 2534 prophetiae
928 2470 1029 2517 oeae:
1051 2450 1167 2514 comnia
1182 2471 1290 2515 coram
1310 2470 1374 2515 non
1390 2450 1551 2525 meretur,

439 2563 469 2616 ct
483 2551 570 2633 ienis
584 2572 690 2616 corum
709 2573 774 2617 non
789 2552 1005 2635 atinouctar.
1023 2552 1173 2617 Forsitan
1190 2553 1262 2617 tal'o
1275 2554 1475 2619 sabataetioe
1494 2560 1551 2627 est,

439 2660 478 2717 at
504 2653 673 2716 invisibilia
702 2655 874 2718 comburet
904 2654 970 2734 ipse
997 2653 1166 2717 invisibills
1192 2654 1414 2728 constitutus,
1442 2671 1550 2718 accen·

437 2755 517 2817 dum
543 2753 631 2835 quod
665 2756 710 2818 ait
735 2755 911 2837 Apostolus
935 2754 964 2819 ‘l
995 2755 1034 2816 ad
1060 2752 1245 2817 Corinthios
1267 2774 1295 2819 c.
1318 2752 1373 2817 lv.
1403 2753 1551 2835 quoniam

437 2872 520 2935 quoa
538 2852 698 2932 videntur,
712 2854 901 2935 temporatia
912 2863 999 2930 tunt,
1019 2873 1099 2936 quac
1126 2863 1231 2919 otttatn
1251 2872 1315 2916 non
1336 2853 1486 2917 videntur
1504 2872 1551 2917 oc·

437 2965 540 3019 utne.
562 2956 595 3021 Si
615 2974 695 3036 crgo
716 2974 802 3037 queo
824 2957 989 3049 videntne,
1013 2956 1203 3035 tomporolia
1226 2964 1313 3029 sant,
1336 2974 1421 3043 quae
1442 2964 1552 3019 autom

439 3073 503 3117 nen
525 3056 689 3131 videnter,
713 3064 953 3128 aeternamm,
977 3073 1106 3119 necesse
1133 3056 1249 3132 oat,ai
1273 3056 1404 3119 visibilis
1424 3064 1475 3120 cot
1499 3056 1553 3117 illc

439 3158 535 3235 ignit,
555 3166 588 3218 ct
611 3157 799 3237 temporalis
818 3157 876 3230 sit,
896 3174 981 3235 onus
1001 3163 1058 3219 aot·
1081 3156 1113 3221 st
1134 3165 1245 3219 aetem
1267 3166 1418 3221 aeternae
1438 3165 1503 3233 eat,
1521 3164 1552 3219 et

438 3257 605 3319 invisibilis
620 3266 681 3331 est,
697 3275 764 3335 qno
787 3256 981 3335 puniuntur,
1000 3257 1056 3335 qui
1070 3274 1090 3317 a
1106 3256 1275 3321 Salvatore
1291 3258 1459 3319 recedunt
1476 3256 1551 3318 Tale

436 3364 501 3431 cat,
514 3356 603 3437 qaod
618 3356 696 3419 dicit
709 3366 743 3421 ot
756 3356 844 3421 lob:
857 3356 991 3422 cenedct
1009 3375 1080 3419 com
1096 3354 1196 3435 ionia,
1210 3356 1269 3435 aei
1283 3375 1349 3421 non
1357 3357 1550 3421 accenditur.

437 3456 488 3521 Ne
508 3466 618 3521 aetem
639 3460 780 3533 mireris,
793 3456 928 3522 audiena
942 3476 1011 3521 esee
1032 3458 1228 3521 invisibilem
1243 3459 1348 3537 ignem
1368 3468 1402 3522 et
1420 3462 1551 3540 panico·

439 3565 517 3633 tem,
539 3576 614 3621 enm
638 3559 746 3623 videas
767 3559 851 3623 inter
872 3560 1017 3621 homines
1032 3558 1175 3621 colorem
1198 3560 1391 3639 corporibus
1406 3561 1551 3625 acciden-

439 3667 518 3733 tem,
538 3668 571 3720 ot
591 3676 656 3721 non
676 3659 884 3723 mediocriter
906 3660 1148 3723 excruciantcm
1172 3660 1314 3722 maxime
1335 3679 1410 3737 cet,
1432 3662 1553 3742 quial)

437 3778 477 3822 co
499 3758 694 3821 validissime
716 3759 942 3823 molestantur.
967 3758 1008 3821 Et
1028 3758 1209 3831 considera,
1232 3762 1385 3839 quoniam
1416 3780 1550 3843 aegeum

436 3860 569 3939 quidem
590 3877 654 3921 non
673 3860 746 3922 aliia
774 3867 1006 3940 praeparatum
1027 3858 1104 3921 dicit
1131 3877 1148 3919 a
1171 3862 1400 3923 constitutione
1427 3863 1549 3933 mandi,

438 3960 496 4022 olai
505 3960 615 4039 jactis:
625 3966 658 4021 et
672 3959 746 4023 ideo
756 3961 869 4024 reddet
883 3961 931 4023 eia
939 3962 1042 4039 ipsum
1061 3977 1119 4021 ccx
1131 3978 1246 4025 eoram
1262 3958 1420 4027 (lirinus.
1442 3958 1548 4043 lgnem

436 4070 546 4124 eutem
561 4069 730 4124 aeternum
752 4080 815 4125 noo
833 4062 911 4135 illis,
933 4061 1051 4140 quibus
1067 4060 1199 4125 dieitur:
1223 4060 1406 4125 disceditea
1426 4083 1471 4125 ma
1486 4083 1548 4127 ma·

437 4159 545 4225 ledicti
565 4169 715 4241 nocetam
735 4163 889 4239 ostendit,
910 4165 995 4226 sicut
1015 4180 1149 4242 rognum
1168 4162 1278 4243 iustis,
1295 4164 1352 4225 aed
1374 4166 1550 4227 diaboloet

437 4261 559 4341 cogetis
579 4259 672 4342 cioa3
694 4265 771 4341 quia
792 4272 951 4344 quantum
972 4262 1010 4325 ad
1026 4281 1073 4335 sc,
1096 4262 1240 4325 hominos
1255 4281 1319 4325 noo
1340 4264 1379 4325 ad
1398 4266 1549 4343 perditio·

435 4362 661 4436 commeavit,
675 4362 730 4423 scd
746 4362 785 4424 ad
804 4364 949 4428 vitamet
970 4362 1135 4442 gaudium.
1154 4359 1327 4425 Peccantes
1348 4373 1457 4429 autem
1473 4384 1547 4428 con-

432 4463 573 4543 jungent
599 4480 633 4527 sc
653 4462 809 4541 diahol03
827 4470 860 4527 ct
880 4464 964 4525 sicut
993 4464 1049 4543 qai
1070 4462 1261 4540 solvantur,
1282 4468 1399 4529 sanctis
1425 4467 1548 4547 angelis
