3375 5567
460 626 499 695 tt

461 742 498 804 ut
519 734 697 808 brutescat,
721 736 819 807 ritum
840 738 950 815 etiam,
975 745 1011 807 ut
1033 740 1076 803 ita
1097 737 1216 815 dicam
1231 740 1422 821 aquatilem,
1440 742 1542 811 utiorte

459 854 522 917 pro
550 838 666 902 merito
696 838 830 920 maionis
858 840 897 909 ud
923 840 1036 906 sitiunt
1063 842 1297 923 prolapsionis,
1320 842 1425 913 induit
1447 862 1545 925 corpus

459 940 780 1023 recensuerimus,
805 946 857 1011 ret
879 944 977 1026 buius
999 944 1086 1013 bruti
1107 945 1266 1013 animatis.
1290 966 1306 1003 a

896 1144 999 1213 Verrio
1024 1143 1146 1228 liutici

537 1346 685 1413 Rnfflnos
704 1358 814 1414 autem
836 1351 933 1420 aliter
956 1351 1034 1421 sidit
1055 1360 1090 1417 et
1110 1354 1262 1433 exposuit
1276 1351 1409 1417 citrum
1422 1352 1548 1434 Origanis

455 1451 654 1531 pericopen.
668 1449 716 1517 sic
730 1453 974 1533 interpretetus:
999 1474 1015 1515 r
1038 1451 1098 1520 lita
1120 1472 1196 1517 sane
1218 1472 1275 1524 nos
1291 1471 1490 1535 naquaquam
1509 1474 1548 1517 re·

456 1551 600 1631 cipiendn
616 1572 795 1631 censemus,
811 1574 896 1637 quae
910 1564 973 1625 eta
987 1555 1181 1635 quibusdam
1196 1555 1364 1637 superfluo
1379 1557 1431 1621 vet
1445 1558 1548 1637 requiri

459 1652 508 1722 uei
529 1655 632 1721 astrui
653 1655 772 1735 solunt3
788 1656 869 1723 idest
890 1656 978 1738 qnod
994 1657 1120 1727 animae
1142 1657 1314 1723 intantum
1334 1658 1386 1721 sui
1401 1658 1548 1723 decessum

457 1754 599 1826 saniant,
613 1763 650 1823 ut
665 1764 803 1824 naturae
819 1756 1133 1839 rationabiliumque
1148 1758 1310 1838 diguitatis
1323 1760 1457 1834 obiitne,
1470 1761 1549 1823 etiau

454 1854 487 1920 io
505 1855 654 1923 ordinem
673 1857 949 1929 irrationabilium
980 1860 1192 1928 animantium
1216 1861 1266 1927 vet
1293 1860 1550 1938 securamen

454 1954 867 2047 pecudnmdetoiaautur.
892 1960 955 2025 Pro
977 1960 1096 2041 quibus
1117 1962 1215 2028 etiam
1236 1961 1394 2041 quasdam
1416 1981 1458 2029 ex
1480 1962 1550 2027 Scri·

452 2057 558 2135 pturie
578 2059 814 2125 commentitiae
833 2058 953 2128 afferro
985 2061 1199 2130 astructionis
1220 2062 1347 2141 sutent;
1370 2060 1452 2131 idest
1477 2060 1551 2142 quod

455 2158 507 2227 vet
529 2176 641 2239 pecus,
663 2162 718 2225 cni
738 2180 772 2228 ae
793 2160 914 2229 mutter
934 2172 1045 2231 contra
1068 2170 1219 2229 notorior
1238 2164 1432 2245 subiecerit3
1447 2166 1475 2227 in
1495 2179 1551 2226 rea·

454 2270 525 2326 inm
545 2264 667 2343 pariter
687 2280 763 2331 cura
785 2264 924 2332 muliere
944 2264 1136 2341 devocetur,
1158 2283 1197 2329 ac
1218 2266 1356 2345 iapidnri
1377 2267 1551 2349 paritario·

453 2362 592 2426 beatur:
627 2364 676 2426 vei
707 2365 795 2444 qnod
828 2375 943 2429 taurus
976 2374 1154 2447 cornupeta
1184 2366 1322 2446 lapidari
1356 2370 1550 2435 nibilominus

451 2465 664 2546 praecipitum
680 2466 735 2529 sed
752 2477 786 2530 et
799 2468 886 2549 qnod
900 2464 1032 2531 Ruinam
1049 2468 1149 2543 asina,
1166 2487 1201 2531 os
1216 2469 1287 2550 ejus
1300 2468 1369 2533 Deo
1385 2474 1547 2553 aperiente.

451 2566 561 2630 iocata
578 2576 638 2644 est,
655 2576 687 2633 et
709 2568 885 2655 subjugate
897 2576 1023 2637 mutum
1045 2570 1254 2640 inhominem
1279 2590 1358 2635 voce
1371 2574 1550 2655 respondens

451 2670 558 2748 arguit
583 2668 763 2750 Prophetae
785 2670 988 2734 dementiam.
1012 2668 1101 2747 Quas
1123 2690 1180 2735 uos
1202 2690 1264 2735 uon
1291 2673 1402 2737 sotum
1423 2692 1484 2738 oon
1506 2692 1550 2737 su·

450 2772 618 2853 suipimus,
639 2772 695 2839 aad
715 2781 749 2836 ot
768 2789 880 2839 omnes
903 2772 959 2839 bas
980 2772 1174 2843 assertiones
1194 2792 1310 2841 eorum
1332 2786 1447 2844 contra
1467 2776 1547 2839 iden

450 2882 593 2941 nostram
616 2875 777 2941 venientes
792 2872 986 2949 refutamus,
1004 2882 1103 2955 atque
1120 2877 1313 2957 respuimus.
1332 2874 1550 2943 Verumtamen

447 2993 509 3043 suo
529 2975 604 3043 inco
624 2984 658 3041 et
679 2982 836 3056 tempore,
860 2975 1028 3041 coniurato
1044 2976 1106 3041 boc
1121 2996 1277 3059 perverso
1290 2978 1551 3059 dogmateetde

448 3077 565 3158 pulso,
592 3094 630 3141 ea
650 3096 736 3158 qnae
756 3078 799 3143 de
824 3078 942 3141 sanetis
963 3078 1139 3159 seripturis
1161 3079 1203 3142 ab
1223 3079 1288 3143 iitie
1313 3080 1444 3161 proiata
1464 3088 1551 3154 sunt,

448 3180 591 3260 qualiter
611 3180 746 3260 intelligi
769 3178 918 3255 debeant,
940 3198 1151 3258 exponemus.
1175 3199 1191 3236 n

355 3270 357 3272 ’
529 3280 587 3345 His
610 3283 714 3349 tribus
745 3281 946 3347 versionibus
966 3281 1065 3348 simut
1086 3281 1239 3358 collatis,
1262 3282 1404 3363 quisque
1428 3284 1552 3352 uiderit,

448 3382 685 3466 Hieronymum
704 3395 738 3447 et
757 3382 930 3450 iustiniani
954 3380 1133 3461 Epictetum
1149 3384 1207 3445 nisi
1232 3384 1444 3462 verbotenus,
1465 3400 1551 3449 sensu

449 3492 555 3551 tamen
577 3474 763 3560 convenire,
785 3483 917 3564 tiripeoi
941 3482 1055 3563 dogma
1081 3482 1121 3545 de
1144 3484 1427 3563 trammigratione
1442 3486 1552 3549 amma·

452 3586 570 3650 rumim
583 3586 646 3649 alia
668 3604 809 3667 corpora
824 3584 1058 3667 adiudicaotes‚
1082 3584 1185 3665 ipsum
1198 3584 1348 3649 arbitrati
1370 3590 1413 3651 ita
1428 3590 1553 3653 semisse

449 3699 480 3752 et
495 3688 655 3767 docuisse.
680 3686 828 3756 Rudinus
842 3695 953 3755 antem
967 3686 1182 3751 diversimode
1197 3685 1347 3768 Oripsuis
1364 3690 1463 3753 rerba
1476 3698 1552 3753 trio·

447 3791 583 3863 starem,
604 3807 668 3853 non
688 3790 747 3853 nisi
767 3804 805 3851 ea
828 3788 1069 3855 baereticorum
1091 3799 1273 3855 commenta
1293 3794 1425 3865 statuit,
1447 3802 1552 3857 contra

449 3908 533 3971 quac
553 3890 735 3955 dimicasset
755 3891 823 3969 ipse
843 3886 1066 3955 Adamantius.
1093 3886 1235 3968 ideoque
1256 3890 1344 3969 qnod
1370 3910 1412 3955 cx
1443 3910 1551 3972 praro-

449 4010 522 4057 rum
552 3992 720 4056 hominnm
741 4008 800 4056 ore
828 3990 911 4055 dixit
932 3989 1013 4064 ille,
1035 3990 1184 4070 proiecto
1207 3997 1360 4073 tanquam
1382 3993 1457 4059 fidei
1480 4012 1552 4057 suae

449 4104 581 4170 tessera,
603 4109 810 4172 nequaqnam
832 4089 1016 4153 babendum
1030 4098 1094 4170 est;
1113 4092 1259 4173 alioquin
1280 4110 1320 4157 ex
1336 4093 1454 4159 divinis
1474 4094 1551 4161 Scri·

446 4196 552 4277 pteris
574 4194 769 4276 probaretur
790 4210 853 4255 non
874 4210 943 4257 esse
966 4189 1083 4268 Deum,
1099 4192 1176 4273 qnia
1199 4192 1366 4260 Psalmista
1390 4198 1450 4259 ait:
1472 4194 1550 4259 dicit

450 4296 604 4378 iusipiens
625 4295 662 4361 iu
680 4296 771 4359 corde
791 4312 860 4370 suo,
881 4310 946 4357 uuo
964 4302 1007 4355 cst
1025 4290 1116 4357 orer.

527 4396 758 4463 Verumtamen
778 4412 853 4461 eum
875 4393 966 4457 nobis
987 4394 1157 4474 bucusque
1178 4394 1260 4459 desit
1282 4402 1391 4461 textus
1418 4413 1549 4475 graccus

448 4499 619 4580 gonuinus,
642 4499 727 4563 unde
748 4497 834 4563 citati
859 4493 1053 4573 Interpretes
1074 4493 1206 4559 latinam
1229 4504 1463 4575 compegerunt
1485 4512 1549 4557 ser-
