3375 5567
157 786 220 851 dnm
237 789 417 868 irruptione
444 789 487 852 oi)
508 786 624 852 lldsmi
654 787 785 868 enlpsm
810 786 916 869 deque
937 787 1081 873 ejusdem
1102 790 1245 869 extirpo·

156 892 227 952 tione
245 890 277 951 in
295 893 572 955 consummatione
591 889 705 954 seculi.

219 989 249 1055 Si
270 1008 348 1053 vero
369 989 581 1056 Adsmsntius
596 990 639 1056 ob
651 989 826 1070 quemdem
849 992 1030 1071 srpnmeoti
1052 993 1103 1054 sni
1125 995 1247 1074 perspl-

154 1094 304 1167 euitstem‚
328 1092 475 1170 Apostoli
493 1092 590 1156 verbs
605 1092 645 1154 sd
667 1091 887 1173 Philippenses
908 1091 1076 1172 prolem,
1098 1101 1245 1174 optutum

152 1193 194 1253 sui
212 1193 301 1256 linem
323 1195 522 1273 expectsniis
541 1203 571 1256 st
591 1211 654 1255 esre
673 1211 746 1256 eum
769 1189 905 1268 Christo,
927 1192 1106 1273 eodemque
1128 1195 1243 1271 modo,

154 1309 210 1370 qno
234 1303 319 1358 sstrs
340 1295 424 1358 uoeli
457 1304 588 1375 sperent
613 1294 843 1358 resolutionem
870 1293 1246 1376 etesseeumCiiris103

154 1393 220 1456 iseo
242 1406 346 1459 iumen
359 1397 538 1461 similitudo
552 1415 615 1459 non
636 1397 737 1476 ipsum
752 1405 785 1458 et
795 1413 907 1474 piretu
924 1396 1016 1460 Pouli
1031 1397 1246 1461 conditionem

153 1513 215 1559 enm
233 1498 303 1560 soie
323 1499 503 1573 constituit,
526 1499 617 1577 qnasi
641 1514 741 1559 unum
763 1504 796 1559 et
816 1497 967 1560 eumdem
989 1497 1083 1560 linem
1105 1507 1137 1561 et
1157 1516 1246 1578 spem

153 1605 207 1660 ism
227 1599 373 1679 Apostoll
396 1609 460 1662 tem
480 1599 557 1662 solis
571 1598 753 1662 consideret
760 1615 773 1676 3
794 1597 986 1661 uomentem
1005 1598 1245 1663 einrbitrstnm

153 1700 312 1780 uniusque
327 1701 456 1780 nequsli
477 1709 636 1780 conceptu
649 1700 914 1780 comprehendat.
938 1697 1070 1763 Minime
1092 1700 1153 1763 hoo
1176 1699 1247 1763 ruit

152 1797 294 1879 Origenes
304 1819 317 1880 3
338 1811 388 1864 ssi
412 1800 635 1866 tantummodo
655 1801 687 1865 id
709 1802 775 1878 nit,
805 1801 913 1881 quood
935 1819 1024 1882 spem
1046 1807 1078 1864 ei
1101 1797 1193 1865 Pauli
1213 1809 1246 1864 el

151 1900 218 1965 totis
237 1903 277 1964 de
297 1904 497 1966 resolutione
517 1903 664 1981 eorporis
685 1903 884 1983 proesentis3
907 1903 1026 1982 quippe
1046 1908 1079 1964 et
1100 1899 1247 1982 liposioli

155 2019 260 2081 eorpus
274 2012 307 2066 el
320 2004 399 2068 solis
418 2005 530 2069 eudem
546 2003 730 2068 infirmitate
742 2003 960 2084 corruptionis
974 2002 1103 2066 laboret
1117 2003 1159 2065 ob
1174 2021 1249 2083 pro·

154 2112 346 2183 topsreninm
368 2115 517 2185 restom3
534 2105 734 2186 proindeque
754 2105 866 2169 endem
880 2123 1013 2186 qnoque
1033 2108 1251 2186 regeneruiio·

153 2206 192 2265 nis
208 2207 276 2268 sire
296 2207 525 2287 redemptionis
545 2225 602 2287 spe
622 2204 775 2281 sdicitur,
798 2223 901 2269 unum
922 2206 1083 2285 obsolute,
1106 2207 1247 2270 alterurn

153 2305 289 2381 relstire,
305 2325 407 2371 onom
422 2313 558 2388 propter
570 2325 616 2381 se,
634 2305 812 2369 seeundum
826 2307 858 2368 in
874 2305 1079 2368 commodnm
1094 2305 1248 2385 alterium

153 2421 243 2468 unum
262 2408 295 2469 in
310 2408 431 2469 nonum
451 2415 485 2470 et
504 2408 645 2488 suipsius
667 2406 817 2486 gloriam,
832 2405 974 2469 nliernm
990 2406 1021 2466 in
1038 2406 1250 2469 ministerium

154 2509 237 2586 primi
252 2510 345 2588 qussi
360 2509 610 2572 instrumentum
627 2507 789 2571 iruiiionis
801 2507 834 2568 in
850 2525 889 2569 eo
904 2523 989 2570 noro
1000 2504 1120 2570 Glrrisii
1136 2523 1248 2587 regno,

153 2627 203 2672 sen
220 2611 260 2672 sd
281 2610 440 2691 msjorem
458 2608 558 2672 divini
580 2607 805 2686 Redemptoris
825 2607 956 2670 lsudem
978 2609 1009 2670 in
1025 2608 1107 2672 oneli
1131 2616 1252 2672 terroe·

154 2728 209 2789 qne
226 2714 391 2775 noritste:
413 2728 481 2775 tros
499 2728 553 2790 epo
570 2727 644 2772 ereo
655 2710 756 2772 coelos
768 2725 866 2770 rtooos
880 2718 909 2771 rt
930 2718 1045 2772 terram
1066 2725 1189 2773 mom.
1213 2709 1255 2774 lii

154 2810 226 2875 line
245 2831 322 2875 sone
341 2811 498 2894 Origenes
518 2811 657 2875 sentiens
687 2807 899 2873 diderenlinm
921 2810 1069 2890 Apostoli
1101 2809 1251 2873 desiderii

154 2921 182 2974 et
198 2915 440 2994 expectationis,
457 2915 566 2978 nsolis
587 2912 749 2977 desiderio
768 2917 801 2975 et
820 2929 877 2992 spe
897 2909 1005 2992 quood
1027 2910 1097 2974 linis
1114 2911 1251 2975 rnrietn·

156 3020 224 3090 iem,
245 3017 437 3097 priusquam
459 3016 541 3078 hono
560 3014 803 3078 similitudinem
824 3013 1000 3094 proferret,
1023 3013 1089 3074 uit:
1113 3011 1253 3076 sintne·

157 3119 224 3180 resi
247 3117 333 3181 loris
347 3117 452 3198 nptsri
472 3124 578 3197 potest
598 3117 654 3180 ille
671 3135 735 3181 rox
756 3115 851 3181 Psoli
872 3115 932 3191 liis,
949 3115 1005 3195 qui
1026 3113 1103 3176 lieet
1117 3131 1180 3176 non
1201 3133 1255 3178 vo·

156 3215 261 3293 lentes,
277 3237 340 3299 pro
361 3217 530 3281 rolootnte
546 3201 651 3281 ismen
671 3218 757 3299 ejm,
773 3217 829 3297 qni
850 3215 1000 3297 subiecit,
1016 3222 1049 3278 et
1070 3232 1130 3294 pro
1143 3231 1256 3295 repro·

157 3320 335 3481 amu?
355 3337 411 3399 spe
427 3319 558 3384 vsnitsri
571 3318 708 3401 subjecti
721 3326 815 3381 sunt:
830 3316 924 3398 cupio
937 3314 1050 3380 resolvi
1064 3325 1092 3379 st
1106 3334 1168 3378 erse
1182 3335 1254 3380 eum

228 3518 268 3583 lii
289 3523 354 3585 lrue
374 3523 485 3604 itique
498 3521 706 3586 referendum
728 3525 796 3590 est,
811 3527 844 3582 et
864 3517 995 3598 quidem
1016 3516 1256 3597 explsnsndnm

158 3620 306 3701 quidquid
328 3625 359 3685 in
380 3625 479 3687 nitrio
501 3622 599 3686 Libro
621 3618 818 3684 Perimedorr
838 3618 950 3682 docuit
964 3619 1177 3682 Adamantius
1198 3619 1260 3682 olr-

159 3737 191 3782 os
211 3732 373 3788 sstrornm
394 3726 516 3788 unimus
536 3731 569 3786 el
589 3721 705 3786 similis
717 3740 729 3800 3
751 3719 807 3783 ulii
829 3737 889 3798 per
912 3719 1003 3782 vario
1025 3737 1142 3800 genere
1162 3721 1260 3783 inter·

161 3825 333 3901 rogsiiones
355 3825 451 3905 pluro
480 3823 651 3905 proposuit
670 3821 767 3884 dunis
779 3837 790 3898 ;
823 3836 900 3881 num
921 3819 1045 3883 scilieet
1065 3820 1258 3884 coelestibus

161 3926 345 4005 corporibus
360 3927 465 3988 mimi
479 3926 548 3988 sire
560 3925 706 4004 spiritus,
727 3922 797 3984 sire
811 3923 896 3984 rsiin
917 3921 1016 3986 tribui
1028 3923 1150 4002 possin
1171 3939 1260 3985 seor·

160 4025 214 4088 tim
233 4035 338 4090 tomen
359 4045 378 4091 n
398 4027 537 4109 spiritu,
560 4041 579 4089 s
601 4024 747 4099 rollone,
769 4023 1063 4103 subintelligentia,
1087 4023 1205 4104 qrsrbns
1226 4041 1261 4085 o·

164 4127 261 4191 mnino
274 4130 371 4192 sentit
390 4147 429 4192 se
448 4127 543 4192 docet
558 4135 725 4208 proestare
745 4124 920 4201 hominem,
936 4125 1075 4205 ideoque
1096 4125 1200 4203 ipsum
1215 4123 1263 4187 dl·

161 4229 270 4310 stingui
291 4230 333 4292 sl)
353 4231 421 4293 istis
442 4228 635 4309 eorporinm
656 4227 803 4291 animetis
832 4227 915 4302 sole,
939 4226 1017 4289 luns
1039 4232 1072 4287 et
1091 4225 1207 4300 stellis,
1230 4231 1263 4287 ot

162 4345 361 4412 puteumque
376 4330 457 4394 velis
477 4335 629 4394 erenturn
643 4335 737 4391 extro
751 4328 942 4407 angelorum
957 4325 1190 4405 nominumque
1211 4341 1264 4388 or·

163 4429 270 4494 dinem.
300 4430 521 4507 Qnsmsdmem
542 4448 617 4493 oum
638 4431 707 4510 ipse
726 4430 794 4506 sit,
817 4425 875 4491 llei
895 4426 1125 4509 intrusorem,
1148 4425 1265 4489 lunum

164 4537 192 4594 et
209 4534 317 4598 stellas
338 4534 414 4599 loee
434 4534 628 4610 durescere,
640 4548 775 4596 eorsum
794 4543 894 4592 sunm
907 4526 1168 4591 irreroerlrillter
1188 4541 1262 4608 per·
