3375 5567
142 804 271 882 patientia
293 803 443 866 dedomo
458 804 608 882 sapientis
625 811 772 866 ornatur.
790 797 863 866 Non
880 805 1056 883 potuerunt
1077 817 1155 879 ergo
1176 819 1234 862 atr·

142 923 181 967 res
200 904 360 970 Rebeccae
382 909 527 985 recipere
548 906 698 968 decorem
719 922 837 978 suum,
861 904 919 966 uisi
943 901 1066 965 reniret
1086 919 1170 981 puer
1191 901 1233 966 tt-

141 1006 260 1087 brabae3
282 1015 315 1070 et
335 1009 403 1089 ipse
422 1025 476 1070 eas
496 1016 638 1069 ornaret.
662 1005 731 1071 Nec
752 1022 865 1067 manns
881 1003 951 1084 ejus
972 1011 1158 1066 ornamenta
1180 1020 1235 1065 sn·

140 1108 280 1186 acipiunt,
302 1110 361 1172 uisi
381 1127 466 1190 quae
487 1109 609 1171 miserit
633 1107 731 1170 isaac.
760 1104 839 1170 Vult
860 1107 944 1169 enim
967 1123 1067 1192 aurea
1094 1106 1125 1167 iu
1146 1107 1235 1167 auri·

140 1208 188 1272 bus
207 1211 334 1274 babere.
358 1209 419 1274 Sed
442 1212 521 1274 baec
544 1212 636 1289 prius
657 1195 804 1289 accipe're
826 1222 888 1272 non
910 1211 1028 1288 potuit,
1051 1227 1110 1271 uec
1133 1215 1236 1272 mere·

142 1312 175 1386 ri,
194 1313 247 1374 uisi
265 1313 402 1375 acuisset
415 1311 454 1373 ad
478 1321 594 1390 puteus
616 1311 749 1373 ltaurire
764 1327 875 1391 aquas.
897 1306 947 1372 'l'u
964 1311 1020 1388 qui
1042 1327 1105 1371 non
1122 1309 1168 1370 ris
1185 1327 1237 1372 re·

141 1411 198 1473 uira
216 1411 253 1472 ad
274 1429 399 1492 aquas:
422 1412 478 1490 qui
496 1429 559 1473 nou
582 1411 629 1471 ris
651 1412 682 1472 io
704 1410 919 1472 auribustuis
941 1427 1040 1472 auree
1065 1411 1237 1490 propheta·

140 1529 201 1573 rum
222 1512 318 1574 rerba
339 1512 523 1589 suscipere;
544 1510 710 1592 quomodo
731 1512 852 1590 poteris
880 1519 1016 1574 ornatus
1037 1529 1111 1577 esso
1128 1514 1159 1575 in
1181 1510 1237 1574 do·

140 1613 239 1687 ctrina,
260 1621 397 1675 ornatus
417 1614 448 1673 io
469 1613 606 1686 actibus,
628 1620 763 1674 ornatus
784 1612 815 1672 in
836 1609 1011 1674 muribus?
1032 1631 1048 1668 ι

205 1709 292 1774 llaec
316 1712 413 1792 juxta
436 1713 637 1791 propositum
663 1711 808 1774 fidelium
837 1719 961 1774 mentes
980 1713 1159 1778 instruendi
1181 1732 1238 1776 ex·

139 1812 214 1890 pouit
232 1812 389 1892 Origenes
411 1813 450 1876 de
471 1813 639 1875 inauribus
659 1821 692 1875 et
713 1813 868 1886 armillis,
892 1831 972 1893 quas
996 1811 1162 1876 Rebeccae
1183 1814 1240 1878 ob·

141 1912 204 1974 tulit
223 1911 375 1974 Abrabae
396 1913 549 1975 lemnius.
573 1910 662 1987 Quas
683 1921 793 1974 antem
813 1912 1035 1976 cavillationes
1057 1931 1094 1975 ac
1119 1914 1238 1976 riolcu-

141 2021 305 2078 trecensus
334 2012 524 2094 scripturae
552 2014 760 2076 discursiones
789 2013 891 2092 egerit
912 2014 954 2075 ita
981 2014 1152 2089 disserens,
1174 2031 1237 2076 unu

141 2112 242 2186 rideo,
268 2131 329 2178 nec
354 2115 456 2186 ullus,
486 2115 650 2189 arbitror,
680 2116 738 2193 qui
765 2113 1073 2178 ecclesiiasticorum
1104 2112 1237 2176 Petrum

140 2210 363 2277 commemoria
388 2215 574 2296 perlegerit,
600 2215 709 2277 ridere
732 2217 861 2294 poterit.
886 2211 985 2294 Legat
1005 2233 1029 2278 s.
1053 2214 1239 2294 Augustini,

139 2331 160 2375 r.
173 2312 318 2395 Gregorii
340 2316 447 2396 llagui
463 2326 494 2380 et
517 2318 619 2396 ipsius
632 2335 657 2378 s.
671 2313 873 2397 Hieronymi,
896 2326 928 2378 et
947 2315 1019 2379 iude
1040 2317 1242 2380 successivae

139 2419 237 2480 aetatis
252 2417 431 2480 Doctorum
453 2418 736 2496 interpretationes
751 2421 781 2480 iu
796 2436 909 2480 sacrae
923 2417 1112 2499 scripturae
1126 2418 1239 2491 libros,

142 2523 168 2576 et
187 2519 330 2580 camdem
353 2519 541 2581 methodum
565 2520 597 2580 in
619 2517 683 2580 illis
704 2518 866 2597 probabit.
883 2515 1050 2598 Trausegit
1072 2525 1149 2581 tunc
1169 2516 1244 2580 Ori·

142 2633 224 2693 genes
243 2638 372 2682 sensnm
394 2619 592 2694 litteralem,
618 2637 720 2698 quom
743 2621 834 2698 uperi
857 2639 918 2682 non
940 2623 1098 2699 serviret3
1121 2637 1243 2700 nequa·

141 2734 224 2793 quam
247 2737 327 2782 reru
357 2720 543 2782 historicam
571 2721 738 2781 veritatem
761 2721 917 2800 despexit.
936 2718 1031 2784 Viros
1052 2721 1244 2784 christianos

140 2816 370 2897 alloquebatur,
386 2822 505 2900 quibus
526 2822 727 2900 apertissima
748 2829 841 2883 erant
857 2818 1121 2885 Patriarcbarum
1143 2830 1242 2903 gesta.

145 2915 215 2982 Prae
234 2940 349 2984 eornm
366 2923 512 2984 manibus
533 2922 588 2984 diu
604 2931 769 3001 unctoque
790 2919 878 2984 Libri
900 2922 998 2985 divini
1017 2923 1242 3001 versabantur3

143 3033 235 3099 oeque
256 3023 297 3084 de
323 3023 371 3084 tris
393 3022 640 3102 reperiebatur,
662 3022 717 3100 qui
741 3021 908 3084 historiam
931 3019 1092 3086 Geneseos
1113 3032 1171 3085 aut
1192 3041 1247 3085 ue-

105 3137 111 3149 ·
141 3121 248 3200 sciret,
271 3131 328 3186 aut
350 3131 513 3203 negaret,¹
528 3133 587 3186 aut
606 3123 646 3185 de
667 3141 703 3186 ea
726 3122 902 3186 dubitaret.
929 3121 971 3184 lit
992 3124 1034 3185 ob
1057 3125 1122 3186 boc·
1138 3124 1245 3186 statim
1362 3177 1366 3186 .

144 3221 170 3284 in
188 3241 322 3290 numero
342 3225 489 3304 sequenti
509 3221 541 3287 5.
559 3225 697 3305 adjecit:
714 3245 732 3282 a
747 3221 807 3287 Sed
825 3231 862 3287 nt
882 3227 1069 3288 omittamus
1090 3226 1244 3305 plurima,

143 3328 340 3403 nequeenim
369 3325 605 3389 commentandi
627 3343 713 3388 uuoc
743 3334 870 3403 tempus
891 3334 959 3399 est,
982 3324 1035 3386 sed
1058 3325 1247 3390 aedificandi

143 3421 309 3488 Ecclesiam
323 3423 396 3499 Dei,
411 3434 444 3488 ct
458 3427 617 3506 pigriores
630 3443 669 3488 ac
683 3425 807 3488 desides
824 3425 990 3488 auditores
1005 3427 1163 3506 exemplis
1177 3442 1248 3488 anu·

142 3535 259 3591 cturnm
279 3536 314 3591 et
334 3528 476 3612 mysticis
497 3529 780 3607 explanationibus
802 3529 999 3606 provocandi
1021 3537 1082 3591 etc.
1107 3547 1124 3586 n

213 3627 247 3692 ln
261 3627 402 3692 Humilia
419 3627 523 3692 xvtt.
543 3648 595 3694 un.
613 3627 643 3694 l.
658 3629 689 3695 2.
710 3628 752 3691 De
765 3627 1025 3692 benedictionibus
1042 3627 1248 3693 Potriorcbu·

142 3745 204 3792 rum
224 3733 300 3795 item
320 3730 480 3809 spondeus
499 3747 534 3793 se
557 3729 724 3792 rarimodc
749 3747 804 3792 eas
825 3729 1103 3808 explanatorum,
1122 3732 1245 3810 iuquitr

143 3849 157 3886 t
175 3829 263 3906 Quae
285 3850 337 3896 res
359 3832 450 3894 nubis
473 3833 692 3910 tripartitam,
721 3838 759 3891 ut
781 3831 813 3891 in
834 3829 905 3891 aliis
927 3827 1075 3906 lecimus,
1097 3831 1252 3911 explana·

145 3931 229 3996 tionis
248 3933 419 3996 materiam
433 3931 577 4012 subjicit,
593 3933 635 3992 ita
655 3939 693 3993 ut
709 3929 946 3994 benedictiones
964 3931 1119 3995 bistoriae
1140 3931 1249 3996 locum

143 4041 281 4106 terreat,
309 4031 480 4112 prophetia
504 4049 581 4094 raro
607 4031 780 4115 mysticum
802 4038 835 4093 et
857 4029 1096 4110 dogmaticum,
1119 4049 1248 4095 morum

143 4134 297 4211 correptio
317 4141 351 4195 et
372 4131 560 4213 obiurgatio
581 4131 739 4194 moralem
760 4130 879 4210 dirigat
893 4133 1027 4216 stylum.
1051 4150 1068 4188 ι
1090 4129 1214 4195 Deinde
1232 4148 1250 4194 a

146 4225 250 4295 buben
270 4233 412 4296 incestus
433 4233 566 4296 historia
595 4232 768 4295 exordiens
792 4231 926 4295 subdit:
949 4253 967 4291 a
989 4230 1132 4295 lacertus
1154 4231 1254 4295 bisto-

147 4331 187 4392 ria
202 4337 359 4398 neminem
377 4333 469 4408 latet,
492 4331 658 4414 quemodo
671 4330 788 4396 Rubeu
810 4333 841 4394 iu
857 4331 1070 4395 concubinam
1085 4331 1185 4413 patris
1205 4331 1253 4394 ei·

145 4428 294 4500 terbuerit
305 4433 434 4500 flamma
447 4435 601 4508 libidinis,
614 4442 647 4497 et
661 4443 832 4513 paternum
849 4433 1065 4496 maculaverit
1077 4434 1220 4498 tltornm.
1234 4452 1250 4492 ι

147 4526 182 4592 Et
198 4535 242 4599 ric
260 4537 446 4602 auccmire
466 4537 593 4600 excutit
619 4552 750 4598 sentum
771 4535 943 4616 mysticum
965 4551 1004 4598 ac
1025 4534 1155 4600 demum
1186 4551 1253 4598 mn·
