3375 5567
164 814 367 879 oeconomo
389 812 499 879 sidem
519 816 682 881 crescendi
702 824 735 882 et
756 815 989 899 multiplicandi
1003 820 1263 899 camoquentiara

161 937 198 981 ex
217 936 255 980 eo
275 935 355 994 esse,
377 916 464 997 quod
486 918 515 980 ei
537 918 674 982 foemina
690 918 901 1000 jungebatur,
914 921 1088 985 certiorem
1106 939 1196 1002 spem
1210 940 1263 1003 ge·

158 1038 225 1081 rere
238 1025 364 1097 poterat
378 1018 410 1080 in
424 1018 644 1083 benedictione
656 1020 772 1083 divina.
786 1018 819 1085 Si
835 1021 920 1084 euim
933 1021 1067 1086 dixisset
1075 1019 1258 1104 Scriptura:

156 1118 270 1183 creneio
290 1128 318 1182 et
339 1119 614 1201 multiplicamini,
634 1132 663 1185 et
681 1122 793 1203 replete
810 1132 940 1199 terrore,
954 1131 984 1185 ct
1001 1122 1214 1189 dominamini
1225 1124 1262 1189 in

156 1242 202 1295 en,
223 1239 285 1284 noo
306 1222 470 1305 adjiciens,
495 1225 556 1289 boc
570 1226 645 1305 qnia
665 1228 842 1289 musculum
862 1238 890 1289 et
908 1226 1076 1307 smminom
1096 1226 1169 1308 [ecit
1188 1246 1259 1305 eos,

156 1325 261 1405 ntique
283 1324 495 1389 benedictioni
516 1326 642 1390 divinae
663 1327 851 1393 incredulus
873 1328 1030 1391 extitisset
1050 1337 1148 1391 etc.»

226 1423 293 1488 Nec
313 1442 388 1489 eane
409 1426 505 1489 aliter
524 1445 663 1509 arguere
686 1439 812 1510 poterat
835 1427 991 1511 Origenes
1013 1449 1055 1493 ex
1078 1431 1258 1512 scriptura·

153 1528 173 1587 li
192 1526 372 1590 locutione:
393 1545 460 1590 ecce
479 1546 565 1591 nunc
586 1548 619 1591 os
641 1531 677 1592 de
700 1529 819 1594 ossibus
842 1529 934 1607 meis,
958 1539 986 1592 et
1009 1549 1084 1593 coro
1106 1532 1141 1593 dr
1165 1548 1259 1595 corus

153 1646 233 1706 nen3
250 1646 309 1691 nec
330 1627 402 1690 ideo
423 1627 462 1690 ad
484 1630 634 1706 animam,
651 1632 762 1694 neoad
777 1634 939 1714 spiritum,
955 1632 1112 1714 nequead
1129 1632 1260 1713 angelos

152 1732 301 1794 coelestes
323 1730 438 1793 reterri
459 1740 586 1811 potest:
603 1733 633 1794 in
654 1733 772 1813 quibus
794 1750 854 1796 nec
874 1750 963 1810 caro,
979 1751 1037 1796 nec
1054 1752 1103 1809 os,
1126 1750 1186 1796 nec
1206 1750 1259 1813 ge·

151 1850 204 1895 nas
226 1834 440 1899 mascnlinum
462 1853 521 1900 nec
542 1835 750 1899 foemininum
765 1837 939 1915 reperitur.
960 1833 1030 1898 Etsi
1048 1835 1094 1898 sis
1114 1834 1259 1916 qnando·

153 1954 210 2014 que
232 1936 329 1998 citata
352 1936 449 1999 verba
472 1936 510 1999 ad
532 1954 660 2001 sensum
682 1935 894 2016 allegoricum
920 1936 1120 1999 transtulisse
1135 1935 1258 1999 Aucto·

153 2054 237 2117 rena3
260 2045 402 2101 attamen
420 2056 481 2102 nou
496 2039 616 2101 destitit
630 2046 813 2119 opportune
827 2055 864 2101 ea
880 2038 1066 2101 litteraliter
1079 2056 1256 2118 exponere,

150 2145 178 2198 et
198 2138 350 2200 historiae
374 2138 457 2201 tueri
482 2138 660 2212 veritatem,
684 2138 727 2199 ita
743 2146 779 2199 nt
800 2138 899 2217 magis
921 2145 1029 2218 pateat
1056 2137 1259 2201 adversario·

152 2254 219 2300 rann
242 2239 366 2301 illusio.
385 2238 425 2301 Et
440 2239 469 2300 id
485 2239 649 2302 manileste
664 2238 757 2302 docet
769 2236 909 2302 llomilia
925 2237 950 2301 l.
967 2236 1003 2300 ιἰι
1018 2236 1165 2301 Enodum
1179 2256 1210 2299 n.
1224 2234 1256 2302 3.

151 2339 199 2401 ubi
221 2358 344 2421 corpus
359 2339 400 2403 ab
412 2342 515 2403 anima
536 2340 688 2404 discernit
708 2342 739 2402 in
758 2342 921 2405 creatione
936 2341 1064 2421 Adami3
1080 2348 1111 2403 et
1129 2350 1257 2404 utrum·

150 2460 207 2521 qne
228 2445 277 2505 ait
297 2444 488 2522 praetulisse
502 2451 674 2523 antequam
690 2451 838 2522 peccaret
848 2462 860 2521 3
878 2442 1030 2525 adjiciens
1043 2445 1256 2523 insupercor·

148 2562 201 2623 pus
216 2564 260 2607 ex
277 2552 362 2607 terra
378 2544 566 2622 formatum,
584 2546 720 2607 animam
738 2564 815 2607 vero
829 2545 960 2609 aliunde
977 2564 1045 2609 esse
1058 2567 1067 2608 ι
1082 2566 1098 2603 ι
1111 2544 1256 2625 Denique

147 2647 246 2708 statim
271 2646 303 2707 in
324 2647 419 2709 initiis
441 2649 507 2728 ipse
530 2647 632 2711 Adam
654 2646 730 2727 quid
753 2646 859 2712 dicit?
879 2644 949 2710 lloc
968 2665 1055 2710 nuuc
1075 2666 1111 2710 or
1131 2643 1257 2709 mossi-

146 2747 196 2809 bas
215 2745 307 2824 meis,
329 2757 359 2810 et
378 2766 452 2811 coro
473 2749 509 2810 dc
530 2766 625 2811 corne
645 2768 725 2823 meo,
748 2768 806 2812 nec
821 2760 926 2812 temen
941 2749 1085 2812 addidit:
1102 2758 1135 2825 et
1148 2751 1256 2812 anima

146 2850 180 2913 de
200 2852 306 2913 anima
330 2870 410 2913 mea.
433 2850 493 2916 Sed
518 2852 635 2926 velim,
658 2852 735 2913 mihi
756 2854 900 2927 diceres,
923 2871 943 2915 o
964 2851 1088 2914 Adam:
1111 2851 1137 2914 si
1158 2867 1194 2914 oe
1215 2850 1255 2913 de

95 2934 97 2942 ⁴
148 2955 203 3015 tuis
224 2952 351 3015 ossibus
373 2954 542 3033 agnovisti,
565 2959 597 3015 et
618 2970 747 3015 carnem
770 2953 808 3015 de
832 2961 886 3014 tna
909 2970 1006 3015 carne
1026 2952 1168 3027 sensisti,
1190 2966 1252 3013 cur

145 3071 200 3115 non
223 3056 411 3118 intellexisti
432 3056 528 3117 etiem
549 3054 686 3115 animam
710 3053 748 3115 de
772 3062 824 3116 tna
848 3056 953 3115 anima
978 3048 1198 3134 processisse?
1216 3049 1250 3113 st

145 3157 222 3217 enim
245 3159 366 3232 omnia,
388 3173 472 3236 quae
493 3156 524 3218 in
547 3164 578 3217 te
598 3163 701 3229 erant,
725 3154 897 3230 tradidisti,
918 3172 980 3218 cnr
998 3172 1060 3217 non
1075 3154 1173 3215 etiarn
1187 3152 1253 3214 ani·

143 3274 209 3318 mae
231 3257 312 3321 lacis
333 3259 525 3321 mentionem
547 3274 621 3319 cum
644 3258 781 3330 ceteris,
804 3274 889 3337 qnae
915 3255 1032 3319 melior
1054 3258 1152 3319 totius
1180 3271 1252 3317 cor·
1345 3238 1347 3250 ’

144 3361 226 3435 pecie
249 3376 324 3437 pars
345 3355 421 3422 estl
441 3356 502 3423 Sed
520 3358 649 3421 videtur
663 3375 720 3440 per
742 3358 819 3421 baec
835 3358 1085 3439 intelligentibus
1100 3356 1252 3419 indicium

142 3458 215 3522 dare
227 3480 239 3539 3
263 3460 349 3541 quod
372 3477 447 3525 cum
467 3461 565 3523 dicit:
588 3478 623 3521 os
644 3461 679 3522 dc
700 3458 818 3522 ossibus
839 3458 935 3532 meis,
956 3469 985 3520 et
1004 3477 1080 3520 coro
1100 3459 1136 3520 de
1156 3472 1252 3519 corne

144 3578 220 3637 men,
242 3579 327 3641 quae
349 3560 388 3624 de
410 3568 494 3624 terra
517 3570 603 3637 sunt,
624 3579 681 3625 sna
700 3580 767 3623 esse
782 3560 939 3642 profiteri,
956 3579 1018 3623 non
1035 3559 1157 3621 audere
1174 3576 1252 3621 reru

143 3684 198 3725 sua
222 3664 344 3740 dicere,
367 3665 542 3743 umescit,
565 3681 626 3725 non
648 3663 775 3725 essedo
797 3672 926 3725 terra.»

216 3764 434 3844 Frequentius
448 3763 602 3844 Origenes
617 3764 656 3827 de
678 3765 813 3826 bominis
835 3764 929 3844 primi
952 3761 1133 3825 conditione
1154 3760 1250 3823 disso-

142 3886 224 3940 rens,
247 3875 419 3946 antequam
441 3876 602 3946 peccaret,
625 3867 706 3929 duas
728 3868 842 3947 inipso
858 3866 1023 3945 distinguit
1043 3864 1249 3934 snbstantias,

142 3987 236 4030 unarn
258 3968 381 4031 scilicet
393 3969 564 4043 internam,
581 3987 678 4048 quam
694 3968 775 4031 dixit
789 3968 949 4031 bominem
966 3967 1152 4028 interiorem
1168 3963 1250 4024 idest

141 4072 288 4144 animam,
301 4076 468 4132 externam
483 4068 631 4145 alteram,
645 4069 726 4132 idest
740 4087 871 4150 corpus,
884 4086 980 4148 qnam
993 4068 1073 4131 dixit
1087 4066 1248 4126 bominem

141 4170 346 4233 exteriorem.
374 4170 415 4234 Et
440 4172 520 4233 bnuc
544 4170 807 4249 sapientissimam
835 4170 1067 4231 distinctionem
1092 4167 1178 4227 eruit
1206 4181 1248 4226 ex

142 4268 299 4335 Geucseos
324 4273 469 4349 historia,
485 4272 540 4335 nbi
561 4272 680 4334 dicitur
701 4272 797 4334 bomo
821 4271 955 4333 interior
977 4269 1082 4331 lactus
1107 4268 1146 4328 ad
1171 4266 1249 4327 ima-

140 4372 242 4449 ginem
264 4370 346 4453 Dei;
369 4381 401 4437 et
421 4374 505 4436 alter
525 4373 563 4437 de
583 4371 662 4435 limo
685 4382 822 4435 terraea
839 4369 907 4433 Deo
928 4370 1088 4446 conditus,
1107 4373 1250 4431 carneet

143 4475 264 4537 ossibus
286 4484 441 4539 constans.
464 4472 590 4551 Quibus
613 4475 779 4556 praeclare
800 4473 995 4547 adstruitur,
1018 4473 1196 4536 Auctorem
1216 4470 1249 4530 iu
1286 4528 1294 4543 Ι

138 4574 272 4653 Adonin,
289 4578 477 4658 priusquam
494 4586 653 4657 peccaret,
668 4576 830 4640 admisisse
847 4592 966 4655 corpus
980 4574 1121 4639 solidum
1134 4582 1167 4637 et
1181 4572 1249 4654 pal-
