<?xml version="1.0" encoding="UTF-8"?>
<!DOCTYPE html PUBLIC "-//W3C//DTD XHTML 1.0 Transitional//EN"
    "http://www.w3.org/TR/xhtml1/DTD/xhtml1-transitional.dtd">
<html xmlns="http://www.w3.org/1999/xhtml" xml:lang="en" lang="en">
 <head>
  <title>
</title>
<meta http-equiv="Content-Type" content="text/html;charset=utf-8" />
  <meta name='ocr-system' content='tesseract 3.04.00' />
  <meta name='ocr-capabilities' content='ocr_page ocr_carea ocr_par ocr_line ocrx_word'/>
</head>
<body>
  <div class='ocr_page' id='page_1' title='image "./insgregoriinyss02vincgoog/insgregoriinyss02vincgoog_0788.png"; bbox 0 0 3375 5567; ppageno 0'>
   <div class='ocr_carea' id='block_1_1' title="bbox 423 804 1530 2503">
    <p class='ocr_par' dir='ltr' id='par_1_1' title="bbox 423 804 1529 1973">
     <span class='ocr_line' id='line_1_1' title="bbox 424 804 1523 891; baseline 0.002 -20"><span class='ocrx_word' id='word_1_1' title='bbox 424 804 573 882; x_wconf 80' lang='lat' dir='ltr'><strong>molium,</strong></span> <span class='ocrx_word' id='word_1_2' title='bbox 589 814 618 870; x_wconf 89' lang='grc' dir='ltr'><strong>ιι</strong></span> <span class='ocrx_word' id='word_1_3' title='bbox 631 818 791 874; x_wconf 79' lang='lat' dir='ltr'><strong>consueret</strong></span> <span class='ocrx_word' id='word_1_4' title='bbox 811 830 852 875; x_wconf 81' lang='lat' dir='ltr'><strong>ec</strong></span> <span class='ocrx_word' id='word_1_5' title='bbox 870 810 916 875; x_wconf 86' lang='lat' dir='ltr'><strong>cis</strong></span> <span class='ocrx_word' id='word_1_6' title='bbox 935 809 1063 875; x_wconf 81' lang='lat' dir='ltr'><strong>tnaicoe</strong></span> <span class='ocrx_word' id='word_1_7' title='bbox 1078 805 1227 891; x_wconf 80' lang='lat' dir='ltr'><strong>pelliceae</strong></span> <span class='ocrx_word' id='word_1_8' title='bbox 1240 808 1361 873; x_wconf 75' lang='lat' dir='ltr'><strong>Aduena</strong></span> <span class='ocrx_word' id='word_1_9' title='bbox 1378 818 1405 872; x_wconf 89' lang='grc' dir='ltr'><strong>ιι</strong></span> <span class='ocrx_word' id='word_1_10' title='bbox 1419 807 1523 873; x_wconf 72' lang='lat' dir='ltr'><strong>resa?</strong></span> 
     </span>
     <span class='ocr_line' id='line_1_2' title="bbox 423 908 1522 996; baseline 0.005 -25"><span class='ocrx_word' id='word_1_11' title='bbox 423 908 632 973; x_wconf 72' lang='lat' dir='ltr'><strong>Manifestum</strong></span> <span class='ocrx_word' id='word_1_12' title='bbox 653 918 701 976; x_wconf 85' lang='lat' dir='ltr'><strong>est</strong></span> <span class='ocrx_word' id='word_1_13' title='bbox 722 931 813 994; x_wconf 87' lang='lat' dir='ltr'><strong>crgo,</strong></span> <span class='ocrx_word' id='word_1_14' title='bbox 836 914 955 996; x_wconf 86' lang='lat' dir='ltr'><strong>inquit,</strong></span> <span class='ocrx_word' id='word_1_15' title='bbox 977 912 1064 994; x_wconf 86' lang='lat' dir='ltr'><strong>quod</strong></span> <span class='ocrx_word' id='word_1_16' title='bbox 1086 912 1127 975; x_wconf 92' lang='lat' dir='ltr'><strong>de</strong></span> <span class='ocrx_word' id='word_1_17' title='bbox 1146 912 1340 992; x_wconf 89' lang='lat' dir='ltr'><strong>corporibus</strong></span> <span class='ocrx_word' id='word_1_18' title='bbox 1359 914 1522 977; x_wconf 77' lang='lat' dir='ltr'><strong>nostrielo</strong></span> 
     </span>
     <span class='ocr_line' id='line_1_3' title="bbox 423 1010 1523 1096; baseline 0.003 -23"><span class='ocrx_word' id='word_1_19' title='bbox 423 1021 555 1090; x_wconf 87' lang='lat' dir='ltr'><strong>quatur.</strong></span> <span class='ocrx_word' id='word_1_20' title='bbox 578 1010 620 1075; x_wconf 85' lang='lat' dir='ltr'><strong>Et</strong></span> <span class='ocrx_word' id='word_1_21' title='bbox 640 1013 665 1075; x_wconf 91' lang='lat' dir='ltr'><strong>si</strong></span> <span class='ocrx_word' id='word_1_22' title='bbox 687 1014 749 1077; x_wconf 85' lang='lat' dir='ltr'><strong>iroc</strong></span> <span class='ocrx_word' id='word_1_23' title='bbox 764 1016 807 1077; x_wconf 89' lang='lat' dir='ltr'><strong>ita</strong></span> <span class='ocrx_word' id='word_1_24' title='bbox 823 1022 884 1092; x_wconf 88' lang='lat' dir='ltr'><strong>cst,</strong></span> <span class='ocrx_word' id='word_1_25' title='bbox 900 1013 1063 1096; x_wconf 88' lang='lat' dir='ltr'><strong>quomodo</strong></span> <span class='ocrx_word' id='word_1_26' title='bbox 1081 1012 1219 1092; x_wconf 87' lang='lat' dir='ltr'><strong>legimus</strong></span> <span class='ocrx_word' id='word_1_27' title='bbox 1232 1012 1466 1092; x_wconf 77' lang='lat' dir='ltr'><strong>antepelliceas</strong></span> <span class='ocrx_word' id='word_1_28' title='bbox 1480 1022 1523 1076; x_wconf 83' lang='lat' dir='ltr'><strong>tn·</strong></span> 
     </span>
     <span class='ocr_line' id='line_1_4' title="bbox 424 1112 1522 1187; baseline 0.004 -14"><span class='ocrx_word' id='word_1_29' title='bbox 424 1113 510 1177; x_wconf 83' lang='lat' dir='ltr'><strong>nicae</strong></span> <span class='ocrx_word' id='word_1_30' title='bbox 531 1119 563 1177; x_wconf 92' lang='lat' dir='ltr'><strong>et</strong></span> <span class='ocrx_word' id='word_1_31' title='bbox 584 1122 658 1178; x_wconf 89' lang='lat' dir='ltr'><strong>ante</strong></span> <span class='ocrx_word' id='word_1_32' title='bbox 672 1114 917 1180; x_wconf 77' lang='lat' dir='ltr'><strong>inobedientiam</strong></span> <span class='ocrx_word' id='word_1_33' title='bbox 939 1124 972 1181; x_wconf 92' lang='lat' dir='ltr'><strong>et</strong></span> <span class='ocrx_word' id='word_1_34' title='bbox 992 1116 1031 1179; x_wconf 90' lang='lat' dir='ltr'><strong>de</strong></span> <span class='ocrx_word' id='word_1_35' title='bbox 1052 1112 1205 1178; x_wconf 76' lang='lat' dir='ltr'><strong>Pennino</strong></span> <span class='ocrx_word' id='word_1_36' title='bbox 1221 1115 1361 1187; x_wconf 87' lang='lat' dir='ltr'><strong>ruinam,</strong></span> <span class='ocrx_word' id='word_1_37' title='bbox 1378 1113 1522 1177; x_wconf 70' lang='lat' dir='ltr'><strong>lida-nm</strong></span> 
     </span>
     <span class='ocr_line' id='line_1_5' title="bbox 424 1206 1523 1291; baseline -0.001 -23"><span class='ocrx_word' id='word_1_38' title='bbox 424 1206 609 1288; x_wconf 87' lang='lat' dir='ltr'><strong>loquentem</strong></span> <span class='ocrx_word' id='word_1_39' title='bbox 631 1226 694 1271; x_wconf 90' lang='lat' dir='ltr'><strong>nou</strong></span> <span class='ocrx_word' id='word_1_40' title='bbox 715 1212 893 1273; x_wconf 86' lang='lat' dir='ltr'><strong>secuudum</strong></span> <span class='ocrx_word' id='word_1_41' title='bbox 915 1210 1117 1291; x_wconf 68' lang='lat' dir='ltr'><strong>allegoriam,</strong></span> <span class='ocrx_word' id='word_1_42' title='bbox 1137 1209 1192 1272; x_wconf 87' lang='lat' dir='ltr'><strong>sed</strong></span> <span class='ocrx_word' id='word_1_43' title='bbox 1216 1226 1294 1272; x_wconf 85' lang='lat' dir='ltr'><strong>rere</strong></span> <span class='ocrx_word' id='word_1_44' title='bbox 1309 1228 1318 1270; x_wconf 83' lang='grc' dir='ltr'><strong>ι</strong></span> <span class='ocrx_word' id='word_1_45' title='bbox 1334 1207 1523 1269; x_wconf 73' lang='lat' dir='ltr'><strong>menecea</strong></span> 
     </span>
     <span class='ocr_line' id='line_1_6' title="bbox 425 1300 1525 1382; baseline 0.001 -21"><span class='ocrx_word' id='word_1_46' title='bbox 425 1318 465 1361; x_wconf 78' lang='grc' dir='ltr'><strong>ιιι</strong></span> <span class='ocrx_word' id='word_1_47' title='bbox 483 1300 605 1365; x_wconf 81' lang='lat' dir='ltr'><strong>oaaibue</strong></span> <span class='ocrx_word' id='word_1_48' title='bbox 624 1301 713 1382; x_wconf 83' lang='lat' dir='ltr'><strong>meis,</strong></span> <span class='ocrx_word' id='word_1_49' title='bbox 735 1312 763 1366; x_wconf 92' lang='grc' dir='ltr'><strong>ιι</strong></span> <span class='ocrx_word' id='word_1_50' title='bbox 784 1322 860 1367; x_wconf 88' lang='lat' dir='ltr'><strong>coro</strong></span> <span class='ocrx_word' id='word_1_51' title='bbox 880 1306 916 1367; x_wconf 88' lang='lat' dir='ltr'><strong>de</strong></span> <span class='ocrx_word' id='word_1_52' title='bbox 936 1322 1032 1367; x_wconf 81' lang='lat' dir='ltr'><strong>corae</strong></span> <span class='ocrx_word' id='word_1_53' title='bbox 1050 1300 1146 1367; x_wconf 72' lang='lat' dir='ltr'><strong>meo?</strong></span> <span class='ocrx_word' id='word_1_54' title='bbox 1159 1309 1217 1366; x_wconf 92' lang='lat' dir='ltr'><strong>ant</strong></span> <span class='ocrx_word' id='word_1_55' title='bbox 1231 1302 1317 1365; x_wconf 89' lang='lat' dir='ltr'><strong>unde</strong></span> <span class='ocrx_word' id='word_1_56' title='bbox 1332 1302 1525 1381; x_wconf 86' lang='lat' dir='ltr'><strong>desumptum</strong></span> 
     </span>
     <span class='ocr_line' id='line_1_7' title="bbox 425 1400 1527 1485; baseline -0.002 -20"><span class='ocrx_word' id='word_1_57' title='bbox 425 1408 474 1465; x_wconf 90' lang='lat' dir='ltr'><strong>eat</strong></span> <span class='ocrx_word' id='word_1_58' title='bbox 494 1402 588 1477; x_wconf 91' lang='lat' dir='ltr'><strong>iliud,</strong></span> <span class='ocrx_word' id='word_1_59' title='bbox 611 1405 698 1485; x_wconf 86' lang='lat' dir='ltr'><strong>quod</strong></span> <span class='ocrx_word' id='word_1_60' title='bbox 720 1405 847 1470; x_wconf 77' lang='lat' dir='ltr'><strong>divinus</strong></span> <span class='ocrx_word' id='word_1_61' title='bbox 868 1424 974 1469; x_wconf 85' lang='lat' dir='ltr'><strong>sermo</strong></span> <span class='ocrx_word' id='word_1_62' title='bbox 997 1413 1155 1471; x_wconf 82' lang='lat' dir='ltr'><strong>testatur:</strong></span> <span class='ocrx_word' id='word_1_63' title='bbox 1176 1414 1205 1468; x_wconf 89' lang='grc' dir='ltr'><strong>ιι</strong></span> <span class='ocrx_word' id='word_1_64' title='bbox 1228 1400 1336 1484; x_wconf 73' lang='lat' dir='ltr'><strong>injecit</strong></span> <span class='ocrx_word' id='word_1_65' title='bbox 1352 1400 1432 1465; x_wconf 73' lang='lat' dir='ltr'><strong>bees</strong></span> <span class='ocrx_word' id='word_1_66' title='bbox 1450 1421 1527 1483; x_wconf 85' lang='lat' dir='ltr'><strong>mpo-</strong></span> 
     </span>
     <span class='ocr_line' id='line_1_8' title="bbox 425 1500 1525 1586; baseline -0.003 -22"><span class='ocrx_word' id='word_1_67' title='bbox 425 1520 489 1565; x_wconf 86' lang='lat' dir='ltr'><strong>rem</strong></span> <span class='ocrx_word' id='word_1_68' title='bbox 511 1500 546 1565; x_wconf 83' lang='lat' dir='ltr'><strong>im</strong></span> <span class='ocrx_word' id='word_1_69' title='bbox 567 1504 723 1568; x_wconf 72' lang='lat' dir='ltr'><strong>adamum</strong></span> <span class='ocrx_word' id='word_1_70' title='bbox 743 1516 771 1569; x_wconf 88' lang='grc' dir='ltr'><strong>ιι</strong></span> <span class='ocrx_word' id='word_1_71' title='bbox 791 1504 971 1579; x_wconf 86' lang='lat' dir='ltr'><strong>dormioit;</strong></span> <span class='ocrx_word' id='word_1_72' title='bbox 991 1515 1021 1569; x_wconf 89' lang='grc' dir='ltr'><strong>ιι</strong></span> <span class='ocrx_word' id='word_1_73' title='bbox 1038 1504 1172 1586; x_wconf 79' lang='lat' dir='ltr'><strong>compsit</strong></span> <span class='ocrx_word' id='word_1_74' title='bbox 1191 1523 1290 1568; x_wconf 82' lang='lat' dir='ltr'><strong>unam</strong></span> <span class='ocrx_word' id='word_1_75' title='bbox 1310 1504 1347 1567; x_wconf 81' lang='lat' dir='ltr'><strong>dc</strong></span> <span class='ocrx_word' id='word_1_76' title='bbox 1367 1500 1457 1565; x_wconf 77' lang='lat' dir='ltr'><strong>costis</strong></span> <span class='ocrx_word' id='word_1_77' title='bbox 1469 1502 1525 1583; x_wconf 78' lang='lat' dir='ltr'><strong>ejus</strong></span> 
     </span>
     <span class='ocr_line' id='line_1_9' title="bbox 426 1602 1527 1690; baseline -0.001 -24"><span class='ocrx_word' id='word_1_78' title='bbox 426 1611 455 1666; x_wconf 88' lang='grc' dir='ltr'><strong>ιι</strong></span> <span class='ocrx_word' id='word_1_79' title='bbox 473 1602 657 1685; x_wconf 79' lang='lat' dir='ltr'><strong>adimplevit</strong></span> <span class='ocrx_word' id='word_1_80' title='bbox 671 1626 732 1687; x_wconf 88' lang='lat' dir='ltr'><strong>pro</strong></span> <span class='ocrx_word' id='word_1_81' title='bbox 751 1626 787 1671; x_wconf 87' lang='lat' dir='ltr'><strong>cc</strong></span> <span class='ocrx_word' id='word_1_82' title='bbox 807 1626 947 1680; x_wconf 80' lang='lat' dir='ltr'><strong>caraem,</strong></span> <span class='ocrx_word' id='word_1_83' title='bbox 967 1619 996 1672; x_wconf 87' lang='grc' dir='ltr'><strong>ιι</strong></span> <span class='ocrx_word' id='word_1_84' title='bbox 1015 1605 1195 1690; x_wconf 66' lang='lat' dir='ltr'><strong>aedificavit</strong></span> <span class='ocrx_word' id='word_1_85' title='bbox 1214 1616 1345 1679; x_wconf 83' lang='lat' dir='ltr'><strong>eostam,</strong></span> <span class='ocrx_word' id='word_1_86' title='bbox 1373 1623 1469 1685; x_wconf 78' lang='lat' dir='ltr'><strong>pacm</strong></span> <span class='ocrx_word' id='word_1_87' title='bbox 1484 1612 1527 1665; x_wconf 82' lang='grc' dir='ltr'>ιιι·</span> 
     </span>
     <span class='ocr_line' id='line_1_10' title="bbox 426 1704 1529 1791; baseline 0 -24"><span class='ocrx_word' id='word_1_88' title='bbox 426 1704 508 1769; x_wconf 82' lang='lat' dir='ltr'><strong>ieret</strong></span> <span class='ocrx_word' id='word_1_89' title='bbox 527 1724 567 1769; x_wconf 76' lang='lat' dir='ltr'><strong>ee</strong></span> <span class='ocrx_word' id='word_1_90' title='bbox 582 1728 650 1786; x_wconf 78' lang='lat' dir='ltr'><strong>eo,</strong></span> <span class='ocrx_word' id='word_1_91' title='bbox 670 1708 724 1773; x_wconf 86' lang='lat' dir='ltr'><strong>iiii</strong></span> <span class='ocrx_word' id='word_1_92' title='bbox 742 1710 780 1774; x_wconf 84' lang='grc' dir='ltr'><strong>ιἰι</strong></span> <span class='ocrx_word' id='word_1_93' title='bbox 799 1706 963 1775; x_wconf 75' lang='lat' dir='ltr'><strong>onorem?</strong></span> <span class='ocrx_word' id='word_1_94' title='bbox 984 1711 1051 1775; x_wconf 77' lang='lat' dir='ltr'><strong>Aut</strong></span> <span class='ocrx_word' id='word_1_95' title='bbox 1079 1728 1163 1791; x_wconf 83' lang='lat' dir='ltr'><strong>qnae</strong></span> <span class='ocrx_word' id='word_1_96' title='bbox 1187 1727 1327 1788; x_wconf 88' lang='lat' dir='ltr'><strong>corpora</strong></span> <span class='ocrx_word' id='word_1_97' title='bbox 1353 1706 1529 1786; x_wconf 89' lang='lat' dir='ltr'><strong>contegebat</strong></span> 
     </span>
     <span class='ocr_line' id='line_1_11' title="bbox 428 1805 1528 1894; baseline 0 -24"><span class='ocrx_word' id='word_1_98' title='bbox 428 1805 531 1870; x_wconf 77' lang='lat' dir='ltr'><strong>Adam</strong></span> <span class='ocrx_word' id='word_1_99' title='bbox 552 1816 585 1873; x_wconf 88' lang='lat' dir='ltr'><strong>et</strong></span> <span class='ocrx_word' id='word_1_100' title='bbox 606 1808 675 1874; x_wconf 87' lang='lat' dir='ltr'><strong>Eva</strong></span> <span class='ocrx_word' id='word_1_101' title='bbox 696 1810 781 1875; x_wconf 90' lang='lat' dir='ltr'><strong>ioiiis</strong></span> <span class='ocrx_word' id='word_1_102' title='bbox 802 1810 903 1889; x_wconf 89' lang='lat' dir='ltr'><strong>iicns,</strong></span> <span class='ocrx_word' id='word_1_103' title='bbox 924 1821 1096 1894; x_wconf 90' lang='lat' dir='ltr'><strong>postquam</strong></span> <span class='ocrx_word' id='word_1_104' title='bbox 1117 1811 1330 1877; x_wconf 89' lang='lat' dir='ltr'><strong>comederunt</strong></span> <span class='ocrx_word' id='word_1_105' title='bbox 1354 1810 1395 1873; x_wconf 90' lang='lat' dir='ltr'><strong>de</strong></span> <span class='ocrx_word' id='word_1_106' title='bbox 1423 1809 1528 1871; x_wconf 86' lang='lat' dir='ltr'><strong>arbore</strong></span> 
     </span>
     <span class='ocr_line' id='line_1_12' title="bbox 432 1908 587 1973; baseline -0.013 -4"><span class='ocrx_word' id='word_1_107' title='bbox 432 1908 527 1971; x_wconf 69' lang='lat' dir='ltr'><strong>voilia</strong></span> <span class='ocrx_word' id='word_1_108' title='bbox 542 1908 557 1973; x_wconf 72' lang='grc' dir='ltr'><strong>ἱ)</strong></span> <span class='ocrx_word' id='word_1_109' title='bbox 570 1932 587 1967; x_wconf 90' lang='grc' dir='ltr'><strong>ιι</strong></span> 
     </span>
    </p>

    <p class='ocr_par' dir='ltr' id='par_1_2' title="bbox 429 2010 1530 2503">
     <span class='ocr_line' id='line_1_13' title="bbox 508 2010 1529 2096; baseline -0.005 -19"><span class='ocrx_word' id='word_1_110' title='bbox 508 2010 675 2090; x_wconf 75' lang='lat' dir='ltr'><strong>Caietam,</strong></span> <span class='ocrx_word' id='word_1_111' title='bbox 698 2033 801 2079; x_wconf 90' lang='lat' dir='ltr'><strong>noune</strong></span> <span class='ocrx_word' id='word_1_112' title='bbox 822 2034 908 2096; x_wconf 88' lang='lat' dir='ltr'><strong>quae</strong></span> <span class='ocrx_word' id='word_1_113' title='bbox 927 2035 953 2079; x_wconf 88' lang='grc' dir='ltr'><strong>ι.</strong></span> <span class='ocrx_word' id='word_1_114' title='bbox 970 2013 1168 2095; x_wconf 76' lang='lat' dir='ltr'><strong>Epiphanius</strong></span> <span class='ocrx_word' id='word_1_115' title='bbox 1189 2014 1229 2077; x_wconf 90' lang='lat' dir='ltr'><strong>de</strong></span> <span class='ocrx_word' id='word_1_116' title='bbox 1255 2013 1373 2079; x_wconf 85' lang='lat' dir='ltr'><strong>tunicis</strong></span> <span class='ocrx_word' id='word_1_117' title='bbox 1400 2012 1529 2093; x_wconf 79' lang='lat' dir='ltr'><strong>pelliceis</strong></span> 
     </span>
     <span class='ocr_line' id='line_1_14' title="bbox 429 2110 1530 2199; baseline 0 -27"><span class='ocrx_word' id='word_1_118' title='bbox 429 2110 546 2193; x_wconf 84' lang='lat' dir='ltr'><strong>objecit</strong></span> <span class='ocrx_word' id='word_1_119' title='bbox 558 2110 688 2192; x_wconf 87' lang='lat' dir='ltr'><strong>Origeoi</strong></span> <span class='ocrx_word' id='word_1_120' title='bbox 703 2126 865 2199; x_wconf 86' lang='lat' dir='ltr'><strong>tamquam</strong></span> <span class='ocrx_word' id='word_1_121' title='bbox 883 2135 995 2197; x_wconf 80' lang='lat' dir='ltr'><strong>prava,</strong></span> <span class='ocrx_word' id='word_1_122' title='bbox 1009 2135 1112 2180; x_wconf 90' lang='lat' dir='ltr'><strong>noune</strong></span> <span class='ocrx_word' id='word_1_123' title='bbox 1126 2120 1193 2197; x_wconf 81' lang='lat' dir='ltr'><strong>ipae</strong></span> <span class='ocrx_word' id='word_1_124' title='bbox 1206 2114 1366 2196; x_wconf 83' lang='lat' dir='ltr'><strong>Origenes</strong></span> <span class='ocrx_word' id='word_1_125' title='bbox 1376 2113 1530 2194; x_wconf 86' lang='lat' dir='ltr'><strong>praeclare</strong></span> 
     </span>
     <span class='ocr_line' id='line_1_15' title="bbox 430 2212 1528 2300; baseline 0 -26"><span class='ocrx_word' id='word_1_126' title='bbox 430 2212 587 2279; x_wconf 85' lang='lat' dir='ltr'><strong>reiutarit</strong></span> <span class='ocrx_word' id='word_1_127' title='bbox 607 2217 639 2279; x_wconf 94' lang='lat' dir='ltr'><strong>in</strong></span> <span class='ocrx_word' id='word_1_128' title='bbox 660 2217 757 2281; x_wconf 89' lang='lat' dir='ltr'><strong>citata</strong></span> <span class='ocrx_word' id='word_1_129' title='bbox 778 2217 959 2300; x_wconf 78' lang='lat' dir='ltr'><strong>pericope?</strong></span> <span class='ocrx_word' id='word_1_130' title='bbox 980 2217 1022 2283; x_wconf 83' lang='lat' dir='ltr'><strong>Et</strong></span> <span class='ocrx_word' id='word_1_131' title='bbox 1041 2219 1127 2283; x_wconf 92' lang='lat' dir='ltr'><strong>unde</strong></span> <span class='ocrx_word' id='word_1_132' title='bbox 1147 2219 1188 2281; x_wconf 90' lang='lat' dir='ltr'><strong>ab</strong></span> <span class='ocrx_word' id='word_1_133' title='bbox 1214 2217 1367 2297; x_wconf 84' lang='lat' dir='ltr'><strong>Origenis</strong></span> <span class='ocrx_word' id='word_1_134' title='bbox 1396 2213 1528 2295; x_wconf 87' lang='lat' dir='ltr'><strong>praelata</strong></span> 
     </span>
     <span class='ocr_line' id='line_1_16' title="bbox 429 2314 1529 2402; baseline 0.003 -28"><span class='ocrx_word' id='word_1_135' title='bbox 429 2314 606 2391; x_wconf 89' lang='lat' dir='ltr'><strong>locutione,</strong></span> <span class='ocrx_word' id='word_1_136' title='bbox 629 2320 728 2399; x_wconf 87' lang='lat' dir='ltr'><strong>ipsius</strong></span> <span class='ocrx_word' id='word_1_137' title='bbox 749 2330 907 2395; x_wconf 84' lang='lat' dir='ltr'><strong>conatus,</strong></span> <span class='ocrx_word' id='word_1_138' title='bbox 928 2321 1029 2400; x_wconf 89' lang='lat' dir='ltr'><strong>ipsius</strong></span> <span class='ocrx_word' id='word_1_139' title='bbox 1049 2329 1262 2402; x_wconf 87' lang='lat' dir='ltr'><strong>argumenta,</strong></span> <span class='ocrx_word' id='word_1_140' title='bbox 1285 2328 1325 2383; x_wconf 91' lang='lat' dir='ltr'><strong>ut</strong></span> <span class='ocrx_word' id='word_1_141' title='bbox 1344 2318 1407 2382; x_wconf 81' lang='lat' dir='ltr'><strong>snb</strong></span> <span class='ocrx_word' id='word_1_142' title='bbox 1428 2316 1529 2379; x_wconf 81' lang='lat' dir='ltr'><strong>tunicis</strong></span> 
     </span>
     <span class='ocr_line' id='line_1_17' title="bbox 432 2416 1528 2503; baseline -0.003 -24"><span class='ocrx_word' id='word_1_143' title='bbox 432 2416 574 2495; x_wconf 79' lang='lat' dir='ltr'><strong>pelliceis</strong></span> <span class='ocrx_word' id='word_1_144' title='bbox 589 2422 816 2501; x_wconf 84' lang='lat' dir='ltr'><strong>comprehendi</strong></span> <span class='ocrx_word' id='word_1_145' title='bbox 830 2430 952 2486; x_wconf 84' lang='lat' dir='ltr'><strong>statuat</strong></span> <span class='ocrx_word' id='word_1_146' title='bbox 966 2440 1103 2503; x_wconf 87' lang='lat' dir='ltr'><strong>corpora</strong></span> <span class='ocrx_word' id='word_1_147' title='bbox 1122 2419 1257 2485; x_wconf 79' lang='lat' dir='ltr'><strong>nostra?</strong></span> <span class='ocrx_word' id='word_1_148' title='bbox 1271 2419 1390 2486; x_wconf 83' lang='lat' dir='ltr'><strong>Nonne</strong></span> <span class='ocrx_word' id='word_1_149' title='bbox 1404 2416 1528 2498; x_wconf 82' lang='lat' dir='ltr'><strong>Epipha-</strong></span> 
     </span>
    </p>
   </div>
   <div class='ocr_carea' id='block_1_2' title="bbox 309 2516 1529 2614">
    <p class='ocr_par' dir='ltr' id='par_1_3' title="bbox 309 2516 1529 2614">
     <span class='ocr_line' id='line_1_18' title="bbox 309 2516 1529 2614; baseline 0.002 -38"><span class='ocrx_word' id='word_1_150' title='bbox 309 2607 312 2614; x_wconf 88' lang='lat'>.</span> <span class='ocrx_word' id='word_1_151' title='bbox 430 2517 473 2578; x_wconf 89' lang='lat' dir='ltr'><strong>nii</strong></span> <span class='ocrx_word' id='word_1_152' title='bbox 494 2516 577 2582; x_wconf 88' lang='lat' dir='ltr'><strong>dicta</strong></span> <span class='ocrx_word' id='word_1_153' title='bbox 599 2521 754 2587; x_wconf 80' lang='lat' dir='ltr'><strong>adversus</strong></span> <span class='ocrx_word' id='word_1_154' title='bbox 779 2525 861 2587; x_wconf 80' lang='lat' dir='ltr'><strong>lianc</strong></span> <span class='ocrx_word' id='word_1_155' title='bbox 879 2524 1031 2587; x_wconf 88' lang='lat' dir='ltr'><strong>stolidam</strong></span> <span class='ocrx_word' id='word_1_156' title='bbox 1051 2526 1299 2602; x_wconf 77' lang='lat' dir='ltr'><strong>expositionem,</strong></span> <span class='ocrx_word' id='word_1_157' title='bbox 1322 2523 1433 2587; x_wconf 85' lang='lat' dir='ltr'><strong>eadem</strong></span> <span class='ocrx_word' id='word_1_158' title='bbox 1453 2528 1529 2595; x_wconf 90' lang='lat' dir='ltr'><strong>sunt,</strong></span> 
     </span>
    </p>
   </div>
   <div class='ocr_carea' id='block_1_3' title="bbox 365 2619 1535 4634">
    <p class='ocr_par' dir='ltr' id='par_1_4' title="bbox 365 2619 1535 4634">
     <span class='ocr_line' id='line_1_19' title="bbox 431 2619 1529 2709; baseline -0.002 -28"><span class='ocrx_word' id='word_1_159' title='bbox 431 2635 516 2698; x_wconf 84' lang='lat' dir='ltr'><strong>quae</strong></span> <span class='ocrx_word' id='word_1_160' title='bbox 537 2619 579 2682; x_wconf 91' lang='lat' dir='ltr'><strong>ibi</strong></span> <span class='ocrx_word' id='word_1_161' title='bbox 600 2631 631 2683; x_wconf 89' lang='lat' dir='ltr'><strong>et</strong></span> <span class='ocrx_word' id='word_1_162' title='bbox 652 2623 727 2685; x_wconf 90' lang='lat' dir='ltr'><strong>alibi</strong></span> <span class='ocrx_word' id='word_1_163' title='bbox 749 2624 876 2688; x_wconf 86' lang='lat' dir='ltr'><strong>admisit</strong></span> <span class='ocrx_word' id='word_1_164' title='bbox 895 2623 1051 2705; x_wconf 81' lang='lat' dir='ltr'><strong>Origenes</strong></span> <span class='ocrx_word' id='word_1_165' title='bbox 1065 2634 1176 2688; x_wconf 87' lang='lat' dir='ltr'><strong>contra</strong></span> <span class='ocrx_word' id='word_1_166' title='bbox 1196 2624 1358 2709; x_wconf 80' lang='lat' dir='ltr'><strong>ejusmodi</strong></span> <span class='ocrx_word' id='word_1_167' title='bbox 1375 2621 1529 2686; x_wconf 87' lang='lat' dir='ltr'><strong>marcioni·</strong></span> 
     </span>
     <span class='ocr_line' id='line_1_20' title="bbox 430 2720 1529 2803; baseline 0.001 -22"><span class='ocrx_word' id='word_1_168' title='bbox 430 2723 555 2784; x_wconf 89' lang='lat' dir='ltr'><strong>starum</strong></span> <span class='ocrx_word' id='word_1_169' title='bbox 575 2720 755 2803; x_wconf 69' lang='lat' dir='ltr'><strong>dogmata?</strong></span> <span class='ocrx_word' id='word_1_170' title='bbox 776 2724 890 2791; x_wconf 86' lang='lat' dir='ltr'><strong>Nonne</strong></span> <span class='ocrx_word' id='word_1_171' title='bbox 910 2726 950 2790; x_wconf 90' lang='lat' dir='ltr'><strong>de</strong></span> <span class='ocrx_word' id='word_1_172' title='bbox 971 2728 1107 2791; x_wconf 87' lang='lat' dir='ltr'><strong>bominis</strong></span> <span class='ocrx_word' id='word_1_173' title='bbox 1128 2729 1309 2793; x_wconf 90' lang='lat' dir='ltr'><strong>conditione</strong></span> <span class='ocrx_word' id='word_1_174' title='bbox 1331 2726 1443 2790; x_wconf 89' lang='lat' dir='ltr'><strong>docuit</strong></span> <span class='ocrx_word' id='word_1_175' title='bbox 1465 2722 1529 2786; x_wconf 85' lang='lat' dir='ltr'><strong>Ori·</strong></span> 
     </span>
     <span class='ocr_line' id='line_1_21' title="bbox 432 2821 1529 2909; baseline -0.001 -25"><span class='ocrx_word' id='word_1_176' title='bbox 432 2836 540 2907; x_wconf 83' lang='lat' dir='ltr'><strong>genes,</strong></span> <span class='ocrx_word' id='word_1_177' title='bbox 564 2821 666 2889; x_wconf 82' lang='lat' dir='ltr'><strong>[lenna</strong></span> <span class='ocrx_word' id='word_1_178' title='bbox 687 2843 813 2891; x_wconf 86' lang='lat' dir='ltr'><strong>creasse</strong></span> <span class='ocrx_word' id='word_1_179' title='bbox 836 2827 1021 2907; x_wconf 73' lang='lat' dir='ltr'><strong>Adamum3</strong></span> <span class='ocrx_word' id='word_1_180' title='bbox 1043 2838 1076 2891; x_wconf 91' lang='lat' dir='ltr'><strong>et</strong></span> <span class='ocrx_word' id='word_1_181' title='bbox 1096 2830 1226 2909; x_wconf 87' lang='lat' dir='ltr'><strong>quidem</strong></span> <span class='ocrx_word' id='word_1_182' title='bbox 1246 2828 1278 2889; x_wconf 93' lang='lat' dir='ltr'><strong>in</strong></span> <span class='ocrx_word' id='word_1_183' title='bbox 1295 2828 1363 2909; x_wconf 84' lang='lat' dir='ltr'><strong>ipsa</strong></span> <span class='ocrx_word' id='word_1_184' title='bbox 1379 2826 1529 2891; x_wconf 88' lang='lat' dir='ltr'><strong>creatione</strong></span> 
     </span>
     <span class='ocr_line' id='line_1_22' title="bbox 433 2924 1531 3009; baseline -0.001 -25"><span class='ocrx_word' id='word_1_185' title='bbox 433 2924 535 2986; x_wconf 89' lang='lat' dir='ltr'><strong>anima</strong></span> <span class='ocrx_word' id='word_1_186' title='bbox 558 2933 591 2987; x_wconf 93' lang='lat' dir='ltr'><strong>et</strong></span> <span class='ocrx_word' id='word_1_187' title='bbox 614 2945 752 3009; x_wconf 89' lang='lat' dir='ltr'><strong>corpore</strong></span> <span class='ocrx_word' id='word_1_188' title='bbox 775 2929 874 2993; x_wconf 88' lang='lat' dir='ltr'><strong>inisse</strong></span> <span class='ocrx_word' id='word_1_189' title='bbox 894 2930 1058 3009; x_wconf 84' lang='lat' dir='ltr'><strong>ditatum;</strong></span> <span class='ocrx_word' id='word_1_190' title='bbox 1086 2939 1119 2993; x_wconf 91' lang='lat' dir='ltr'><strong>et</strong></span> <span class='ocrx_word' id='word_1_191' title='bbox 1139 2949 1157 2991; x_wconf 91' lang='grc' dir='ltr'><strong>ι</strong></span> <span class='ocrx_word' id='word_1_192' title='bbox 1179 2930 1290 2993; x_wconf 86' lang='lat' dir='ltr'><strong>dictis:</strong></span> <span class='ocrx_word' id='word_1_193' title='bbox 1313 2949 1350 2991; x_wconf 88' lang='lat' dir='ltr'><strong>oe</strong></span> <span class='ocrx_word' id='word_1_194' title='bbox 1370 2930 1407 2989; x_wconf 87' lang='lat' dir='ltr'><strong>de</strong></span> <span class='ocrx_word' id='word_1_195' title='bbox 1425 2924 1531 2988; x_wconf 84' lang='lat' dir='ltr'><strong>oesiim</strong></span> 
     </span>
     <span class='ocr_line' id='line_1_23' title="bbox 433 3023 1530 3111; baseline -0.004 -24"><span class='ocrx_word' id='word_1_196' title='bbox 433 3023 509 3087; x_wconf 83' lang='lat' dir='ltr'><strong>meis</strong></span> <span class='ocrx_word' id='word_1_197' title='bbox 521 3033 548 3088; x_wconf 95' lang='grc' dir='ltr'><strong>ιι</strong></span> <span class='ocrx_word' id='word_1_198' title='bbox 568 3046 643 3091; x_wconf 86' lang='lat' dir='ltr'><strong>coro</strong></span> <span class='ocrx_word' id='word_1_199' title='bbox 657 3028 694 3091; x_wconf 88' lang='lat' dir='ltr'><strong>de</strong></span> <span class='ocrx_word' id='word_1_200' title='bbox 712 3049 806 3093; x_wconf 83' lang='lat' dir='ltr'><strong>carme</strong></span> <span class='ocrx_word' id='word_1_201' title='bbox 820 3050 899 3105; x_wconf 85' lang='lat' dir='ltr'><strong>meo,</strong></span> <span class='ocrx_word' id='word_1_202' title='bbox 916 3049 1105 3111; x_wconf 88' lang='lat' dir='ltr'><strong>corpoream</strong></span> <span class='ocrx_word' id='word_1_203' title='bbox 1126 3031 1284 3111; x_wconf 84' lang='lat' dir='ltr'><strong>designari</strong></span> <span class='ocrx_word' id='word_1_204' title='bbox 1299 3030 1502 3094; x_wconf 87' lang='lat' dir='ltr'><strong>substantiam</strong></span> <span class='ocrx_word' id='word_1_205' title='bbox 1516 3042 1530 3083; x_wconf 96' lang='grc' dir='ltr'><strong>ι</strong></span> 
     </span>
     <span class='ocr_line' id='line_1_24' title="bbox 434 3126 1531 3214; baseline -0.004 -26"><span class='ocrx_word' id='word_1_206' title='bbox 434 3126 597 3207; x_wconf 85' lang='lat' dir='ltr'><strong>spirituali</strong></span> <span class='ocrx_word' id='word_1_207' title='bbox 616 3130 814 3206; x_wconf 86' lang='lat' dir='ltr'><strong>distinctam,</strong></span> <span class='ocrx_word' id='word_1_208' title='bbox 830 3141 862 3196; x_wconf 89' lang='lat' dir='ltr'><strong>et</strong></span> <span class='ocrx_word' id='word_1_209' title='bbox 877 3134 1020 3195; x_wconf 87' lang='lat' dir='ltr'><strong>membra</strong></span> <span class='ocrx_word' id='word_1_210' title='bbox 1043 3133 1278 3214; x_wconf 76' lang='lat' dir='ltr'><strong>praeferentem</strong></span> <span class='ocrx_word' id='word_1_211' title='bbox 1299 3131 1478 3201; x_wconf 87' lang='lat' dir='ltr'><strong>sensibilia,</strong></span> <span class='ocrx_word' id='word_1_212' title='bbox 1496 3127 1531 3186; x_wconf 90' lang='lat' dir='ltr'><strong>ite</strong></span> 
     </span>
     <span class='ocr_line' id='line_1_25' title="bbox 438 3228 1534 3317; baseline -0.004 -26"><span class='ocrx_word' id='word_1_213' title='bbox 438 3235 487 3301; x_wconf 90' lang='lat' dir='ltr'><strong>nt,</strong></span> <span class='ocrx_word' id='word_1_214' title='bbox 498 3237 644 3305; x_wconf 87' lang='lat' dir='ltr'><strong>etautea,</strong></span> <span class='ocrx_word' id='word_1_215' title='bbox 660 3233 753 3295; x_wconf 86' lang='lat' dir='ltr'><strong>sicuti</strong></span> <span class='ocrx_word' id='word_1_216' title='bbox 769 3242 840 3315; x_wconf 89' lang='lat' dir='ltr'><strong>post</strong></span> <span class='ocrx_word' id='word_1_217' title='bbox 852 3243 1033 3313; x_wconf 88' lang='lat' dir='ltr'><strong>peccatum,</strong></span> <span class='ocrx_word' id='word_1_218' title='bbox 1045 3254 1164 3317; x_wconf 82' lang='lat' dir='ltr'><strong>corpus</strong></span> <span class='ocrx_word' id='word_1_219' title='bbox 1176 3252 1286 3298; x_wconf 83' lang='lat' dir='ltr'><strong>aecum</strong></span> <span class='ocrx_word' id='word_1_220' title='bbox 1302 3233 1435 3313; x_wconf 83' lang='lat' dir='ltr'><strong>gestarit</strong></span> <span class='ocrx_word' id='word_1_221' title='bbox 1446 3228 1534 3293; x_wconf 77' lang='lat' dir='ltr'><strong>adse</strong></span> 
     </span>
     <span class='ocr_line' id='line_1_26' title="bbox 438 3326 1533 3412; baseline -0.003 -22"><span class='ocrx_word' id='word_1_222' title='bbox 438 3328 478 3391; x_wconf 90' lang='lat' dir='ltr'><strong>dc</strong></span> <span class='ocrx_word' id='word_1_223' title='bbox 500 3338 585 3395; x_wconf 89' lang='lat' dir='ltr'><strong>terra</strong></span> <span class='ocrx_word' id='word_1_224' title='bbox 616 3332 836 3412; x_wconf 73' lang='lat' dir='ltr'><strong>plasmatum?</strong></span> <span class='ocrx_word' id='word_1_225' title='bbox 858 3334 997 3400; x_wconf 87' lang='lat' dir='ltr'><strong>iiomilia</strong></span> <span class='ocrx_word' id='word_1_226' title='bbox 1030 3334 1053 3399; x_wconf 91' lang='grc' dir='ltr'><strong>Ι.</strong></span> <span class='ocrx_word' id='word_1_227' title='bbox 1074 3334 1110 3399; x_wconf 81' lang='lat' dir='ltr'><strong>ie</strong></span> <span class='ocrx_word' id='word_1_228' title='bbox 1133 3331 1275 3399; x_wconf 76' lang='lat' dir='ltr'><strong>Genesim</strong></span> <span class='ocrx_word' id='word_1_229' title='bbox 1297 3351 1329 3396; x_wconf 89' lang='grc' dir='ltr'><strong>ιι.</strong></span> <span class='ocrx_word' id='word_1_230' title='bbox 1350 3326 1400 3397; x_wconf 74' lang='lat' dir='ltr'><strong>id.</strong></span> <span class='ocrx_word' id='word_1_231' title='bbox 1422 3350 1461 3393; x_wconf 83' lang='lat' dir='ltr'><strong>ex</strong></span> <span class='ocrx_word' id='word_1_232' title='bbox 1478 3329 1533 3391; x_wconf 85' lang='lat' dir='ltr'><strong>bis:</strong></span> 
     </span>
     <span class='ocr_line' id='line_1_27' title="bbox 434 3431 1533 3517; baseline 0 -25"><span class='ocrx_word' id='word_1_233' title='bbox 434 3432 611 3495; x_wconf 79' lang='grc' dir='ltr'>ιιιιιιιιιιιιιι</span> <span class='ocrx_word' id='word_1_234' title='bbox 631 3444 660 3497; x_wconf 89' lang='grc' dir='ltr'><strong>ιι</strong></span> <span class='ocrx_word' id='word_1_235' title='bbox 677 3436 848 3514; x_wconf 77' lang='lat' dir='ltr'><strong>foeminam</strong></span> <span class='ocrx_word' id='word_1_236' title='bbox 867 3436 941 3517; x_wconf 78' lang='lat' dir='ltr'><strong>fecit</strong></span> <span class='ocrx_word' id='word_1_237' title='bbox 959 3456 1025 3512; x_wconf 85' lang='lat' dir='ltr'><strong>eos,</strong></span> <span class='ocrx_word' id='word_1_238' title='bbox 1045 3444 1072 3498; x_wconf 91' lang='grc' dir='ltr'><strong>ιι</strong></span> <span class='ocrx_word' id='word_1_239' title='bbox 1090 3432 1247 3499; x_wconf 75' lang='lat' dir='ltr'><strong>benedixit</strong></span> <span class='ocrx_word' id='word_1_240' title='bbox 1261 3432 1307 3495; x_wconf 83' lang='lat' dir='ltr'><strong>eis</strong></span> <span class='ocrx_word' id='word_1_241' title='bbox 1324 3432 1406 3497; x_wconf 70' lang='lat' dir='ltr'><strong>oens</strong></span> <span class='ocrx_word' id='word_1_242' title='bbox 1418 3431 1533 3494; x_wconf 77' lang='lat' dir='ltr'><strong>diceet:</strong></span> 
     </span>
     <span class='ocr_line' id='line_1_28' title="bbox 435 3526 1531 3617; baseline 0.002 -28"><span class='ocrx_word' id='word_1_243' title='bbox 435 3528 562 3593; x_wconf 81' lang='lat' dir='ltr'><strong>crescite</strong></span> <span class='ocrx_word' id='word_1_244' title='bbox 582 3543 611 3594; x_wconf 90' lang='grc' dir='ltr'><strong>ιι</strong></span> <span class='ocrx_word' id='word_1_245' title='bbox 630 3535 890 3617; x_wconf 80' lang='lat' dir='ltr'><strong>multiplicamini</strong></span> <span class='ocrx_word' id='word_1_246' title='bbox 909 3545 937 3599; x_wconf 90' lang='grc' dir='ltr'><strong>ιι</strong></span> <span class='ocrx_word' id='word_1_247' title='bbox 959 3538 1070 3617; x_wconf 83' lang='lat' dir='ltr'><strong>replete</strong></span> <span class='ocrx_word' id='word_1_248' title='bbox 1088 3546 1219 3610; x_wconf 83' lang='lat' dir='ltr'><strong>terrem,</strong></span> <span class='ocrx_word' id='word_1_249' title='bbox 1235 3542 1264 3596; x_wconf 95' lang='grc' dir='ltr'><strong>ιι</strong></span> <span class='ocrx_word' id='word_1_250' title='bbox 1281 3529 1488 3599; x_wconf 80' lang='lat' dir='ltr'><strong>dominemini</strong></span> <span class='ocrx_word' id='word_1_251' title='bbox 1503 3526 1531 3587; x_wconf 81' lang='grc' dir='ltr'><strong>ιἰι</strong></span> 
     </span>
     <span class='ocr_line' id='line_1_29' title="bbox 438 3632 1532 3720; baseline -0.005 -24"><span class='ocrx_word' id='word_1_252' title='bbox 438 3652 475 3697; x_wconf 88' lang='lat' dir='ltr'><strong>en</strong></span> <span class='ocrx_word' id='word_1_253' title='bbox 489 3636 499 3712; x_wconf 89' lang='grc'><strong>(</strong></span> <span class='ocrx_word' id='word_1_254' title='bbox 509 3653 593 3714; x_wconf 90' lang='lat' dir='ltr'><strong>quae</strong></span> <span class='ocrx_word' id='word_1_255' title='bbox 609 3638 704 3700; x_wconf 85' lang='lat' dir='ltr'><strong>rerba</strong></span> <span class='ocrx_word' id='word_1_256' title='bbox 723 3639 862 3720; x_wconf 91' lang='lat' dir='ltr'><strong>primum</strong></span> <span class='ocrx_word' id='word_1_257' title='bbox 876 3640 1053 3703; x_wconf 80' lang='lat' dir='ltr'><strong>secundnm</strong></span> <span class='ocrx_word' id='word_1_258' title='bbox 1070 3639 1222 3711; x_wconf 88' lang='lat' dir='ltr'><strong>litteram,</strong></span> <span class='ocrx_word' id='word_1_259' title='bbox 1238 3636 1353 3700; x_wconf 90' lang='lat' dir='ltr'><strong>deinde</strong></span> <span class='ocrx_word' id='word_1_260' title='bbox 1369 3632 1532 3699; x_wconf 87' lang='lat' dir='ltr'><strong>secundnm</strong></span> 
     </span>
     <span class='ocr_line' id='line_1_30' title="bbox 439 3736 1535 3822; baseline -0.004 -23"><span class='ocrx_word' id='word_1_261' title='bbox 439 3736 629 3817; x_wconf 74' lang='lat' dir='ltr'><strong>allegoriam</strong></span> <span class='ocrx_word' id='word_1_262' title='bbox 652 3741 800 3817; x_wconf 72' lang='lat' dir='ltr'><strong>discutit)</strong></span> <span class='ocrx_word' id='word_1_263' title='bbox 824 3740 1120 3822; x_wconf 78' lang='lat' dir='ltr'><strong>inquitzoliignum</strong></span> <span class='ocrx_word' id='word_1_264' title='bbox 1145 3740 1273 3803; x_wconf 81' lang='lat' dir='ltr'><strong>videtur</strong></span> <span class='ocrx_word' id='word_1_265' title='bbox 1293 3740 1357 3801; x_wconf 92' lang='lat' dir='ltr'><strong>boc</strong></span> <span class='ocrx_word' id='word_1_266' title='bbox 1372 3738 1402 3799; x_wconf 90' lang='lat' dir='ltr'><strong>in</strong></span> <span class='ocrx_word' id='word_1_267' title='bbox 1415 3737 1483 3798; x_wconf 91' lang='lat' dir='ltr'><strong>ioco</strong></span> <span class='ocrx_word' id='word_1_268' title='bbox 1494 3750 1535 3794; x_wconf 85' lang='grc' dir='ltr'><strong>ιι·</strong></span> 
     </span>
     <span class='ocr_line' id='line_1_31' title="bbox 440 3836 1533 3923; baseline 0 -20"><span class='ocrx_word' id='word_1_269' title='bbox 440 3840 572 3921; x_wconf 88' lang='lat' dir='ltr'><strong>quirere</strong></span> <span class='ocrx_word' id='word_1_270' title='bbox 587 3842 764 3907; x_wconf 86' lang='lat' dir='ltr'><strong>secuudum</strong></span> <span class='ocrx_word' id='word_1_271' title='bbox 781 3844 936 3922; x_wconf 88' lang='lat' dir='ltr'><strong>litteram,</strong></span> <span class='ocrx_word' id='word_1_272' title='bbox 952 3842 1128 3923; x_wconf 87' lang='lat' dir='ltr'><strong>quomodo,</strong></span> <span class='ocrx_word' id='word_1_273' title='bbox 1145 3841 1286 3905; x_wconf 85' lang='lat' dir='ltr'><strong>nondum</strong></span> <span class='ocrx_word' id='word_1_274' title='bbox 1303 3842 1386 3903; x_wconf 85' lang='lat' dir='ltr'><strong>iacta</strong></span> <span class='ocrx_word' id='word_1_275' title='bbox 1401 3836 1533 3903; x_wconf 77' lang='lat' dir='ltr'><strong>muliere.</strong></span> 
     </span>
     <span class='ocr_line' id='line_1_32' title="bbox 440 3940 1535 4026; baseline -0.007 -22"><span class='ocrx_word' id='word_1_276' title='bbox 440 3942 516 4006; x_wconf 89' lang='lat' dir='ltr'><strong>dicit</strong></span> <span class='ocrx_word' id='word_1_277' title='bbox 536 3942 715 4024; x_wconf 84' lang='lat' dir='ltr'><strong>Scriptura,</strong></span> <span class='ocrx_word' id='word_1_278' title='bbox 732 3946 907 4008; x_wconf 80' lang='lat' dir='ltr'><strong>maeonium</strong></span> <span class='ocrx_word' id='word_1_279' title='bbox 927 3956 957 4009; x_wconf 90' lang='grc' dir='ltr'><strong>ιι</strong></span> <span class='ocrx_word' id='word_1_280' title='bbox 975 3944 1146 4026; x_wconf 74' lang='lat' dir='ltr'><strong>foeminum</strong></span> <span class='ocrx_word' id='word_1_281' title='bbox 1160 3943 1231 4025; x_wconf 77' lang='lat' dir='ltr'><strong>[ecit</strong></span> <span class='ocrx_word' id='word_1_282' title='bbox 1250 3962 1309 4006; x_wconf 83' lang='lat' dir='ltr'><strong>eoa.</strong></span> <span class='ocrx_word' id='word_1_283' title='bbox 1326 3940 1490 4009; x_wconf 78' lang='lat' dir='ltr'><strong>Fortassis,</strong></span> <span class='ocrx_word' id='word_1_284' title='bbox 1505 3941 1535 3995; x_wconf 89' lang='lat' dir='ltr'><strong>ni</strong></span> 
     </span>
     <span class='ocr_line' id='line_1_33' title="bbox 441 4041 1532 4128; baseline -0.004 -21"><span class='ocrx_word' id='word_1_285' title='bbox 441 4063 500 4124; x_wconf 90' lang='lat' dir='ltr'><strong>ego</strong></span> <span class='ocrx_word' id='word_1_286' title='bbox 512 4045 664 4121; x_wconf 87' lang='lat' dir='ltr'><strong>arbitror,</strong></span> <span class='ocrx_word' id='word_1_287' title='bbox 682 4057 815 4128; x_wconf 88' lang='lat' dir='ltr'><strong>propter</strong></span> <span class='ocrx_word' id='word_1_288' title='bbox 830 4047 1171 4127; x_wconf 70' lang='lat' dir='ltr'><strong>benedictionemque</strong></span> <span class='ocrx_word' id='word_1_289' title='bbox 1187 4045 1350 4109; x_wconf 81' lang='lat' dir='ltr'><strong>benedixit</strong></span> <span class='ocrx_word' id='word_1_290' title='bbox 1363 4060 1417 4104; x_wconf 85' lang='lat' dir='ltr'><strong>cos</strong></span> <span class='ocrx_word' id='word_1_291' title='bbox 1428 4041 1532 4103; x_wconf 74' lang='lat' dir='ltr'><strong>dicens,</strong></span> 
     </span>
     <span class='ocr_line' id='line_1_34' title="bbox 441 4132 1532 4228; baseline -0.004 -23"><span class='ocrx_word' id='word_1_292' title='bbox 441 4143 566 4207; x_wconf 82' lang='lat' dir='ltr'><strong>crescite</strong></span> <span class='ocrx_word' id='word_1_293' title='bbox 584 4156 612 4207; x_wconf 88' lang='lat' dir='ltr'><strong>et</strong></span> <span class='ocrx_word' id='word_1_294' title='bbox 630 4145 892 4227; x_wconf 80' lang='lat' dir='ltr'><strong>multiplicamini</strong></span> <span class='ocrx_word' id='word_1_295' title='bbox 911 4154 938 4210; x_wconf 88' lang='grc' dir='ltr'><strong>ιι</strong></span> <span class='ocrx_word' id='word_1_296' title='bbox 959 4148 1068 4228; x_wconf 82' lang='lat' dir='ltr'><strong>replete</strong></span> <span class='ocrx_word' id='word_1_297' title='bbox 1087 4144 1446 4224; x_wconf 78' lang='lat' dir='ltr'><strong>terrum,praereniens</strong></span> <span class='ocrx_word' id='word_1_298' title='bbox 1458 4132 1532 4216; x_wconf 78' lang='lat' dir='ltr'><strong>quod</strong></span> 
     </span>
     <span class='ocr_line' id='line_1_35' title="bbox 365 4239 1532 4330; baseline -0.003 -24"><span class='ocrx_word' id='word_1_299' title='bbox 365 4266 371 4285; x_wconf 56' lang='grc' dir='ltr'><strong>ι</strong></span> <span class='ocrx_word' id='word_1_300' title='bbox 443 4246 592 4310; x_wconf 91' lang='lat' dir='ltr'><strong>iuinrnm</strong></span> <span class='ocrx_word' id='word_1_301' title='bbox 614 4257 696 4323; x_wconf 88' lang='lat' dir='ltr'><strong>crat,</strong></span> <span class='ocrx_word' id='word_1_302' title='bbox 712 4250 799 4313; x_wconf 89' lang='lat' dir='ltr'><strong>dicit:</strong></span> <span class='ocrx_word' id='word_1_303' title='bbox 816 4250 993 4314; x_wconf 77' lang='lat' dir='ltr'><strong>musceium</strong></span> <span class='ocrx_word' id='word_1_304' title='bbox 1008 4260 1036 4312; x_wconf 92' lang='grc' dir='ltr'><strong>ιι</strong></span> <span class='ocrx_word' id='word_1_305' title='bbox 1048 4249 1216 4330; x_wconf 71' lang='lat' dir='ltr'><strong>foeminam</strong></span> <span class='ocrx_word' id='word_1_306' title='bbox 1229 4245 1302 4329; x_wconf 78' lang='lat' dir='ltr'><strong>fecit</strong></span> <span class='ocrx_word' id='word_1_307' title='bbox 1318 4266 1383 4309; x_wconf 79' lang='lat' dir='ltr'><strong>eos:</strong></span> <span class='ocrx_word' id='word_1_308' title='bbox 1398 4239 1532 4321; x_wconf 78' lang='lat' dir='ltr'><strong>quoniam</strong></span> 
     </span>
     <span class='ocr_line' id='line_1_36' title="bbox 441 4334 1532 4430; baseline 0.003 -21"><span class='ocrx_word' id='word_1_309' title='bbox 441 4348 571 4425; x_wconf 83' lang='lat' dir='ltr'><strong>quidem</strong></span> <span class='ocrx_word' id='word_1_310' title='bbox 593 4368 739 4413; x_wconf 86' lang='lat' dir='ltr'><strong>crescere</strong></span> <span class='ocrx_word' id='word_1_311' title='bbox 760 4351 857 4413; x_wconf 87' lang='lat' dir='ltr'><strong>aliter</strong></span> <span class='ocrx_word' id='word_1_312' title='bbox 872 4360 904 4412; x_wconf 94' lang='lat' dir='ltr'><strong>et</strong></span> <span class='ocrx_word' id='word_1_313' title='bbox 920 4351 1128 4430; x_wconf 86' lang='lat' dir='ltr'><strong>multiplicari</strong></span> <span class='ocrx_word' id='word_1_314' title='bbox 1143 4368 1205 4412; x_wconf 89' lang='lat' dir='ltr'><strong>nou</strong></span> <span class='ocrx_word' id='word_1_315' title='bbox 1222 4355 1350 4428; x_wconf 87' lang='lat' dir='ltr'><strong>poterat</strong></span> <span class='ocrx_word' id='word_1_316' title='bbox 1365 4346 1467 4411; x_wconf 71' lang='lat' dir='ltr'><strong>nomo,</strong></span> <span class='ocrx_word' id='word_1_317' title='bbox 1484 4334 1532 4397; x_wconf 62' lang='lat'><strong>”5⁵5</strong></span> 
     </span>
     <span class='ocr_line' id='line_1_37' title="bbox 441 4445 1531 4533; baseline -0.007 -24"><span class='ocrx_word' id='word_1_318' title='bbox 441 4464 517 4510; x_wconf 90' lang='lat' dir='ltr'><strong>cum</strong></span> <span class='ocrx_word' id='word_1_319' title='bbox 540 4448 688 4514; x_wconf 85' lang='lat' dir='ltr'><strong>ioeruiua.</strong></span> <span class='ocrx_word' id='word_1_320' title='bbox 714 4449 754 4515; x_wconf 93' lang='lat' dir='ltr'><strong>Ut</strong></span> <span class='ocrx_word' id='word_1_321' title='bbox 775 4470 853 4532; x_wconf 86' lang='lat' dir='ltr'><strong>ergo</strong></span> <span class='ocrx_word' id='word_1_322' title='bbox 875 4452 1053 4514; x_wconf 87' lang='lat' dir='ltr'><strong>benedictio</strong></span> <span class='ocrx_word' id='word_1_323' title='bbox 1074 4452 1145 4533; x_wconf 81' lang='lat' dir='ltr'><strong>ejus</strong></span> <span class='ocrx_word' id='word_1_324' title='bbox 1162 4452 1228 4513; x_wconf 86' lang='lat' dir='ltr'><strong>sine</strong></span> <span class='ocrx_word' id='word_1_325' title='bbox 1243 4450 1342 4513; x_wconf 92' lang='lat' dir='ltr'><strong>dubio</strong></span> <span class='ocrx_word' id='word_1_326' title='bbox 1356 4445 1531 4509; x_wconf 78' lang='lat' dir='ltr'><strong>intoramse</strong></span> 
     </span>
     <span class='ocr_line' id='line_1_38' title="bbox 447 4544 1530 4634; baseline 0.003 -21"><span class='ocrx_word' id='word_1_327' title='bbox 447 4552 649 4629; x_wconf 88' lang='lat' dir='ltr'><strong>crederetur,</strong></span> <span class='ocrx_word' id='word_1_328' title='bbox 671 4556 735 4615; x_wconf 84' lang='lat' dir='ltr'><strong>eit:</strong></span> <span class='ocrx_word' id='word_1_329' title='bbox 752 4555 928 4619; x_wconf 77' lang='lat' dir='ltr'><strong>musculum</strong></span> <span class='ocrx_word' id='word_1_330' title='bbox 942 4562 969 4617; x_wconf 90' lang='grc' dir='ltr'><strong>ιι</strong></span> <span class='ocrx_word' id='word_1_331' title='bbox 981 4551 1152 4634; x_wconf 74' lang='lat' dir='ltr'><strong>foeminam</strong></span> <span class='ocrx_word' id='word_1_332' title='bbox 1162 4550 1236 4632; x_wconf 84' lang='lat' dir='ltr'><strong>[ecit</strong></span> <span class='ocrx_word' id='word_1_333' title='bbox 1250 4570 1309 4615; x_wconf 83' lang='lat' dir='ltr'><strong>eoa.</strong></span> <span class='ocrx_word' id='word_1_334' title='bbox 1328 4544 1397 4611; x_wconf 86' lang='lat' dir='ltr'><strong>iioc</strong></span> <span class='ocrx_word' id='word_1_335' title='bbox 1409 4552 1530 4616; x_wconf 57' lang='lat' dir='ltr'><strong>mim</strong></span> 
     </span>
    </p>
   </div>
   <div class='ocr_carea' id='block_1_4' title="bbox 0 0 1716 5567">
    <p class='ocr_par' dir='ltr' id='par_1_5' title="bbox 0 0 1716 5567">
     <span class='ocr_line' id='line_1_39' title="bbox 0 0 1716 5567; baseline 0 0"><span class='ocrx_word' id='word_1_336' title='bbox 0 0 1716 5567; x_wconf 95' lang='lat' dir='ltr'><strong> </strong></span> 
     </span>
    </p>
   </div>
  </div>
 </body>
</html>
