3375 5567
196 806 298 891 itaque
317 829 357 875 er
373 808 469 872 Libro
486 805 540 870 Vt.
564 809 599 871 in
622 807 798 890 Epistulam
821 808 865 870 od
885 804 1045 871 Romanor
1066 825 1096 870 n.
1118 805 1148 870 1.
1173 809 1218 868 in-

134 919 205 992 quit:
225 935 241 972 r
264 913 318 976 Est
332 932 411 994 ergo
432 914 464 976 in
479 913 568 975 nobis
582 923 614 974 et
631 912 890 992 concupiscentia
909 911 1145 989 procationes
1168 925 1219 971 re·

132 1033 208 1094 gnon
222 1015 314 1077 habet
336 1016 367 1074 in
382 1032 499 1093 narne3
520 1021 568 1077 est
584 1021 615 1074 ct
630 1012 886 1093 concupiscentis
902 1011 1046 1090 spiritus,
1064 1027 1150 1090 quoe
1169 1027 1220 1071 re-

131 1117 313 1194 nonhabet
328 1119 360 1178 in
378 1123 481 1177 mente
502 1114 680 1178 seeundum
694 1113 740 1189 id,
755 1113 843 1193 quod
860 1129 958 1192 supro
974 1111 1127 1186 diximus,
1143 1108 1221 1191 puio

132 1235 189 1279 coro
205 1215 395 1296 concupiscit
414 1218 568 1278 aduersus
586 1214 759 1296 rpr‘rr'tnm,
790 1211 925 1294 spiritns
944 1221 1047 1276 entem
1072 1213 1225 1276 aduersus

130 1336 242 1380 curnem
265 1315 348 1382 Cum
370 1335 448 1398 erpo
469 1316 726 1398 concupiscimus
746 1316 833 1396 quod
856 1315 1034 1391 nuntient,
1061 1315 1112 1378 vel
1133 1314 1221 1395 quon

131 1438 179 1482 nou
196 1421 297 1495 dccet,
320 1421 372 1483 rel
393 1420 479 1501 quod
502 1439 565 1482 nnn
586 1420 729 1500 expedit,
751 1419 1010 1498 concupiscentia
1035 1417 1140 1482 curuis
1161 1426 1221 1480 est.

130 1519 194 1584 Cum
215 1541 290 1586 nero
311 1520 511 1602 concupiscit
540 1531 572 1585 et
600 1520 708 1584 deficit
728 1520 832 1582 auimo
865 1530 994 1595 nostre,
1018 1519 1148 1598 qnando
1178 1519 1223 1581 vi·

130 1622 187 1684 icat
198 1623 339 1687 sainture
351 1621 423 1700 Dei,
442 1624 500 1685 isto
516 1623 774 1702 concupiscentia
793 1621 927 1703 spiritus
944 1630 1001 1684 est.
1019 1619 1109 1686 Unde
1125 1639 1221 1703 appa-

130 1733 167 1784 ret
185 1724 315 1787 mediam
337 1723 578 1804 quodammodo
601 1742 670 1787 esse
691 1727 829 1785 animam
851 1725 935 1786 iuter
956 1741 1085 1787 caruem
1107 1733 1140 1788 et
1161 1727 1226 1806 spt-

130 1824 208 1887 ritnm
221 1845 232 1903 ;
254 1834 288 1888 et
314 1825 474 1904 siquidem
496 1844 530 1888 se
551 1825 640 1887 corni
661 1824 768 1906 jungit
798 1825 837 1886 ad
869 1824 1082 1888 obediendum
1104 1826 1225 1890 deside·

130 1925 171 1985 riis
189 1926 329 2006 peccati,
360 1924 500 1989 efficitur
520 1943 595 1988 cum
616 1943 653 1988 en
676 1942 777 1988 uuum
798 1941 938 2005 corpus:
961 1927 987 1988 si
1011 1942 1089 1988 vero
1108 1926 1227 2008 iunxe-

130 2026 161 2085 rit
177 2046 207 2088 se
227 2025 308 2104 Deo,
333 2025 473 2090 efficitur
488 2045 562 2089 curu
585 2044 625 2089 cn
648 2044 732 2089 unus
746 2026 879 2107 spiritus
901 2035 963 2088 etc.
986 2047 1002 2084 n
1026 2025 1127 2089 Antea
1146 2046 1226 2092 vero

128 2128 151 2185 io
168 2125 257 2192 Libro
280 2129 305 2192 l.
330 2147 361 2189 n.
383 2128 413 2193 5.
436 2129 629 2208 scripserat:
654 2150 670 2187 rr
694 2125 779 2190 Puto
801 2129 889 2208 qnod
913 2129 1145 2192 consuetudine
1165 2147 1224 2193 sua

128 2229 282 2307 Apostolus
305 2240 423 2294 utatur
442 2231 540 2292 etiam
563 2231 593 2290 in
617 2229 678 2293 hoc
699 2229 787 2305 loco,
801 2231 918 2304 sciens,
942 2230 1078 2293 medinm
1100 2249 1228 2312 semper

128 2349 182 2392 csse
194 2333 335 2395 animam
352 2333 436 2396 iuter
452 2333 602 2413 spiritum
618 2340 650 2395 et
665 2348 816 2392 curnem:
833 2340 865 2394 et
880 2339 938 2394 eut
959 2350 992 2394 se
1005 2331 1143 2412 jungere
1158 2349 1228 2398 cnr·

129 2431 162 2503 ui,
179 2443 208 2496 et
229 2451 336 2496 nuum
357 2432 438 2496 effici
459 2452 533 2496 cum
555 2450 677 2512 carne;
700 2432 905 2513 autjunpere
925 2452 959 2497 se
981 2433 1121 2514 spiritui,
1138 2443 1170 2498 st
1192 2452 1229 2497 u·

130 2551 189 2594 uum
206 2534 287 2597 effici
305 2553 383 2598 cum
397 2536 513 2615 spiritu
530 2542 592 2598 cic.
606 2553 622 2590 r
636 2532 713 2596 item
736 2533 767 2595 in
788 2551 818 2595 n.
837 2529 888 2598 18.
912 2535 977 2596 ait:
996 2533 1229 2616 «Frequenter

129 2635 151 2695 in
167 2635 341 2716 Scripturis
363 2637 556 2712 invenimus,
572 2644 637 2698 eta
656 2636 747 2699 nobis
768 2651 863 2715 saepe
878 2634 1049 2700 dissertum
1066 2648 1127 2712 cst,
1142 2639 1229 2720 qnod

130 2735 208 2799 noun
225 2738 365 2817 spiritus
384 2744 418 2800 et
438 2755 560 2817 corpus
579 2745 612 2800 et
632 2738 738 2800 anima
754 2736 884 2800 dicatur
904 2757 985 2800 esse.
1009 2736 1131 2802 Verum
1153 2758 1229 2804 cum

128 2835 239 2914 dicitur,
254 2841 334 2920 quia
355 2857 429 2902 curo
449 2837 644 2918 concupiscit
658 2839 811 2901 aduersus
832 2837 1000 2917 spiritum,
1020 2837 1155 2920 spiritns
1175 2861 1233 2905 uu·

129 2947 175 3000 nn
188 2943 339 3004 aduersus
354 2959 491 3016 curnem,
508 2941 610 3004 medin
628 2941 744 3022 procui
759 2940 859 3003 dubio
871 2941 1003 3021 ponitur
1017 2927 1121 3004 enimn
1137 2951 1198 3007 otc.
1215 2965 1231 3001 s

193 3038 270 3104 item
294 3039 395 3103 Libro
417 3039 472 3104 tx.
505 3059 535 3102 u.
558 3039 609 3108 23.
632 3042 672 3102 nb
699 3043 798 3119 ipsius
821 3039 968 3119 Apostoli
991 3041 1105 3105 dictisr
1128 3043 1231 3106 omnir

128 3139 218 3203 uninn
242 3141 450 3222 potestatibus
470 3140 705 3205 suctimtcrtons
725 3141 908 3221 conjacent,
930 3143 993 3218 nit,
1017 3145 1178 3207 interdum
1201 3145 1231 3209 iu

128 3239 288 3324 §rupturis
305 3245 467 3306 homiuem
483 3243 640 3306 nominari
656 3259 716 3322 per
730 3244 885 3317 animam,
904 3243 1066 3307 interdum
1083 3263 1141 3324 per
1161 3263 1233 3310 cnr·

129 3359 198 3419 nem,
219 3346 385 3409 interdum
407 3361 466 3423 per
485 3345 646 3423 spiritum.
664 3343 733 3406 Cur
753 3352 863 3406 nutem
885 3341 1042 3423 Origenes
1064 3345 1232 3426 hujusmo-

128 3444 153 3504 n
170 3449 405 3510 distinctionem
426 3445 613 3518 admiserit,
637 3445 798 3508 hominem
819 3446 926 3508 dicens
947 3448 1063 3522 spiritu
1085 3454 1232 3511 constare

129 3549 216 3610 ruina
238 3562 273 3612 et
295 3565 437 3627 corpore
445 3567 457 3625 ;
473 3547 514 3608 ab
528 3546 685 3627 Apostotn
700 3546 852 3610 edoctum
874 3547 904 3608 iu
922 3547 1032 3610 iecisse
1047 3551 1104 3622 ait,
1125 3548 1178 3614 ubi
1193 3550 1232 3612 nd

128 3643 418 3714 Thessalonicenses
441 3649 553 3710 scribit
574 3650 605 3708 in
631 3647 771 3729 Epistola
790 3647 813 3710 Ι.
837 3667 866 3710 c.
886 3645 909 3708 Ι.
929 3647 969 3711 tn
989 3647 1147 3729 inicorum
1168 3670 1237 3713 cor·

125 3765 174 3824 prs
192 3759 333 3813 ocrtrnrn
353 3760 382 3809 rt
413 3748 523 3809 enimn
543 3757 571 3810 ct
602 3745 736 3827 spiritus
756 3746 793 3808 in
813 3745 863 3809 die
885 3745 1016 3810 Domini
1042 3747 1144 3810 nostri
1162 3747 1236 3813 Jcru

130 3845 233 3913 Ciristc'
250 3859 407 3912 senetur.
432 3848 473 3912 tn
492 3849 535 3911 oh
556 3849 619 3910 hoe
639 3847 678 3910 dc
702 3847 808 3911 Verbo
839 3845 897 3911 Dei
919 3849 1085 3912 incarnato
1119 3851 1234 3930 inquit,

128 3950 265 4026 spiritum
281 3949 505 4029 assumpsisse,
521 3950 660 4010 animam
673 3956 705 4011 ct
726 3967 867 4012 caruem.
887 3945 1039 4030 ideoque,
1057 3953 1157 4030 positu
1175 3951 1235 4015 hac

129 4049 333 4126 distinctione,
356 4069 450 4113 nemo
468 4050 557 4125 velit,
580 4061 672 4128 putu,
686 4049 859 4130 Oripeuem
882 4051 1069 4131 corripere,
1089 4051 1176 4132 quod
1193 4053 1235 4114 ita

129 4149 276 4217 inserens
299 4155 341 4215 de
359 4155 480 4222 anima,
503 4154 535 4215 iu
556 4170 703 4215 errorem
726 4153 837 4230 lapsus
858 4151 908 4214 sit.

192 4254 353 4332 Quamuis
367 4263 478 4317 autem
494 4253 524 4314 in
537 4255 689 4335 praetatis
703 4254 923 4320 locutionibus
937 4255 1061 4317 animae
1076 4255 1237 4318 notionem

130 4354 208 4418 abra
226 4358 367 4429 ruriam,
384 4371 469 4434 quac
486 4372 561 4418 rere
583 4355 700 4417 indicet
722 4363 859 4418 mentem
880 4357 948 4418 sire
963 4355 1111 4437 spiritum
1135 4353 1166 4417 in
1180 4372 1237 4417 uo-

131 4455 169 4518 bis
187 4459 333 4539 logicum
353 4461 424 4521 siue
445 4457 657 4532 rationalem,
681 4458 965 4538 comprehenderit
992 4458 1147 4538 Origenes
1158 4477 1169 4536 3
1194 4465 1239 4521 ta·

132 4575 193 4622 usn
209 4561 377 4627 muttotics
392 4560 488 4641 iuxta
510 4577 714 4623 communem
729 4561 1013 4641 nuncupationem,
1036 4560 1096 4624 hoc
1111 4559 1240 4624 nomine
