3375 5567
440 797 546 859 betur.
569 793 629 858 Sed
651 813 758 876 neque
779 795 818 857 de
838 813 958 858 carne:
981 796 1056 875 quia
1079 795 1104 856 sl
1123 809 1187 856 nou
1209 791 1305 854 habet
1325 789 1459 853 animam
1473 805 1536 870 pro·

434 900 560 976 priam,
582 899 650 960 sino
671 898 770 962 dubio
792 915 851 961 neo
874 899 1073 962 voluntatem
1102 894 1241 958 habebit.
1270 891 1425 973 Superest
1449 907 1536 970 ergo,

435 1007 471 1060 ut
493 999 533 1060 de
553 999 651 1080 hujus
673 1003 798 1062 animae
832 1001 998 1064 voluntate
1019 999 1148 1062 dicatur
1159 1019 1170 1078 ;
1194 1016 1278 1079 quae
1300 997 1420 1058 habere
1447 1003 1539 1075 potest

437 1101 602 1179 propriam
624 1100 838 1177 voluntatem,
862 1121 947 1182 quae
966 1103 1078 1180 utique
1100 1101 1294 1164 adversatur
1311 1098 1467 1162 voluntati
1486 1097 1539 1176 spi·

438 1200 530 1260 ritus.
547 1197 588 1260 Et
601 1201 627 1261 si
644 1203 687 1263 ita
704 1208 764 1275 est,
781 1207 906 1263 coastat
921 1201 1007 1280 quod
1025 1200 1123 1281 hujus
1138 1201 1262 1264 animae
1278 1199 1440 1274 voluntas,
1455 1213 1540 1278 quac·

437 1300 510 1361 darn
528 1301 631 1362 media
646 1313 694 1365 est
708 1302 793 1364 inter
806 1320 936 1366 carnem
952 1310 984 1364 et
998 1302 1159 1381 spiritum,
1178 1304 1231 1365 uni
1247 1304 1313 1364 sinc
1327 1303 1427 1364 dubio
1441 1321 1458 1363 e
1473 1301 1540 1360 duo

437 1403 497 1464 bus
510 1404 653 1464 servieus
668 1413 700 1467 et
716 1404 955 1484 obtemperans,
972 1407 1168 1483 cuicumque
1188 1405 1415 1486 obtemperare
1430 1403 1541 1480 delege-

439 1506 492 1566 rit.
514 1503 607 1579 Quae
628 1523 703 1567 eum
723 1523 757 1568 se
778 1505 1046 1568 delectationibus
1068 1509 1173 1570 carnis
1194 1506 1386 1578 subdiderit,
1410 1506 1540 1567 carnales

440 1607 584 1669 homiues
606 1607 701 1670 lacit:
719 1626 794 1669 cum
819 1626 897 1669 vero
911 1627 944 1670 se
966 1609 1093 1688 spiritui
1113 1609 1272 1690 junxerit,
1297 1610 1327 1668 iu
1349 1608 1463 1686 spiritu
1484 1624 1540 1667 esse

439 1707 584 1770 homines
606 1707 695 1782 lacit,
711 1716 741 1769 et
755 1719 891 1787 propter
913 1707 975 1771 hoe
995 1710 1157 1790 spiritales
1187 1710 1385 1771 nominari.»
1401 1705 1440 1768 Et
1461 1706 1542 1766 idcir·

437 1826 477 1870 eo
499 1806 637 1872 llomilia
660 1805 699 1871 ll.
721 1805 757 1873 in
778 1807 970 1874 Hieremiam
990 1828 1021 1870 n.
1044 1807 1073 1873 l.
1099 1829 1140 1872 ox
1161 1809 1342 1889 Sapientiae
1367 1808 1475 1869 dictis:
1498 1803 1541 1866 le·

437 1907 528 1972 sidio
547 1920 653 1975 cutem
664 1909 784 1973 diodoli
804 1930 887 1974 mors
902 1909 1038 1974 intrauit
1054 1910 1089 1972 iu
1110 1909 1210 1972 erdem
1232 1921 1406 1982 terrorum,
1421 1910 1480 1972 sub
1493 1909 1541 1968 du·

442 2010 533 2092 plicis
549 2015 675 2074 animae
688 2015 826 2093 speciem
842 2014 884 2075 ob
901 2015 1141 2093 primitivorum
1164 2014 1294 2092 cuipam
1315 2011 1447 2073 scribit:
1462 2009 1541 2072 «tta-

440 2131 505 2192 que
525 2131 587 2175 nou
609 2113 714 2176 solum
729 2115 822 2192 primi
847 2116 982 2177 hominis
1003 2118 1121 2191 anima,
1140 2115 1194 2178 scd
1218 2123 1249 2178 et
1271 2117 1495 2177 universorum
1508 2113 1539 2174 ad

442 2214 610 2294 imaginem
632 2224 664 2276 et
684 2215 925 2277 similitudinem
949 2214 1006 2278 liei
1030 2216 1112 2278 lacta
1136 2225 1205 2293 est3
1238 2225 1270 2278 et
1291 2216 1454 2296 antiquior
1473 2215 1540 2275 llaec

441 2325 490 2379 est
510 2318 628 2395 imago,
644 2333 728 2396 quae
750 2314 809 2379 llei
829 2326 889 2392 est,
907 2320 1044 2398 imagine
1066 2316 1191 2393 zabuli,
1212 2335 1309 2398 quam
1333 2327 1440 2399 postea
1462 2315 1540 2380 nolis

448 2416 611 2482 induimus
631 2418 673 2479 ob
694 2426 874 2498 peceatum.
898 2439 915 2477 n

523 2518 573 2583 lix
590 2521 637 2584 iris
651 2539 730 2601 ergo
744 2522 920 2584 deducitur
934 2539 996 2586 cur
1009 2521 1165 2601 Origenes
1184 2521 1322 2582 animam
1338 2519 1512 2584 distinxerit
1527 2534 1541 2578 a

443 2628 548 2686 mente
571 2631 602 2685 ct
622 2624 752 2704 spiritu,
774 2633 808 2687 et
828 2642 889 2687 cur
911 2625 1087 2703 aliquando
1108 2624 1188 2687 duas
1209 2622 1240 2684 in
1266 2622 1395 2684 homine
1416 2620 1540 2684 colloca·

446 2724 487 2787 rit
508 2724 648 2800 animas,
672 2741 767 2786 unam
789 2724 912 2787 scilieet
933 2725 1165 2804 intelligibilem
1187 2733 1220 2787 et
1239 2723 1451 2796 rationalem,
1473 2720 1541 2782 alte·

445 2841 515 2886 ram
545 2824 732 2888 inferiorem
763 2827 998 2890 consationibus
1028 2827 1261 2906 commixtsm3
1292 2843 1396 2905 quare
1429 2823 1540 2886 ridetur

444 2925 642 3006 quandoque
663 2927 744 2990 hauc
764 2928 903 2992 animam
930 2939 1111 2992 consortem
1135 2929 1247 2992 iecisse
1268 2927 1461 2992 substantiae
1479 2941 1539 2986 eor·

443 3045 563 3105 pereae
584 3035 617 3091 et
632 3029 737 3091 carnis
758 3031 966 3093 sustinentem
982 3029 1241 3093 dominationem.
1262 3026 1355 3104 Quae
1375 3028 1474 3090 omnia
1495 3041 1539 3085 no·

446 3130 527 3190 tavit
541 3127 708 3207 Origenes,
725 3145 766 3192 ex
782 3129 924 3193 aliorum
946 3131 1166 3210 potiusquam
1188 3149 1229 3193 ex
1251 3147 1308 3194 sua
1326 3131 1469 3208 opinione
1489 3134 1541 3187 tra·

316 3225 330 3236 ’
425 3229 545 3305 deus,
567 3248 606 3293 ac
627 3231 761 3294 intuitus
784 3233 984 3310 potissimum
1008 3234 1189 3313 genoricum
1211 3233 1309 3313 liujus
1332 3230 1476 3296 vocabuli
1495 3245 1541 3288 oc·

449 3334 566 3395 tionem
582 3350 682 3413 prope
703 3333 893 3412 Scripturas
909 3335 1185 3399 cousuetudinem.
1202 3331 1244 3398 Et
1258 3353 1333 3398 sane
1350 3333 1539 3413 nossejorats

445 3435 635 3514 ceteroquin
666 3432 839 3514 Origenem
862 3452 957 3516 saepe
979 3435 1159 3499 distinxisse
1191 3437 1329 3499 animam
1352 3454 1369 3498 a
1391 3435 1496 3517 spiritu
1514 3437 1539 3492 ct

448 3551 555 3608 carne,
578 3534 670 3612 quasi
685 3535 762 3613 quid
786 3535 927 3599 medium
944 3538 1027 3597 inter
1050 3543 1237 3616 utrumque.
1256 3537 1289 3599 ln
1312 3537 1372 3600 hac
1394 3553 1486 3615 porro
1503 3531 1539 3592 le·

448 3633 590 3709 cutione,
613 3635 690 3712 quin
706 3643 841 3713 putetur
861 3637 963 3714 ipsum
987 3638 1186 3700 existimasse
1207 3639 1337 3716 corpori
1361 3635 1538 3716 participem·

445 3742 479 3797 ct
493 3751 684 3816 corpoream
701 3737 812 3800 haberi
832 3747 969 3800 mentem
987 3739 1158 3800 humanare
1169 3760 1180 3818 ;
1202 3739 1483 3819 comprehenditur
1495 3747 1539 3812 per

449 3854 519 3898 cam
540 3838 664 3900 animae
686 3838 909 3900 mediationem
934 3840 1017 3902 inter
1040 3841 1190 3918 spiritum
1215 3848 1247 3901 ot
1268 3857 1421 3912 earnem,
1443 3849 1541 3914 nequa·

449 3957 548 4019 quam
569 3938 643 4008 cios
667 3948 804 4002 mentem
820 3948 876 4002 ant
898 3941 1049 4017 spiritum
1066 3941 1197 4019 proprie
1217 3938 1406 4020 significari:
1427 3937 1477 4000 scd
1496 3935 1540 3994 im

454 4040 587 4121 proprie
607 4036 749 4103 animem
764 4043 944 4121 nuncupari
966 4042 1045 4103 rarii
1062 4041 1186 4121 generis
1200 4041 1408 4112 causationes,
1422 4031 1541 4099 allectio

450 4159 526 4219 oes,
548 4143 780 4205 commotiones
801 4143 898 4205 modo
919 4141 957 4204 ad
982 4143 1100 4204 bonum
1125 4139 1280 4204 modoad
1303 4140 1444 4203 malum:
1474 4147 1541 4213 qnae

445 4243 654 4322 temnendos
669 4246 699 4304 in
720 4242 897 4323 Scripturis
921 4243 1078 4306 hebraicis
1096 4244 1228 4305 reiciunt
1247 4241 1309 4305 sub
1331 4237 1482 4305 vocabulo
1499 4249 1539 4292 m·

448 4342 530 4421 [scm
544 4361 695 4424 quaeque
709 4343 751 4406 ab
766 4343 924 4423 Apostolo
945 4344 1065 4406 dieitur
1079 4344 1239 4425 appetitus
1254 4343 1322 4406 sive
1337 4338 1538 4419 concupiscen-

371 4489 375 4497 .
453 4444 518 4520 tia3
535 4454 567 4508 et
584 4461 669 4525 quae
690 4445 785 4508 aliter
803 4444 863 4507 sihi
883 4443 953 4506 vult
969 4462 1066 4523 quam
1084 4453 1233 4522 mentem,
1251 4451 1308 4510 eut
1329 4443 1480 4522 spiritum.
1494 4437 1541 4492 ³¹¹¹

453 4545 631 4624 rationam3
645 4546 702 4610 sed
724 4546 859 4610 hominis
884 4547 1081 4611 voluntatem
1103 4546 1182 4610 alias
1203 4546 1351 4628 spiritui,
1374 4529 1537 4605 altercanti

453 4654 629 4725 pareutum.
