3375 5567
798 769 805 784 ·
876 747 1015 818 CAPUT
1036 747 1122 814 XIV.

444 954 562 1025 Cuutru
576 954 736 1038 Theophili
749 952 931 1025 illusionem
942 950 1120 1036 purult'urr'r
1134 949 1310 1015 instruitur
1323 947 1529 1032 aruumratutiu

481 1059 519 1122 ob
539 1079 591 1137 ru,
610 1078 689 1144 quur
709 1056 746 1125 t'rt
767 1055 896 1142 &uodo
909 1053 1125 1126 alexaudriae
1141 1051 1274 1118 rulrmut'
1292 1054 1345 1116 red
1364 1059 1482 1115 sanaret
1500 1059 1533 1110 te

481 1159 620 1237 Μανία
630 1157 1027 1228 obtestatiomiuciumuuit
1044 1157 1193 1225 adsersus
1212 1151 1359 1238 Oriprru'r
1372 1151 1535 1234 impietaten

479 1257 745 1331 latuerimus
767 1259 860 1326 Verbo
882 1257 952 1326 Dei.

443 1504 538 1628 Nec
560 1563 650 1641 volo,
672 1582 731 1635 uec
752 1581 882 1648 possum
905 1562 944 1628 de
965 1565 1028 1632 hou
1050 1562 1215 1647 mysterio,
1238 1567 1339 1642 prout
1352 1556 1458 1622 docuit
1475 1551 1536 1616 Ori·

440 1683 548 1746 uentu,
570 1684 748 1735 excursum
770 1665 927 1747 implere,
950 1668 1009 1732 uisi
1037 1666 1174 1730 alteram
1197 1661 1343 1744 ejusdem
1365 1655 1533 1722 seutentiam

441 1765 629 1848 protereus,
652 1785 715 1850 qua
739 1767 863 1849 pariter
883 1764 1083 1852 Theophilus
1110 1766 1250 1830 maxime
1272 1764 1315 1825 ile
1341 1761 1535 1830 olieoeusest,

441 1876 477 1934 ut
499 1868 565 1950 ipse
586 1854 626 1932 iu¹
649 1869 744 1950 plenu
772 1867 902 1955 syuodo
925 1886 988 1942 uua
1021 1887 1097 1935 curu
1116 1868 1183 1934 suis
1211 1884 1309 1928 aures
1332 1859 1535 1932 obturaverit,

438 1969 523 2037 luctu
539 1968 688 2052 Origeula
714 1969 927 2050 blasphemio,
947 1972 979 2032 iu
994 1968 1092 2036 Libro
1113 1970 1150 2030 dr
1173 1963 1324 2030 Oratione
1346 1959 1537 2030 u.15.tlicta·

438 2076 481 2142 tu:
503 2088 569 2140 stou
589 2069 733 2135 utemur
753 2089 846 2135 orurt
859 2068 993 2146 Filium,
1009 2071 1062 2134 reti
1083 2069 1185 2132 solum
1199 2067 1338 2136 Putrem,
1361 2081 1416 2126 uer
1430 2060 1537 2125 Putrem

438 2189 511 2239 rum
530 2169 629 2237 Filio.
653 2168 699 2239 De
722 2189 790 2254 quo
820 2181 931 2239 errato
954 2171 1106 2238 eumdem
1127 2170 1250 2251 pluries
1277 2169 1307 2231 iu
1339 2167 1406 2232 suis
1427 2159 1537 2226 Litteris

440 2267 639 2352 Theophilus
659 2271 814 2352 culpavit.
831 2269 1063 2344 Verumtamen
1076 2274 1148 2340 dico
1170 2291 1242 2352 epo,
1265 2289 1302 2335 ea
1327 2285 1442 2334 resera
1462 2271 1540 2346 puta·

440 2373 487 2439 rit
507 2370 691 2452 Origenes?
711 2373 791 2438 llaec
811 2371 936 2439 sensit?
959 2374 1009 2440 Au
1030 2392 1093 2438 uou
1116 2373 1266 2449 tortasse,
1288 2389 1350 2436 seu
1371 2367 1475 2452 potius
1494 2378 1539 2422 uu

437 2476 526 2544 utras
546 2471 747 2540 obturandae
767 2479 843 2538 suut
864 2490 961 2538 eures
982 2474 1024 2536 ob
1047 2480 1166 2538 tantam
1187 2469 1407 2544 calumniam,
1429 2473 1461 2528 et
1477 2478 1539 2526 oou

440 2577 489 2639 tta
512 2577 636 2638 tautum
658 2574 765 2640 uirum
785 2573 886 2637 latam
908 2592 928 2639 a
949 2570 1161 2656 Theophilo?
1183 2570 1247 2647 Qui
1268 2571 1362 2650 legit,
1386 2585 1424 2630 au
1442 2559 1541 2628 sedula

439 2680 544 2739 utente
565 2673 751 2757 percurrit,
774 2688 859 2758 quae
880 2675 926 2738 uit
948 2672 1075 2738 Auctor
1095 2673 1126 2734 iu
1148 2673 1246 2736 citato
1268 2665 1484 2751 paragrapho,
1504 2659 1541 2720 iu·

438 2771 563 2851 telltget
591 2791 749 2857 quorsum
778 2772 923 2854 ejusdem
948 2782 1053 2837 uertat
1084 2790 1213 2852 serm03
1237 2780 1269 2835 et
1289 2779 1414 2851 quauta
1439 2759 1541 2848 injurie

439 2870 574 2938 auectas
592 2873 636 2937 sit
656 2871 868 2943 Adamantius
889 2892 906 2936 a
927 2873 995 2940 suis
1017 2873 1223 2940 aduersariis.

516 2971 600 3038 Cum
621 2977 705 3041 euius
727 2982 821 3040 autea
842 2975 1005 3051 docuerit,
1027 2973 1150 3039 Sanctis
1173 2973 1355 3040 offerendas
1378 2986 1446 3034 esse
1466 2965 1542 3028 obse·

438 3075 620 3156 orationem
641 3086 675 3144 et
693 3078 834 3156 emptius
856 3074 985 3141 Christo
1001 3077 1119 3158 gratias
1141 3076 1291 3156 agendas,
1308 3093 1325 3138 a
1344 3091 1413 3156 quo
1429 3077 1473 3132 tot
1486 3076 1541 3128 tau·

441 3182 539 3257 taque
560 3178 725 3256 beneficis,
743 3178 847 3242 Patris
864 3178 1035 3242 uoluntate
1057 3179 1260 3258 accepimus„
1272 3177 1400 3244 subdita
1414 3195 1429 3232 u
1441 3163 1505 3240 Erit
1517 3151 1545 3234 δὲ

437 3271 611 3370 medumpam,
635 3275 685 3349 ὅτι
708 3278 783 3349 ποτέ
804 3271 873 3350 ἐστὶ
898 3302 919 3347 rr
941 3272 1071 3372 οσευχή,
1095 3270 1219 3372 μήποτε
1241 3269 1343 3350 &uisui
1369 3282 1429 3352 τῶν
1450 3302 1544 3374 potta-

438 3380 501 3450 τῶν
523 3380 726 3484 προσευκτέον
748 3382 853 3469 ἐστὶν,
872 3301 943 3452 bug}
959 3379 1047 3477 ἀυτῷ
1070 3381 1114 3478 τῷ
1128 3381 1273 3478 χριστῷ,
1296 3378 1384 3455 ἀλλὰ
1406 3385 1490 3479 μόνῳ
1510 3381 1545 3477 τῷ

435 3483 505 3580 Θεῷ
526 3487 586 3556 τῶν
609 3483 689 3557 ὅλων
704 3488 763 3558 καὶ
778 3483 886 3589 πατρὶ.
910 3488 953 3551 tlt
967 3489 994 3550 ai
1009 3488 1269 3551 intellexerimus
1285 3488 1366 3567 quid
1383 3491 1425 3554 ait
1438 3489 1542 3560 oratio,

440 3585 575 3650 tortasse
596 3587 707 3651 nullus
722 3589 847 3668 penitus
868 3589 1009 3653 urautlus
1025 3590 1099 3668 erit,
1114 3606 1219 3669 oeque
1240 3588 1307 3669 ipse
1323 3589 1483 3667 Christus,
1500 3605 1544 3650 re·

439 3703 513 3750 rum
527 3688 617 3752 solus
637 3687 725 3753 Deus
740 3690 884 3753 omnium
906 3698 938 3753 et
955 3688 1063 3754 Peter:
1079 3709 1177 3771 quem
1192 3691 1259 3771 ipse
1280 3687 1435 3754 Salvator
1449 3695 1544 3752 uoster

438 3789 570 3868 orabat,
587 3794 635 3854 uti
656 3790 877 3871 praediximus
892 3797 924 3855 et
937 3810 1034 3872 quem
1057 3810 1114 3856 nos
1129 3808 1226 3854 orare
1245 3791 1350 3855 docet.
1375 3791 1458 3858 Cum
1471 3790 1544 3854 euim

436 3890 598 3954 audisset:
619 3891 771 3954 ducenos
791 3911 898 3966 orare,
919 3912 983 3958 uua
1002 3894 1145 3975 seipsum
1165 3893 1260 3957 docet
1280 3910 1397 3970 orare,
1419 3891 1473 3956 setl
1495 3888 1544 3952 tu·

440 3997 538 4065 trem,
557 3990 718 4054 licentes:
743 3988 839 4056 Pater
853 4002 971 4066 uortsr,
991 3993 1048 4073 qui
1069 4011 1100 4055 rs
1119 3992 1154 4055 iu
1175 3990 1267 4056 coelis
1281 3999 1343 4056 eto.
1366 3993 1399 4058 st
1414 3994 1494 4056 euim
1514 3993 1545 4052 ut

436 4091 513 4155 alibi
529 4091 698 4174 probatur,
721 4094 806 4157 alius
821 4112 840 4156 a
857 4093 953 4158 Patre
968 4092 1071 4158 Filius
1092 4100 1139 4158 eat
1153 4093 1331 4158 secuudum
1353 4090 1467 4164 tortas
1479 4088 1544 4154 suls

437 4192 586 4255 rtautiam
613 4193 834 4278 (hypostasim)
849 4202 882 4259 et
901 4197 1118 4277 suppositum,
1133 4203 1190 4259 aut
1206 4195 1348 4260 orandus
1368 4202 1418 4260 est
1438 4193 1543 4262 usura

439 4301 473 4356 et
492 4311 556 4357 ooo
579 4292 686 4371 Pater,
708 4305 766 4360 aut
786 4305 940 4377 uterque,
956 4305 1014 4361 rut
1035 4295 1131 4360 Pater
1151 4297 1260 4378 solus3
1282 4295 1403 4362 Filium
1423 4311 1498 4376 ergo
1516 4294 1544 4356 rt

439 4410 503 4457 uou
523 4393 652 4460 Patrem
672 4397 831 4462 orandum
852 4416 939 4476 essa,
964 4400 1164 4480 quicumque
1190 4396 1415 4474 confitebitur,
1429 4397 1458 4458 itl
1480 4393 1542 4457 iore

439 4493 719 4574 abaumiuimum,
738 4504 772 4562 ot
798 4487 929 4580 praeter
949 4500 1141 4566 euidentiam
1163 4499 1345 4566 dicendum.
1374 4496 1407 4564 Si
1423 4512 1498 4561 uero
1512 4509 1543 4556 u·
