3375 5567
439 646 537 828 effla,
562 763 699 817 mentem
721 772 812 818 snam
834 756 993 832 ostendat,
1014 763 1046 818 et
1068 757 1198 836 quidem
1214 759 1244 820 in
1267 757 1313 820 liis
1334 755 1423 818 sicuti
1442 755 1470 818 io
1488 773 1532 816 cc·

443 857 519 917 teris
541 855 811 932 discussionibus,
844 859 1046 921 invocatione
1068 859 1207 938 Spiritus
1238 857 1342 921 Sancti
1364 857 1531 937 praemissa,
1573 845 1581 872 ¹

432 957 615 1020 admodum
639 959 804 1023 moderate
825 960 984 1028 incedens.

441 1165 557 1222 natura
580 1162 747 1240 expositis,
769 1162 942 1224 ordinatim
965 1179 995 1223 n.
1016 1160 1046 1226 3.
1068 1161 1259 1241 aggreditur
1279 1161 1535 1240 disquisitionem:

444 1282 460 1318 c
481 1260 541 1324 Sed
566 1269 601 1323 ut
623 1262 714 1336 baec,
730 1263 847 1341 inquit,
872 1262 1071 1326 manifestius
1087 1263 1221 1342 intelligi
1244 1263 1377 1342 possint,
1399 1262 1488 1324 etiam
1508 1262 1539 1325 ιι·

441 1359 497 1421 lud
513 1362 618 1439 primo
631 1361 784 1423 debemus
799 1363 965 1442 inquirere
980 1364 1007 1426 ιι
1021 1363 1194 1427 animantis
1211 1363 1291 1426 boec
1306 1380 1389 1434 esse,
1404 1369 1435 1424 et
1454 1361 1538 1422 ratio

381 1533 385 1539 ¹
442 1461 558 1524 nobilia
581 1463 715 1541 intelligi
739 1462 784 1528 tas
806 1473 873 1526 est:
897 1473 966 1526 tum
989 1465 1102 1528 deiude
1130 1473 1245 1528 utrum
1265 1465 1392 1526 animae
1412 1465 1539 1543 ipsarum

442 1563 654 1642 (stellarum)
676 1568 799 1643 pariter
818 1584 894 1628 cun
914 1569 982 1628 suis
1011 1567 1203 1645 corporibus
1231 1565 1417 1638 extiterint,
1439 1582 1476 1626 an
1495 1581 1540 1626 an·

442 1665 579 1726 teriones
598 1667 665 1728 snis
692 1665 887 1745 corporibus
910 1667 1090 1734 videantur.
1120 1667 1182 1733 Sed
1202 1675 1237 1730 et
1257 1675 1333 1748 post
1354 1683 1540 1732 comumne-

443 1766 561 1828 tionem
581 1767 696 1841 seculi,
710 1768 737 1830 si
758 1769 1003 1849 intelligendum
1025 1777 1086 1843 est,
1104 1787 1158 1832 ιιι
1179 1769 1375 1834 relaxandas
1395 1787 1461 1832 asse
1479 1783 1540 1832 cor·

441 1867 598 1945 poribusz
621 1875 653 1931 et
666 1869 751 1932 sicut
765 1886 822 1932 nos
836 1887 1000 1933 cessamus
1020 1870 1061 1933 ab
1077 1871 1136 1932 bac
1153 1871 1229 1944 rita,
1244 1870 1270 1934 ιι
1285 1871 1330 1932 ιιι
1352 1870 1446 1934 etlam
1466 1869 1539 1948 ipsae

440 1987 457 2030 a
475 1969 587 2031 mnndi
602 1969 837 2034 illuminatione
859 1971 1039 2034 cessabunt.
1055 1969 1212 2047 Quemvis
1227 1970 1289 2034 boc
1311 1972 1474 2050 inquirere
1492 1984 1539 2032 ιι·

441 2071 551 2134 ιιιιιι
572 2072 741 2153 cujusdem
759 2073 920 2136 videatur:
943 2075 1097 2152 quoniam
1119 2079 1224 2137 tamen
1238 2071 1418 2151 captandae
1439 2069 1540 2134 seriti-

441 2173 481 2233 tis
500 2172 609 2234 studio
624 2189 856 2252 provocamur,
879 2191 964 2252 quae
987 2172 1148 2252 possibilia
1164 2171 1255 2236 nobis
1269 2179 1359 2246 sunt,
1375 2169 1538 2236 secundun

440 2272 578 2350 gratiam
608 2271 748 2352 Spiritus
774 2271 880 2336 Sancti
910 2273 1050 2336 scrutari
1072 2279 1104 2335 et
1125 2279 1310 2350 pertentare
1342 2287 1406 2336 non
1428 2269 1541 2332 videtur

440 2371 630 2436 absurdum.

521 2493 539 2531 s
563 2471 717 2537 Putamus
738 2491 818 2554 ergo
833 2492 925 2554 posse
947 2491 984 2538 ea
1006 2493 1065 2554 per
1089 2475 1152 2538 icoc
1172 2476 1349 2540 animantia
1375 2471 1538 2553 designari,

440 2575 528 2656 quod
541 2584 573 2637 et
589 2576 736 2639 mandata
749 2577 905 2640 dicuntur
914 2576 1062 2658 accipere
1074 2595 1092 2640 a
1105 2573 1185 2652 Deo,
1196 2576 1283 2656 quod
1298 2578 1413 2657 ntique
1424 2591 1482 2638 non
1492 2572 1540 2636 nisi

440 2675 686 2740 rationabilibus
715 2679 930 2742 animantibus
953 2677 1023 2742 lieri
1043 2679 1137 2742 solet.
1172 2678 1227 2740 dit
1246 2695 1349 2758 ergo:
1371 2675 1540 2742 ιιιαιιιιιιιιι

437 2795 494 2857 ego
506 2777 651 2840 omuibus
669 2778 770 2842 stellis
783 2777 936 2860 prcscspi.
953 2777 1046 2855 Quae
1068 2787 1176 2844 autem
1191 2785 1268 2842 sunt
1281 2779 1343 2844 ista
1359 2771 1541 2859 praecepta?

437 2881 563 2944 scilicet
584 2889 621 2945 ut
641 2881 901 2961 unumquodque
921 2889 1045 2944 astrum
1074 2900 1135 2944 suo
1157 2880 1270 2944 ordine
1297 2880 1434 2961 suisque
1453 2875 1540 2942 cursi-

439 2982 498 3047 bus
529 2983 674 3046 indultae
703 2984 762 3046 sibi
784 2985 974 3062 quantitatis
1003 2982 1209 3063 splendorem
1240 2981 1398 3062 praebeat
1422 2977 1537 3046 mundo.

439 3082 633 3158 altisonus,
656 3086 712 3163 qni
734 3091 892 3150 vocantur
917 3085 1076 3163 planetae,
1100 3082 1467 3156 morenturordinibns,
1481 3077 1540 3142 aliis

441 3188 488 3262 ιιι,
504 3205 587 3266 quos
601 3183 752 3265 ἀπλανεῖς
762 3186 841 3265 ficos
861 3195 986 3250 vocant.
1003 3185 1037 3248 lo
1049 3204 1117 3265 qno
1134 3186 1166 3248 id
1180 3184 1539 3252 manifestissimsmten·

442 3289 544 3364 ditur,
557 3289 645 3369 quod
667 3305 772 3368 neque
795 3298 900 3352 motus
917 3289 1004 3351 illins
1025 3289 1172 3367 corporis
1187 3290 1254 3349 sine
1276 3289 1384 3350 anima
1399 3283 1476 3350 effici
1495 3299 1540 3362 pu·

442 3399 523 3453 test:
546 3407 652 3468 neque
668 3407 753 3468 quae
774 3391 946 3452 animantia
968 3397 1055 3463 sunt,
1073 3395 1206 3469 possunt
1226 3387 1405 3466 aliquando
1424 3403 1489 3452 esse
1507 3385 1540 3444 si·

440 3510 478 3554 ne
501 3499 602 3553 motu.
618 3489 738 3553 Stellae
755 3509 834 3554 roro
856 3509 929 3553 cum
948 3499 1034 3553 tanto
1056 3491 1169 3553 ordine
1184 3508 1221 3552 ac
1244 3496 1330 3552 tanta
1348 3490 1469 3552 ratione
1483 3501 1537 3548 nto·

442 3602 590 3666 ceantur,
615 3602 651 3656 ut
672 3595 703 3654 in
725 3593 817 3656 nullo
839 3612 974 3672 prorsus
996 3609 1111 3655 cursus
1134 3609 1246 3654 earnm
1269 3591 1447 3671 aliquando
1466 3587 1538 3648 tlsns

440 3698 481 3759 ιιι
503 3695 697 3773 impeditus,
729 3695 895 3775 quomodo
917 3711 979 3757 non
1002 3700 1051 3757 est
1083 3694 1169 3757 ultra
1192 3709 1320 3758 omnem
1347 3691 1538 3756 stoliditate!

443 3804 566 3859 tantum
588 3797 747 3873 ordinem,
763 3804 949 3876 tantamque
971 3795 1157 3875 disciplinae
1178 3803 1210 3857 et
1226 3795 1361 3858 rationis
1382 3793 1538 3858 obsecran-

442 3902 517 3966 tium
532 3900 640 3961 dicere
653 3899 694 3959 ab
709 3897 986 3961 irrationabilibus
1007 3899 1105 3976 exigi,
1122 3898 1173 3959 cel
1191 3895 1346 3975 expleri?
1365 3893 1457 3973 apud
1479 3887 1542 3952 llie·

440 4001 573 4062 remiam
594 4015 679 4062 sone
692 4000 788 4061 etiam
812 3999 920 4078 regina
944 3999 1025 4064 coeli
1042 3998 1120 4061 luna
1142 3997 1339 4077 appellatur.
1363 3994 1457 4072 Quod
1475 3992 1539 4054 ιιι·

439 4103 595 4164 nimaotes
615 4108 691 4162 sunt
711 4099 848 4174 stellae,
871 4108 902 4162 et
925 4099 1132 4163 rationabiles
1153 4099 1343 4172 animantes,
1367 4097 1433 4160 sine
1452 4091 1538 4156 dubio

440 4203 570 4265 ridetur
585 4204 736 4264 intereas
752 4200 919 4281 proiectus
935 4201 1052 4280 aliquis
1067 4209 1098 4262 et
1110 4200 1270 4262 decessus.
1288 4195 1359 4260 lloc
1371 4197 1451 4260 enim
1462 4187 1537 4272 qnod

436 4307 481 4365 ait
501 4302 585 4364 lob:
615 4303 723 4363 stellae
744 4319 808 4363 eoa
829 4310 905 4363 sunt
935 4301 1072 4364 mundos
1094 4298 1130 4362 ιιι
1149 4309 1313 4380 commate
1334 4299 1422 4379 ejus,
1454 4291 1536 4357 talen

440 4404 516 4466 mibi
532 4402 703 4482 quemdam
722 4402 852 4466 ridetur
873 4401 1015 4464 indicare
1027 4401 1238 4465 intellectum.
1264 4421 1280 4460 a
1305 4398 1423 4463 Deinde
1441 4395 1535 4472 dispu-

443 4514 489 4568 tat
509 4505 549 4568 de
571 4513 812 4584 temporeque
833 4504 966 4584 spiritns
988 4504 1035 4566 bis
1054 4503 1246 4584 corporibus
1268 4505 1406 4566 insertus
1419 4498 1468 4572 sit,
1483 4501 1533 4556 etc·
