3375 5567
1191 685 1253 755 279

645 786 742 857 'vlit

234 998 357 1063 Frustra
383 997 516 1078 insuper
537 994 677 1061 iiuetius
704 998 871 1077 ceterique
891 995 1044 1075 suspiesti
1069 999 1145 1057 suut
1167 993 1252 1057 Adr-

172 1102 303 1165 nsntinn
332 1098 492 1163 vocubulo
512 1094 646 1168 ἀιόνων
671 1108 833 1162 murnum
858 1115 918 1178 pro
948 1094 1079 1157 delinito
1106 1102 1251 1174 tempore

171 1220 249 1266 usun
268 1201 372 1275 inisse,
386 1216 462 1267 curn
483 1198 523 1263 de
538 1198 651 1263 intere
671 1198 867 1279 loqueretur
883 1198 962 1274 sits,
984 1196 1076 1277 qussi
1098 1196 1178 1259 bsue
1197 1214 1251 1257 vu-

169 1323 225 1369 osn
240 1304 331 1368 elitcr
348 1320 448 1383 quum
470 1298 614 1365 Ecclesia
636 1298 803 1367 Cstbolics
824 1300 938 1365 docuit
958 1305 991 1363 et
1012 1298 1108 1363 docet
1128 1318 1168 1361 ex
1191 1316 1249 1361 ore

169 1404 268 1471 Christi
286 1411 318 1469 et
337 1401 585 1485 Apostolorum,
606 1401 792 1485 sccepisset.

670 1600 725 1667 ΙΧ.

229 1804 368 1889 Corpore
388 1813 617 1871 resurrecturo
638 1824 702 1871 nou
722 1806 819 1871 elisus
840 1823 859 1868 s
882 1806 1016 1887 pristinu
1037 1807 1090 1887 (sb
1110 1824 1147 1870 es
1168 1806 1254 1871 seili-

164 1916 215 1983 cet,
233 1927 295 1990 qus
314 1908 459 1973 constitit
477 1914 552 1972 suto
573 1908 724 1987 mortens)
744 1915 897 1971 usturstn
911 1908 1058 1989 induent3
1077 1909 1133 1973 sed
1156 1908 1187 1970 iu
1202 1926 1254 1971 es·

164 2008 224 2072 ion
237 2015 447 2090 resurgente
469 2007 591 2071 morbis
607 2016 712 2073 temen
733 2017 766 2073 et
780 2007 1007 2075 obiectionibus
1027 2012 1061 2073 et
1074 2006 1253 2072 defectibus

164 2118 283 2174 urtone
301 2118 478 2193 corruptae
491 2110 574 2174 idest
594 2126 612 2171 u
633 2109 765 2173 cbocbio
786 2116 948 2191 exempto.
968 2108 1003 2174 in
1024 2126 1089 2191 qun
1105 2108 1255 2172 immuni·

165 2216 218 2275 tste
231 2211 285 2276 ills
305 2212 516 2276 constituitur
534 2208 846 2275 misereremur
868 2224 886 2271 n
908 2209 1063 2286 coelesti,
1078 2225 1142 2290 qus
1163 2207 1255 2289 probi

163 2310 300 2380 irusstur
318 2316 352 2379 iu
372 2317 549 2395 conspectu
569 2308 640 2377 Dei.

680 2514 720 2581 Χ.

227 2717 315 2785 Nibii
329 2718 485 2801 praetatis
505 2719 761 2801 expositionibus
778 2718 909 2784 officere
930 2718 1103 2784 nonnullus
1118 2718 1258 2783 locutio·

161 2836 206 2883 nes
223 2822 329 2901 groeci
352 2817 584 2886 commentarii
604 2820 641 2885 iss
655 2818 852 2887 Hottbocrsss
872 2820 914 2883 sb
939 2817 1059 2885 iiuetio
1080 2820 1156 2883 editi
1182 2836 1257 2883 cum

161 2922 293 2986 versione
302 2922 419 2997 istius,
431 2924 622 3003 praesertim
644 2922 752 3003 quoni
767 2921 960 2987 doemonem
977 2922 1190 3003 poenitentioe
1205 2937 1258 2983 cs·

159 3039 275 3101 prosu:
305 3020 571 3105 quandoquidem
601 3023 658 3088 ille
688 3022 948 3089 Commentarius
978 3020 1064 3085 brui
1097 3021 1257 3102 genuinus

161 3123 306 3201 probetur
324 3121 476 3203 Origsuis
496 3122 625 3201 ioetus,
646 3122 703 3190 sei
724 3124 896 3207 cuiusdam
913 3121 1074 3207 Anonymi
1096 3122 1200 3205 glosss
1226 3129 1258 3185 et

160 3222 276 3301 quiden
296 3240 449 3302 eneces,
470 3222 639 3291 eirborsts
660 3244 759 3308 suprs
782 3224 938 3293 Auctoris
961 3223 1068 3289 verbs.

677 3424 734 3492 Xi.

224 3626 423 3704 Novissime,
441 3628 537 3695 sicuti
558 3629 716 3713 Origenes
736 3631 910 3713 profitetur
930 3646 968 3694 sc
990 3635 1088 3707 tenet,
1110 3647 1170 3694 nec
1182 3629 1259 3695 ‹ioe-

161 3742 256 3794 noues
275 3748 337 3794 nec
358 3730 516 3812 reprobos
540 3748 633 3814 posse
653 3731 830 3815 aliquande
851 3734 883 3795 iu
906 3731 969 3794 sits
999 3730 1110 3796 tuturo
1134 3732 1258 3795 resisus·

162 3832 262 3907 ptionis
283 3830 406 3898 christi
427 3830 493 3897 isui
513 3833 691 3899 beneflcio:
708 3837 752 3899 its
773 3844 806 3899 et
819 3833 951 3915 angelos
964 3839 997 3898 et
1018 3834 1137 3915 probos
1152 3832 1258 3897 coelo-

160 3931 323 4014 tiissiorise
335 3956 413 4005 curn
424 3936 492 4003 [teo
505 3938 691 4019 perticipss‚
703 3952 871 4018 uunquam
891 3953 1027 4017 peccsre
1041 3952 1133 4018 posse
1150 3932 1254 3999 docet.

505 4288 914 4341 ...σαρκο-ν-
