3375 5567
173 794 320 861 exponens
339 796 358 839 a
379 781 587 859 correptione
605 778 758 845 immunis
772 775 902 843 eradit:
925 774 981 843 sset
1003 776 1113 855 potius
1133 777 1156 842 tt
1169 780 1273 843 enrri-

171 881 263 959 pienti
281 890 376 955 sunt,
400 882 457 960 qui
476 898 607 945 sensum
622 884 725 945 'suum
746 883 907 961 integrum
929 887 1172 958 perverterunt.

240 980 411 1047 Praeterea
426 984 458 1044 ia
472 983 585 1047 eedem
599 1002 626 1047 s.
645 980 754 1046 Basilii
766 983 920 1063 perieope
931 981 1106 1045 subditure
1126 1001 1144 1043 r
1159 979 1272 1061 arms

169 1090 265 1144 autem
286 1099 353 1157 ees,
369 1100 454 1163 quae
473 1083 537 1147 suit
555 1082 878 1157 moturemoture,
898 1098 936 1144 ea
959 1100 1029 1145 esse
1040 1081 1199 1161 spiritalia
1215 1099 1270 1145 ne-

171 1182 280 1261 quitiae
300 1191 333 1247 et
353 1184 601 1264 improbitatisa
622 1184 765 1247 naturuii
784 1182 985 1247 sublimitate
1003 1184 1037 1245 in
1056 1183 1154 1246 imam
1171 1183 1271 1247 totius

172 1284 339 1348 vitiositatis
361 1288 548 1365 sorapiuem
570 1286 713 1367 tioium.
730 1284 796 1349 iias
817 1284 980 1365 improbas
1000 1290 1121 1347 mentes
1134 1290 1173 1345 ut
1191 1281 1271 1346 aite-

168 1393 270 1447 otuum
290 1396 323 1449 et
345 1388 626 1467 perturbationum
641 1387 794 1468 proeetiis
814 1404 853 1450 ao
874 1385 1003 1449 turbine
1024 1383 1219 1449 iinotuantss
1237 1392 1273 1448 at

170 1494 383 1551 exaestuantes
402 1485 510 1550 morio
531 1497 733 1569 nuooupatas
754 1488 854 1552 {uisae
876 1494 1028 1551 mserum
1047 1493 1181 1565 propter
1202 1501 1273 1550 mu·

169 1588 285 1649 tationis
299 1588 488 1653 tarilitatem
509 1597 542 1653 et
556 1589 797 1653 instabititatem
818 1590 916 1652 animi
932 1596 1080 1652 motuum
1101 1594 1135 1650 et
1156 1587 1271 1649 solun·

170 1688 244 1749 tatis.
260 1706 277 1745 a
294 1686 397 1753 Nemo
418 1706 519 1771 porro
549 1691 608 1753 ista
631 1691 732 1755 nesoit
751 1691 903 1771 decerpta
932 1688 1031 1752 tuisse
1051 1707 1093 1751 ax
1123 1686 1269 1768 ejusdem

168 1784 318 1851 {inmittas
337 1790 576 1855 seminassent
597 1791 812 1871 interpolator
829 1791 930 1855 simui
949 1789 1164 1865 commiserit,
1184 1804 1270 1868 quae

165 1890 199 1950 ad
214 1890 353 1953 homiues
374 1900 406 1954 et
420 1892 592 1956 daemones
611 1893 785 1972 separatim
798 1899 964 1972 spartana:
986 1889 1073 1953 unde
1086 1897 1270 1953 monstruo-

165 2006 230 2051 sum
250 2001 402 2055 exortum
424 2000 473 2056 est
493 1994 690 2059 connubium
713 1997 724 2073 (
735 2012 810 2058 sane
831 1994 918 2057 inter
936 1991 1060 2055 somnia
1080 1999 1114 2053 et
1134 1989 1270 2053 iabeiias

165 2093 403 2169 numerandum,
426 2101 463 2157 ut
484 2095 530 2157 ait
549 2112 575 2157 s.
599 2092 749 2171 Basiiius)
771 2094 982 2168 connubium,
997 2092 1141 2171 inquam,
1163 2097 1197 2153 et
1211 2090 1270 2153 iro·

166 2193 277 2256 ninom
298 2202 332 2257 et
351 2194 559 2273 daemonum,
576 2195 703 2277 paunus
723 2196 889 2259 diversum
910 2194 953 2256 aia
965 2212 1019 2268 eo,
1041 2193 1131 2273 quoti
1151 2191 1271 2272 signiti-

164 2295 241 2355 earit
254 2293 420 2375 Origenes.
438 2295 502 2374 Qui
523 2299 568 2361 ite
588 2297 790 2377 Soripturaro
812 2306 841 2358 at
855 2294 943 2358 dixit
959 2293 1055 2357 Deus:
1069 2302 1272 2375 eonprspetar

163 2412 254 2474 opno,
273 2412 353 2475 quoe
362 2406 409 2459 est
427 2396 483 2459 rui
494 2396 576 2459 sosio
596 2396 633 2461 io
645 2394 916 2478 oonprepntionert
935 2413 1048 2471 unum,
1069 2403 1099 2458 et
1117 2403 1270 2476 opponet

163 2493 451 2576 maessepreost
475 2506 519 2561 ast
545 2497 612 2571 ito,
634 2499 805 2579 exposuit:

234 2596 334 2661 «Nos
354 2616 432 2679 ergo
454 2600 640 2663 laboremus
662 2618 861 2681 congregare
879 2618 1011 2682 aquam,
1033 2618 1120 2683 quae
1138 2602 1187 2663 est
1205 2599 1267 2663 sub

164 2697 259 2772 rosio,
281 2706 315 2761 et
334 2698 477 2781 abjicere
496 2718 567 2764 eam
589 2718 606 2762 a
628 2702 740 2780 nobis;
771 2709 809 2765 ut
827 2720 903 2765 eum
925 2702 988 2765 hoe
1009 2702 1131 2766 iactum
1153 2701 1267 2776 inerit,

162 2808 304 2877 opponet
324 2799 432 2877 ericio,
455 2818 540 2881 quae
560 2811 636 2866 sont
656 2804 688 2864 in
708 2820 806 2865 earne
827 2812 916 2882 gesta
940 2821 1039 2885 opera
1051 2810 1183 2888 nostra:
1200 2821 1268 2882 ouo

164 2896 279 2963 aritiret
301 2901 444 2965 ridentes
466 2902 610 2966 homines
631 2918 730 2982 opera
752 2911 861 2965 nostra
883 2903 980 2979 boue,
1005 2902 1189 2982 glorificent
1208 2901 1270 2964 Ρι-

164 3004 238 3059 trem
258 3009 430 3077 nostrum,
452 3004 508 3081 qui
529 3002 560 3063 iu
583 3002 682 3065 coelis
702 3008 763 3065 est.
788 2999 821 3065 st
842 3002 1050 3082 aoim'aqoas
1071 3003 1159 3077 istas,
1182 3018 1268 3081 quaa

162 3108 229 3161 sunt
243 3101 305 3163 sub
319 3102 413 3166 coeio
432 3120 494 3164 uon
508 3102 770 3183 separaverimus
785 3120 802 3163 a
817 3103 923 3179 notu,
935 3102 1017 3165 idest
1027 3109 1159 3184 porreta
1174 3109 1207 3164 et
1222 3101 1268 3165 ri·

163 3198 201 3259 tia
220 3204 366 3283 eorporis
388 3206 512 3281 nostri,
543 3202 640 3267 arido
659 3215 771 3269 noatro
792 3220 856 3268 noa
875 3205 995 3285 poterit
1015 3222 1186 3286 apparere,
1208 3220 1269 3267 use

163 3298 274 3364 habere
295 3302 447 3367 tidooiem
469 3303 664 3384 procedendi
686 3306 727 3368 ati
748 3306 868 3369 iurem.
885 3301 998 3367 Omnis
1012 3302 1110 3378 enim,
1125 3301 1183 3384 qui
1202 3322 1270 3388 nro·

159 3397 183 3459 ie
202 3398 287 3481 opit,
311 3400 380 3465 oete
399 3404 524 3478 iuerat,
544 3414 574 3466 at
594 3422 660 3467 non
681 3404 765 3469 uenit
786 3406 829 3467 od
849 3406 969 3478 iurem
991 3411 1114 3466 utnon
1134 3400 1268 3483 moniss-

160 3510 273 3565 suntor
292 3522 387 3584 opero
405 3508 489 3587 ejas,
502 3514 531 3568 et
545 3503 756 3591 misonturrt'
773 3506 812 3569 itt
827 3506 891 3569 Deo
903 3506 971 3568 sint
983 3515 1079 3587 pasto.
1096 3503 1189 3582 Quae
1203 3505 1266 3569 uti·

161 3620 218 3682 que
238 3606 354 3669 fidueia
376 3624 439 3670 uon
460 3607 729 3681 attestabitur,
752 3609 810 3671 nisi
834 3608 924 3671 reiut
944 3624 1047 3687 aquas
1061 3606 1266 3688 ‚abjiciamus

161 3708 281 3769 anobis
304 3715 403 3788 atque
430 3724 636 3787 segregemus
660 3708 736 3771 vitia
765 3709 933 3789 corporis,
955 3725 1041 3788 quae
1065 3717 1140 3771 sant
1166 3716 1266 3771 mate·

162 3806 221 3867 riae
241 3817 459 3885 pennatorum.
476 3806 552 3883 Qun
575 3807 660 3871 iaoto
678 3808 745 3889 iam
767 3808 864 3872 orion
885 3821 997 3872 nostro
1013 3828 1077 3873 noo
1098 3827 1267 3889 permane·

163 3902 321 3983 hiterius,
344 3910 439 3971 siouti
459 3926 501 3971 ex
523 3911 793 3989 consequentibus
820 3911 1011 3975 ostenditur.
1036 3910 1091 3973 att
1110 3912 1215 3974 enims
1236 3920 1266 3973 et

161 4018 338 4087 eoapepoto
353 4018 507 4089 estoque,
523 4024 604 4088 quoe
623 4010 734 4073 estruit
749 4012 842 4085 coeio,
857 4010 896 4073 in
909 4010 1164 4091 amprrpotiones
1176 4028 1265 4083 suos,

160 4114 184 4164 tt
201 4108 350 4188 apperuit
361 4109 467 4173 arido.
492 4108 534 4171 tn
553 4109 679 4174 emovit
699 4111 781 4176 Deus
795 4111 924 4177 oridom
942 4123 1076 4183 terrem,
1090 4121 1120 4174 st
1139 4128 1268 4191 conpra-

160 4206 292 4283 potionrs
312 4228 472 4291 equorum
486 4210 612 4287 ooeouit
631 4212 735 4277 morio
755 4224 817 4278 eto.
835 4234 853 4273 n
871 4214 1024 4280 Ceterum
1040 4232 1115 4278 cum
1136 4221 1268 4276 ostensu

160 4322 215 4370 uon
235 4313 375 4376 arduum
393 4314 445 4387 sit,
462 4330 505 4375 ex
525 4314 622 4377 eitata
645 4312 784 4379 Humilia
814 4318 963 4380 traducta
986 4315 1085 4379 tuisse
1104 4314 1266 4396 ejusmodi

160 4414 285 4487 somnia,
308 4420 396 4493 patet
416 4416 493 4477 itetu
517 4414 723 4479 iraudulenta
745 4416 989 4497 interpoiatoris
1014 4433 1129 4479 manus
1149 4413 1264 4477 adrer-

159 4523 207 4572 sus
224 4514 380 4577 sinoerem
401 4523 435 4579 et
454 4514 647 4577 eutholioam
668 4516 818 4596 origenis
838 4516 1083 4594 expositionem.
