3375 5567
303 774 305 778 .
423 731 562 794 namquo
582 721 681 778 statu.
691 712 768 778 dicit
782 713 903 778 electos
923 711 1095 777 cumulum
1117 711 1324 776 beatitudinis
1344 723 1527 778 consecutu-

425 833 490 889 rus,
515 816 545 878 in
560 815 713 879 altissima
730 825 808 895 pace
829 822 863 878 et
885 815 1120 895 tranquillitate
1133 823 1166 878 et
1188 815 1360 879 serenitate
1382 815 1528 880 victuros:

426 939 441 975 ι
465 914 550 992 Quid
573 934 664 997 ergo,
687 935 717 979 n.
739 914 789 986 47.
812 916 934 992 subdit,
956 917 1034 997 qnid
1055 934 1134 998 ergo
1160 915 1340 1002 refugimus
1360 925 1395 978 et
1413 917 1530 980 dubita·

428 1036 510 1092 runs‚
534 1017 660 1100 abjecto
681 1020 768 1099 quod
791 1037 850 1083 nos
872 1020 1017 1099 impedit,
1034 1019 1241 1100 corruptibili
1261 1037 1401 1098 corpore
1421 1027 1454 1082 et
1472 1028 1529 1081 ter·

429 1137 507 1182 reno
530 1120 759 1195 tabernaculo,
792 1120 880 1202 qnod
901 1121 1041 1184 animam
1063 1127 1190 1200 gravat,
1212 1130 1245 1182 et
1264 1129 1381 1183 onerat
1401 1127 1531 1184 mentem

426 1221 614 1298 sollicitam,
632 1223 768 1287 vinculis
787 1222 924 1295 absolsi,
939 1231 974 1284 ct
992 1224 1098 1285 carnis
1111 1230 1144 1286 ct
1157 1222 1319 1301 sanguinis
1333 1219 1453 1285 lluctus
1465 1239 1533 1285 esa·

428 1322 518 1398 dere,
543 1330 580 1385 nt
600 1342 674 1387 cum
698 1323 826 1387 Christo
847 1322 927 1387 Jesu
948 1326 1081 1403 propria
1107 1322 1312 1386 beatitudinis
1335 1322 1448 1402 requie
1468 1339 1534 1401 per·

430 1421 593 1496 truamur,
617 1423 721 1500 ipsum
743 1423 873 1486 omnino
893 1441 951 1502 per
971 1424 1078 1484 omnia
1101 1419 1245 1484 Verbum
1267 1423 1380 1484 sirum
1399 1430 1535 1502 spectan-

430 1531 490 1598 tes,
513 1523 553 1584 ab
574 1524 644 1603 ipsu
664 1525 821 1600 enutriti,
855 1525 936 1586 mire
959 1525 1080 1586 sariam
1104 1523 1134 1584 in
1157 1523 1225 1603 ipso
1246 1524 1437 1605 sapientiam
1458 1540 1536 1585 com·

427 1624 674 1704 prehendentes,
696 1625 737 1687 ab
758 1626 827 1703 ipsa
851 1627 990 1688 veritate
1010 1622 1190 1696 informati,
1210 1631 1243 1685 et
1262 1641 1281 1684 a
1305 1641 1385 1686 seru
1406 1631 1440 1686 et
1459 1622 1537 1685 inde—

430 1723 548 1787 licienti
569 1725 720 1788 scientiae
751 1725 875 1790 lumine
897 1733 1002 1787 mente
1031 1724 1187 1788 illustrati
1208 1724 1248 1785 ad
1270 1724 1328 1788 illa
1347 1724 1534 1805 spectanda,

431 1843 516 1904 qnae
537 1843 596 1905 per
612 1825 691 1888 illud
714 1825 825 1888 lumen
846 1826 1074 1906 conspicabilia
1094 1835 1171 1891 sunt
1185 1826 1222 1888 iis
1243 1826 1364 1900 oculis,
1379 1842 1461 1904 quos
1481 1821 1536 1886 [lo-

430 1926 507 1990 mini
530 1935 739 2007 pracceptum
762 1923 1059 1991 illuminareritln

507 2024 590 2090 Hinc
612 2027 743 2090 eruitur
762 2046 827 2108 qua
845 2037 955 2091 mente
975 2027 1131 2109 Origenes
1150 2036 1184 2092 et
1203 2044 1280 2092 cnm
1293 2046 1334 2092 eo
1347 2026 1537 2108 Augustinus

429 2128 633 2193 considerent
653 2127 874 2192 beatitudinem
899 2132 1046 2212 corporis
1067 2130 1099 2192 in
1123 2129 1361 2192 resurrectione
1389 2129 1484 2191 aliam
1501 2125 1537 2187 ab

429 2249 469 2292 eo
487 2231 584 2293 animi
602 2231 919 2312 incomprehensibili
934 2232 1064 2313 gaudio,
1080 2250 1147 2312 quo
1163 2232 1317 2296 fruentur
1328 2232 1361 2292 iu
1377 2230 1470 2294 coelo
1481 2228 1539 2291 ele·

429 2331 483 2392 cti.
507 2328 542 2392 ln
564 2348 601 2393 ea
627 2331 712 2394 enim
741 2333 940 2396 substantiae
959 2351 1139 2414 corporeae
1159 2332 1477 2414 comprehenderunt
1497 2329 1538 2390 in·

432 2430 628 2510 tegritatem‚
651 2448 749 2510 quam
771 2449 882 2496 omnes
897 2433 1075 2496 universim
1097 2434 1257 2496 mediante
1271 2450 1371 2512 qnam
1393 2431 1534 2504 diximus,

327 2515 344 2565 '¹
435 2531 678 2611 regeneratione
700 2550 758 2595 sen
780 2534 984 2596 restitutione
1006 2533 1036 2595 in
1058 2533 1240 2614 pristinum,
1263 2538 1478 2612 assequentur
1496 2545 1539 2591 re-

433 2633 629 2707 surrecturi,
651 2651 727 2696 cum
748 2632 780 2694 in
801 2631 894 2696 nobis
914 2634 1136 2714 corruptibilis
1157 2635 1264 2697 carnis
1283 2632 1460 2696 cessaverit
1477 2645 1539 2693 cer·

435 2739 553 2810 tamen,
570 2751 608 2796 ac
623 2735 727 2797 morbi
742 2741 775 2796 et
795 2733 982 2798 allectiones
996 2741 1029 2797 et
1049 2735 1212 2816 cujusque
1226 2734 1351 2815 generis
1369 2733 1445 2796 vitia
1459 2731 1539 2812 quic·

436 2835 558 2909 reriut‚
581 2836 700 2914 quibus
721 2835 752 2897 in
776 2838 937 2915 praesenti
960 2837 1024 2900 sita
1045 2838 1206 2916 angimur.

515 2931 701 3010 Praeterea,
719 2934 806 3014 qnod
827 2935 949 2999 dictum
980 2945 1028 3000 est
1049 2936 1089 2999 de
1120 2935 1320 2999 beatitudine
1351 2931 1539 2998 substantiae

437 3051 617 3115 corporeae
630 3035 663 3096 ln
680 3038 918 3100 resurreetione
931 3039 992 3100 boc
1007 3037 1090 3100 idem
1107 3035 1352 3099 instaurandum
1366 3044 1416 3098 est
1429 3035 1468 3096 de
1480 3049 1541 3094 ccr-

429 3152 507 3215 pore
528 3131 671 3217 spiritali
681 3178 692 3212 ,
715 3144 753 3200 ut
772 3137 818 3199 ait
841 3135 1039 3218 Apostolus:
1069 3133 1245 3199 seminetur
1264 3151 1380 3214 eorpus
1399 3131 1539 3203 miodo.

435 3245 544 3318 surget
564 3255 677 3318 corpus
706 3236 879 3320 spiritulu
900 3238 939 3302 de
961 3252 1028 3318 quo
1050 3237 1092 3299 ita
1113 3236 1265 3316 loquitur
1284 3233 1442 3316 Origenes
1461 3236 1490 3296 in
1508 3233 1541 3294 li·

437 3339 502 3402 bru'
520 3337 578 3400 lll.
603 3332 967 3405 resarcinavit:
991 3361 1008 3399 r
1029 3336 1197 3414 Quantum
1217 3357 1296 3419 ergo
1315 3357 1428 3402 sensus
1444 3343 1542 3399 noster

437 3457 554 3520 cepere
575 3447 693 3520 potest,
708 3442 900 3521 qualitatem
920 3441 1074 3519 spiritalis
1087 3442 1236 3522 corporis
1258 3441 1355 3504 talem
1377 3437 1540 3520 quamdam

438 3557 507 3603 esse
519 3541 690 3614 sentimus,
703 3542 735 3604 in
750 3559 817 3622 qno
831 3542 978 3605 babitare
992 3541 1105 3605 deceat
1117 3558 1181 3605 non
1193 3540 1302 3605 solum
1316 3550 1443 3604 sanetas
1456 3553 1542 3617 quas·

439 3658 503 3721 que
526 3640 751 3721 perfectasque
772 3643 917 3722 animaa;
947 3643 1180 3707 verumetiam
1201 3660 1329 3705 omnem
1350 3643 1441 3705 illam
1461 3653 1543 3702 crea·

439 3753 570 3819 turam,
593 3760 677 3822 quae
705 3744 940 3810 liberabitura
966 3745 1126 3808 servitute
1152 3745 1382 3826 curruptionis.
1404 3763 1422 3802 a
1444 3739 1542 3818 Quam

439 3845 737 3925 interpretationem
759 3845 888 3912 deducit
909 3865 1042 3927 quoque
1057 3847 1260 3927 Augustinus
1280 3864 1323 3909 ex
1342 3841 1542 3925 sequentibm

439 3943 532 4009 Pauli
557 3945 663 4009 verbis
687 3949 839 4028 superius
864 3947 1008 4012 excussis
1038 3965 1114 4011 eure
1132 3956 1162 4010 ct
1190 3944 1323 4027 sanquis
1341 3962 1472 4026 regesta
1491 3933 1543 4002 Dtt'

389 4051 394 4056 “
433 4047 592 4129 possidere
605 4063 671 4111 san
687 4059 841 4128 ponem:
863 4066 938 4114 cum
951 4050 984 4111 in
1004 4065 1153 4114 sermone
1165 4046 1230 4114 362
1250 4048 1294 4112 De
1314 4041 1541 4113 omnesne

441 4168 471 4213 n.
494 4147 547 4216 ts
567 4151 746 4215 scriberet:
770 4171 786 4212 ι
810 4148 1051 4216 blanilestatum
1073 4158 1142 4224 est,
1165 4151 1253 4231 quod
1274 4151 1307 4212 in
1326 4150 1383 4213 illa
1404 4159 1541 4211 resurre-

439 4249 547 4314 ctione
562 4269 625 4314 nun
646 4250 777 4315 babebit
791 4267 870 4313 care
890 4249 1122 4316 illecebrarum
1141 4257 1297 4326 tractum,
1318 4258 1355 4314 ut
1368 4248 1466 4313 ducat
1484 4241 1542 4305 ani·

441 4366 525 4412 mam
547 4368 606 4432 per
625 4350 781 4432 quasdam
804 4350 1005 4414 titillationes
1034 4360 1133 4434 atque
1155 4351 1337 4427 blanditias,
1359 4369 1426 4429 qno
1445 4345 1539 4410 anina

440 4467 503 4514 non
527 4452 607 4518 vntt.
631 4471 648 4514 a
671 4453 713 4520 nt
743 4451 842 4534 paulo
863 4460 947 4534 pest:
961 4473 978 4514 r
993 4449 1042 4519 Ne
1062 4452 1103 4518 ad
1125 4451 1203 4516 talia
1224 4471 1282 4518 nus
1304 4455 1539 4517 resurrecturos
