3375 5567
151 817 221 879 quae
235 799 273 862 de
296 797 379 862 Lotb
393 799 530 881 ejusque
551 799 679 862 tiliabns
695 798 852 875 retertur,
876 817 981 878 neque
996 797 1081 869 aurci
1103 801 1139 868 τὸ
1154 795 1253 895 ῥητὸν

148 905 228 982 iusta
248 901 391 966 litteram
411 920 471 966 nec
491 903 680 982 anagogiam
702 901 884 981 investigat,
902 900 985 966 illud
1005 900 1150 966 Tliestes's
1169 901 1252 983 suci·

150 1003 262 1066 toribus
281 1001 457 1068 immanitas
477 1021 539 1066 assa
554 1004 747 1082 pronunciat
768 1010 829 1066 etc.
853 1019 870 1059 a

219 1103 341 1168 interea
364 1107 495 1186 inspice,
517 1105 606 1186 quod
627 1105 704 1166 alibi
725 1104 758 1166 in
778 1107 876 1167 citata
900 1102 1060 1180 llomilia,
1081 1105 1176 1187 juxta
1199 1104 1254 1168 ad·

151 1207 358 1270 senariorum
381 1207 549 1286 placitum,
570 1208 711 1288 [addam
734 1207 814 1270 idest
834 1203 1011 1285 salsitatem
1025 1207 1159 1270 dixisset
1180 1205 1255 1269 Ori·

150 1323 231 1381 genes
258 1307 410 1388 ingestis
441 1305 523 1370 Lotb
544 1309 834 1388 comprehensam,
858 1311 889 1372 in
920 1308 1075 1372 hocloco
1102 1309 1254 1372 nimirum

149 1417 245 1470 contra
266 1407 399 1473 Celsum
420 1411 512 1485 dicit,
536 1410 762 1493 hujuscemodi
784 1411 966 1486 historiam,
989 1411 1049 1474 etsi
1070 1410 1252 1492 prodigiosa

149 1510 324 1585 contineret,
339 1529 406 1572 nost
423 1510 523 1591 saitae
539 1512 712 1591 confinem.
735 1511 806 1577 Nec
821 1513 961 1593 amplius
975 1513 1117 1592 ignores,
1132 1512 1253 1575 nomini

145 1609 239 1701 μύθου
256 1613 397 1695 salaho,
419 1613 507 1695 qnod
529 1615 598 1680 illic
620 1616 802 1695 usurparit,
819 1615 874 1677 bic
894 1615 1097 1678 substituisse
1115 1613 1253 1676 vocabu·

147 1712 204 1774 lum
223 1707 323 1805 ῥητὸν
342 1712 476 1778 dietam:
502 1725 679 1797 utrumque
702 1725 807 1779 tamen
828 1717 1007 1779 secundum
1030 1715 1252 1797 primigeniam

148 1811 400 1890 significationem
421 1818 509 1898 apud
530 1835 663 1898 graecos
684 1816 769 1881 idem
789 1835 931 1895 sonare3
957 1819 1003 1881 nti
1025 1816 1254 1892 animadvertit

148 1914 300 1990 praelatus
320 1916 483 1982 Stocltius.

214 2014 261 2080 lle
281 2019 412 2102 reliquo
433 2024 465 2083 in
481 2022 541 2086 hac
562 2022 760 2087 discussione
780 2022 937 2087 adsersus
958 2021 1103 2096 Celsum,
1120 2039 1181 2103 pro
1200 2039 1252 2084 re-

150 2117 233 2181 ritate
254 2117 417 2186 Historiae
433 2123 590 2187 mosaicae
612 2119 756 2206 pugnans
777 2125 1001 2200 Adamantius,
1018 2123 1166 2187 emollire
1181 2125 1251 2204 qui·

148 2216 209 2280 dens
235 2223 343 2285 studet
376 2225 490 2287 incesti
516 2225 670 2304 cuipam,
702 2228 781 2306 quin
804 2235 909 2289 tamen
943 2225 1063 2288 iactum
1094 2225 1249 2303 deneget:

149 2338 162 2374 s
179 2317 391 2385 Nihilominus
411 2341 496 2404 quae
517 2328 617 2404 magis
639 2327 671 2387 in
695 2327 755 2388 bac
777 2328 962 2390 narratione
980 2327 1131 2388 videntur
1152 2323 1251 2386 olien-

148 2417 225 2496 dere,
247 2425 366 2502 paucis¹
379 2425 594 2488 emolliamus.
617 2424 678 2504 lpsi
700 2430 807 2506 graeci
823 2429 1034 2507 quaesierunt
1050 2443 1135 2506 qnae
1155 2425 1253 2488 bono·

149 2539 215 2585 rusu
234 2533 266 2587 et
286 2526 449 2588 malorum
471 2535 503 2589 et
518 2527 769 2591 indifferentium
792 2538 907 2591 natura
923 2531 987 2592 sit:
1011 2537 1044 2591 et
1057 2529 1113 2608 qni
1135 2544 1250 2589 eornm

148 2625 251 2687 melius
272 2644 341 2689 rem
361 2629 500 2691 assecuti
521 2629 596 2702 siut,
621 2631 702 2693 bona
724 2640 757 2693 ct
779 2630 863 2692 mala
894 2631 1077 2692 docuerunt
1097 2631 1156 2692 sita
1180 2647 1249 2692 esse

148 2725 174 2784 in
192 2725 260 2788 solo
283 2728 457 2792 voluntatis
479 2732 667 2811 proposito;
690 2733 720 2793 id
744 2743 855 2795 autent
877 2751 945 2794 esse
967 2732 1100 2812 proprio
1128 2730 1250 2792 iuditio·

148 2844 222 2904 rens,
237 2830 325 2908 qnod
347 2831 489 2894 electum
505 2851 568 2896 nou
590 2846 638 2896 est
658 2853 676 2895 a
695 2834 873 2905 voluntate,
891 2843 923 2895 et
936 2851 1003 2911 quo
1026 2841 1122 2914 prout
1140 2833 1251 2894 soluts·

149 2937 188 2990 tas
202 2931 316 3006 utitur,
341 2931 420 2995 bene
441 2943 500 2997 aut
521 2934 618 3009 mele,
642 2934 740 2998 lande
761 2943 794 2998 et
810 2934 972 3013 vituperio
987 2935 1078 3014 digua
1101 2941 1160 2996 est.
1178 2932 1250 2996 lam

152 3049 219 3093 sero
241 3032 297 3094 ubi
317 3044 417 3114 agunt
431 3044 494 3098 etc.
511 3055 528 3092 n
546 3033 632 3111 Quid
653 3053 732 3114 ergo
753 3037 909 3098 intererat
929 3032 1078 3113 Origenis
1100 3041 1163 3094 tatu
1184 3043 1252 3094 stu·

150 3131 226 3194 diose
240 3138 425 3214 quaerentis
447 3136 565 3217 culpae
578 3137 691 3200 levare
712 3135 902 3215 gravitatem
926 3137 956 3197 in
979 3133 1060 3198 Lotb
1076 3142 1108 3198 et
1123 3134 1251 3197 filiabus

154 3235 236 3309 suis,
258 3237 284 3297 si
308 3245 527 3300 commentum
548 3255 637 3300 mere
664 3236 847 3300 iabnlosnm
869 3235 1100 3299 considerasset
1124 3236 1186 3298 boc
1206 3235 1250 3298 la·

149 3333 254 3399 etum?
269 3335 365 3412 Quod
383 3347 493 3402 sutem
517 3339 572 3402 bic
592 3339 657 3418 egit
677 3357 737 3419 pro
751 3339 905 3401 historiae
926 3339 1089 3417 genuitate
1109 3341 1252 3400 statuen-

148 3429 192 3507 da,
206 3442 236 3498 et
254 3437 327 3499 binc
342 3456 402 3516 pro
417 3439 493 3501 iacti
516 3439 728 3512 emollitione,
750 3439 899 3501 similiter
921 3438 996 3501 iecit
1016 3440 1050 3500 iu
1071 3437 1166 3500 citata
1184 3433 1249 3499 llo·

148 3531 234 3594 uilia.
251 3533 456 3617 Proindeque
470 3557 533 3601 non
549 3550 610 3615 est,
627 3548 663 3603 ut
686 3541 828 3604 ulterius
842 3540 883 3601 de
905 3540 967 3604 boe
988 3547 1181 3618 argumento
1204 3539 1250 3600 iu·

148 3637 264 3698 stemus.
288 3638 338 3700 sd
361 3649 469 3702 cetera
493 3642 601 3718 potius
625 3648 825 3703 transeamus
847 3641 933 3703 bunc
952 3639 1081 3720 sabaim
1102 3657 1197 3704 usum
1219 3641 1251 3701 in

147 3728 226 3796 libris
238 3737 387 3817 Origenis
409 3741 646 3820 investigaturi,
662 3743 689 3803 si
705 3741 789 3804 torte
803 3741 865 3802 snb
887 3741 1011 3816 eadem,
1027 3759 1126 3821 quam
1149 3740 1249 3801 admi·

147 3833 231 3899 simus
251 3840 570 3920 interpretationem,
596 3843 714 3917 veniat,
739 3851 775 3905 ut
796 3849 945 3906 nostrum
968 3844 1067 3922 magis
1090 3843 1249 3906 clarescat

151 3943 348 4018 propositum.

214 4037 352 4104 llomiiia
370 4041 424 4106 tx.
441 4047 472 4106 iu
487 4046 637 4108 eumdem
658 4043 819 4109 Genescos
835 4043 970 4107 Librum
986 4062 1015 4105 n.
1030 4042 1061 4109 3.
1079 4046 1141 4107 boc
1162 4045 1245 4107 idem

149 4135 258 4210 inlatae
279 4145 476 4208 vocabulum
506 4145 627 4221 reiert,
653 4147 841 4226 vulgaribus
864 4155 969 4209 tamen
990 4145 1154 4227 applicans
1173 4163 1248 4230 nar·

151 4241 325 4319 rationibus,
343 4255 474 4323 praeter
494 4245 739 4328 seripturarum
757 4248 947 4327 bistorlam;
970 4265 1006 4309 ae
1023 4245 1094 4310 ideo
1107 4246 1183 4326 jure
1197 4263 1248 4308 sa·

149 4337 322 4424 pienterque
342 4347 495 4427 adjiciens
526 4349 720 4412 attributum
742 4347 917 4411 commanis
940 4367 999 4429 pro
1020 4346 1185 4428 originalis
1205 4349 1247 4408 si-

150 4440 345 4512 stitutionis
360 4449 487 4513 indicio.
504 4451 694 4530 Apostolica
707 4467 847 4530 natoque
862 4448 946 4513 dicta
969 4467 1131 4529 exponens
1146 4470 1153 4510 :
1169 4465 1247 4510 eea-

149 4548 216 4602 tates
233 4557 427 4611 oosoetcraos
447 4548 601 4616 bominem
621 4569 693 4614 cum
714 4549 834 4614 actibus
855 4549 940 4624 atris,
960 4559 988 4614 ct
1007 4549 1171 4613 induentes
1192 4567 1246 4611 ae·

261 4645 323 4708 l'ol.
349 4647 393 4711 ΙΙ.
1088 4647 1128 4715 ⁶25
