3375 5567
446 810 550 889 probi.
574 808 616 874 Et
635 811 678 873 ob
700 812 761 874 hoc
783 811 860 874 elicit
880 810 1038 891 Origenes
1058 826 1116 875 ens
1136 809 1342 891 indipns'tetis
1360 829 1476 894 corpus
1498 814 1548 878 iru-

446 925 577 974 menum
597 929 639 973 eu
655 911 788 974 eleum
808 912 932 975 melitis
957 911 1122 988 effectum,
1136 913 1279 975 eredere
1298 912 1330 974 iu
1351 917 1548 978 resurrectio·

445 1029 485 1074 uc
504 1027 561 1074 sus
580 1010 714 1076 nonoris
732 1023 761 1075 et
782 1011 988 1076 beatitudinis
998 1033 1010 1093 3
1032 1014 1380 1091 commentarienses,
1402 1032 1463 1078 uou
1480 1018 1547 1078 ello·

445 1111 504 1174 lite
520 1115 668 1192 corporis
683 1117 843 1194 esseutis3
865 1132 931 1178 uou
947 1116 1072 1180 serim
1085 1123 1230 1178 stetueue
1252 1119 1402 1196 corporis
1420 1121 1547 1197 speciem

445 1213 619 1294 injudicio
641 1215 787 1279 loturum
809 1215 851 1278 eb
870 1216 942 1293 ille,
963 1235 1049 1299 ques
1071 1218 1172 1281 tuerit
1192 1224 1304 1288 eules.
1324 1218 1380 1280 sud
1401 1219 1546 1293 eumdem,

446 1325 670 1380 verumtamen
686 1319 717 1379 lu
738 1319 907 1381 meliorem
933 1327 968 1382 et
987 1319 1213 1399 pulchriorem
1235 1318 1449 1382 conditionem
1469 1321 1549 1384 resti·

445 1415 549 1482 tuteu'r
578 1418 705 1496 (veluti
727 1419 759 1480 io
782 1419 947 1483 Pselmum
975 1421 1117 1500 primum
1138 1419 1270 1496 scribit)
1296 1421 1384 1499 quod
1409 1421 1487 1484 idem
1506 1430 1548 1482 est

444 1535 483 1582 ec
502 1519 682 1598 scripsisset
695 1519 727 1581 iu
748 1520 886 1600 glorium
906 1529 940 1583 et
954 1520 1195 1584 beetitudiuem.
1219 1519 1328 1598 Quem
1346 1522 1475 1602 quidem
1487 1523 1546 1599 plo·

445 1619 540 1692 rism,
561 1619 630 1682 sivo
650 1620 949 1701 pulchritudinem,
969 1622 1040 1685 sive
1061 1622 1316 1698 mutitudinem,
1337 1625 1408 1686 sire
1427 1623 1548 1703 iipoits·

444 1725 522 1793 tem,
543 1720 612 1782 eive
633 1719 804 1797 decorem,
834 1723 905 1785 sire
933 1722 1173 1803 spiritalitatem
1203 1731 1269 1784 tem
1290 1739 1429 1798 eorum,
1450 1723 1502 1802 qui
1519 1725 1548 1784 iu

444 1819 545 1883 coelis
567 1817 623 1886 Dei
647 1823 768 1885 visione
789 1822 963 1898 leuentur,
985 1823 1138 1886 indutore
1160 1825 1207 1888 ult
1226 1841 1383 1904 corpore,
1404 1831 1466 1886 tem
1485 1823 1548 1886 lllu·

445 1935 533 1996 rum,
549 1922 605 2002 qui
625 1923 793 2003 suppliciis
806 1925 946 1986 eeteruie
966 1924 1144 1986 iestiueodi
1156 1935 1269 1988 eruut.
1292 1923 1335 1990 tte
1348 1924 1478 2004 quite·
1493 1941 1548 1986 ue·

445 2022 508 2104 rito
530 2023 562 2084 lri
584 2023 746 2086 novissimi
770 2023 845 2086 telis
868 2042 1009 2104 corpure
1034 2023 1221 2104 prsetereut
1241 2027 1275 2088 lu
1298 2026 1547 2101 resurrections,

445 2141 486 2186 uo
497 2123 664 2209 suppliciis
677 2123 763 2203 sputi
779 2124 901 2188 inlesos
915 2127 1081 2205 corrumpi
1096 2125 1148 2188 rel
1158 2125 1292 2188 dissolri
1308 2127 1450 2202 pulsent,
1465 2125 1548 2188 utsii

444 2223 476 2286 iu
499 2223 596 2286 Libro
617 2222 659 2286 ll.
684 2223 727 2286 lie
743 2223 922 2304 Principiis
943 2245 972 2289 c.
995 2223 1035 2288 X.
1058 2223 1089 2289 3.
1104 2226 1153 2290 le
1172 2227 1246 2289 ideo
1265 2227 1307 2289 ed
1322 2227 1419 2290 illum
1437 2235 1546 2290 stetuu

443 2343 559 2389 eorum
580 2343 719 2407 corpore
741 2327 952 2390 iostsursode
973 2335 1083 2402 eruut,
1099 2344 1202 2409 quoe
1225 2325 1292 2392 Deo
1315 2329 1440 2408 primm
1461 2329 1546 2390 bomo

443 2433 575 2488 orestus
589 2433 636 2490 est
652 2427 683 2488 io
698 2429 837 2507 imepiue
847 2443 921 2501 suu,
933 2428 1127 2492 immortalis
1137 2427 1452 2506 etiocerruptibilis.
1464 2425 1546 2505 Ques

444 2541 522 2588 seue
542 2527 716 2607 quelitetes
729 2529 856 2604 umbus,
870 2528 1064 2608 persuuiteti
1080 2529 1186 2590 cercis
1200 2529 1363 2592 hususuee
1377 2529 1548 2609 peculiosus

444 2629 477 2690 iu
491 2630 555 2692 vite
572 2627 699 2702 tutore,
714 2628 896 2692 necessario
915 2629 956 2691 ed
977 2639 1150 2693 seceleres
1174 2631 1309 2692 trslruut
1329 2629 1547 2709 preciulesdo

445 2735 503 2791 tee.
525 2726 618 2807 Opus
639 2731 723 2792 euim
744 2726 803 2792 liei
821 2737 870 2792 est
890 2729 1004 2804 homo,
1024 2730 1064 2792 ed
1085 2731 1257 2810 imupioeur
1270 2740 1305 2793 et
1317 2731 1546 2794 similitudieem

442 2844 535 2893 suem
556 2825 695 2904 effictus,
717 2829 902 2908 etquidem
922 2830 1096 2896 ebsolutus
1115 2839 1149 2894 et
1168 2831 1354 2912 perlectus:
1375 2831 1457 2895 vidit
1475 2827 1548 2892 un

443 2937 573 3004 min,
592 2947 674 3008 pnes
693 2929 824 3009 temet,
845 2941 876 2993 et
893 2940 987 2994 erunt
1004 2932 1098 2995 cuide
1117 2931 1208 2995 ione

523 3029 699 3108 Postquam
731 3046 810 3092 vero
831 3031 934 3094 multu
963 3051 1006 3095 ex
1028 3031 1174 3117 Npeeeuo
1201 3042 1235 3095 et
1254 3032 1397 3113 Oripeue
1418 3031 1548 3096 diximus

443 3131 484 3194 de
504 3130 566 3194 lroe
585 3125 789 3192 nmttsttm’e
810 3131 984 3205 cousinio,
1006 3134 1093 3196 uude
1115 3134 1257 3196 mexime
1277 3133 1407 3196 couiuei
1419 3140 1493 3195 suut
1508 3131 1548 3190 ie·

443 3239 615 3311 terpretss,
629 3247 705 3293 cum
719 3230 791 3311 ejus
812 3243 939 3295 certum
961 3252 1026 3297 nou
1039 3235 1178 3298 essecuti
1201 3233 1323 3297 luerlut
1334 3250 1479 3308 semum,
1492 3247 1547 3293 uou

445 3331 501 3394 ulis
513 3349 550 3394 re
563 3333 627 3394 erit
638 3332 842 3396 ethnicorum
862 3343 1037 3399 suetorum
1052 3337 1228 3417 prescipue
1240 3353 1438 3416 pressorum
1457 3337 1544 3398 iuter·

442 3435 656 3514 pretationem
676 3433 862 3510 consulere,
876 3444 991 3498 utrum
1003 3455 1063 3500 uec
1074 3453 1114 3500 us
1127 3437 1159 3498 io
1170 3437 1235 3500 lroe
1254 3437 1434 3518 quidquem
1447 3436 1547 3499 euelo·

442 3539 512 3616 pise
531 3555 605 3604 eum
624 3537 778 3619 preeletis
789 3535 939 3599 Petrinus
957 3538 1145 3616 praeberet.
1156 3535 1315 3612 Qemris
1328 3539 1414 3602 euim
1428 3537 1545 3600 sidees-

442 3648 498 3702 tur
519 3651 658 3718 uterque
680 3639 844 3722 Nyesseue
862 3645 896 3700 et
914 3638 1127 3701 Ademeutiue
1147 3638 1388 3717 quodemructlc
1403 3640 1436 3700 iu
1455 3637 1546 3716 leuius

403 3758 408 3766 ·
444 3741 594 3803 vocabuli
614 3739 799 3803 delinitione
812 3738 986 3802 decessisse
1000 3757 1019 3799 s
1034 3740 1198 3801 communi
1219 3755 1415 3817 pruscorum
1436 3747 1469 3802 et
1482 3735 1547 3798 lsti-

440 3859 558 3904 uorum
578 3857 697 3918 seoso3
722 3847 865 3902 etlumen
884 3839 1063 3903 meantum
1090 3839 1298 3919 etimologian
1323 3840 1470 3919 reputem
1489 3853 1547 3900 ooo

440 3943 536 4020 louge
551 3941 592 4002 ele
615 3941 733 4004 eisdem
757 3942 853 4004 ivisse
873 3942 1087 4020 comperitur,
1108 3948 1144 4004 et
1164 3940 1369 4018 potissimum
1382 3959 1401 4002 e
1415 3942 1546 4019 scripto·

442 4039 886 4120 rieusgreeeis.Eossa1hius
911 4041 1048 4140 μάκαρα
1073 4041 1204 4104 beetuer
1230 4041 1310 4104 dicit
1338 4031 1428 4138 παρὰ
1448 4030 1485 4107 si
1503 4033 1550 4128 pei

441 4136 630 4210 invenstae
651 4134 730 4237 κηρὶ
752 4160 827 4204 eum
854 4142 953 4221 elphu
981 4143 1163 4220 privativo,
1188 4141 1274 4205 illest
1298 4140 1356 4221 peti
1377 4157 1442 4202 non
1460 4132 1547 4216 suipi-

439 4241 527 4306 eitur
546 4242 636 4322 tute,
657 4259 771 4320 nempe
791 4239 996 4302 immortulis.
1018 4237 1181 4303 ilseiciue
1200 4249 1235 4304 et
1257 4239 1457 4304 Cellimeeus
1475 4236 1547 4298 deos

442 4333 588 4442 μάκαρες
609 4342 718 4404 beatos
735 4349 848 4419 utpote
868 4339 1069 4403 immertslee
1084 4350 1224 4420 soceut3
1244 4347 1278 4404 et
1297 4337 1474 4419 sliqusudo
1485 4334 1546 4398 siue

442 4436 754 4506 seditioue'deorune
768 4439 842 4502 illos
858 4447 1090 4518 suscoperunt
1105 4435 1250 4540 μώωρις
1259 4440 1365 4504 uetes
1377 4439 1459 4502 idest
1471 4451 1546 4499 uuu-

440 4561 538 4624 quen
561 4543 761 4606 interituros.
784 4539 899 4607 Soiise
919 4535 1108 4639 μακαρίτας
1126 4543 1250 4617 moe,
1275 4541 1391 4621 iuquit,
1413 4556 1472 4620 per
1494 4551 1546 4600 eu·
