3375 5567
512 872 514 879 Ι
623 770 763 840 canor
786 772 811 837 ι.

135 924 334 1040 'narrem
354 975 544 1054 sacrm
567 974 726 1041 normae
741 974 878 1041 nme·
896 982 971 1040 ano
986 969 1135 1055 oweno
1147 989 1278 1049 m,

77 1067 80 1137 Γ
195 1088 332 1143 ortorum
352 1077 543 1161 Synapopur
563 1077 810 1159 erupirtronror,
831 1085 861 1140 et
881 1070 1011 1139 &boloe
1033 1072 1222 1141 Pietouiooe
1240 1074 1280 1137 rie

192 1180 380 1244 murnitute
396 1198 576 1261 poraurarn
595 1180 632 1245 ia
649 1180 762 1260 futuro
775 1178 880 1243 erratio
899 1175 1062 1243 doctriua
1076 1172 1217 1241 sotem

158 1424 391 1548 «Naturalia
413 1484 572 1563 nequitae,
595 1484 702 1565 iuquit
719 1502 747 1546 a.
771 1478 913 1545 Theman
934 1480 966 1543 in
991 1478 1090 1543 Libro
1115 1477 1175 1543 tit.
1200 1498 1277 1543 eou-

158 1594 201 1646 tra
223 1582 375 1650 Gentiles
396 1604 425 1651 e.
448 1584 519 1653 tit.
540 1586 702 1651 naturalis
722 1586 869 1666 nequitae
895 1583 959 1647 buo
977 1581 1100 1645 bebere
1122 1582 1275 1656 ridetur,

155 1686 242 1763 puori
263 1688 495 1768 unusquisqne
518 1690 668 1767 privetur
689 1688 787 1761 bono,
807 1692 924 1747 eontra
944 1682 1033 1763 quoti
1054 1682 1131 1761 ugit.
1145 1679 1196 1747 Ex
1213 1683 1277 1747 bue

158 1786 244 1847 enirn
265 1786 377 1849 reddit
394 1804 430 1849 ae
453 1786 510 1849 teli
530 1786 615 1849 buno
636 1786 813 1867 iudignum.
831 1782 873 1847 Et
887 1782 962 1846 iude
982 1790 1043 1857 eet,
1058 1781 1146 1861 quod
1159 1800 1277 1847 renuu-

155 1884 232 1949 iuan
254 1886 387 1951 eiviietu
406 1888 581 1969 justitiam,
603 1889 660 1969 qui
680 1895 795 1951 contra
817 1884 1054 1967 rempublicam
1077 1891 1210 1963 peceat,
1225 1902 1277 1947 eo·

77 1998 78 2009 ³
156 1986 274 2050 rietete
295 1989 344 2051 rei
366 1990 519 2068 publicae
539 1990 691 2070 privetur
714 1988 845 2052 omuino
868 1986 921 2053 rei
947 2004 1010 2067 per
1037 1997 1200 2060 mortem,
1223 1985 1276 2049 vei

155 2104 213 2165 per
233 2088 375 2153 exitium
396 2099 606 2171 perpetuum.
629 2088 698 2155 Noe
717 2089 913 2164 attenditur,
928 2095 1049 2169 quentn
1064 2086 1165 2151 inerit
1182 2103 1274 2149 ruore

157 2190 313 2269 temporie
334 2192 367 2252 in
388 2193 576 2272 merendo,
599 2193 654 2257 reri
675 2192 755 2273 quid
782 2191 824 2255 eit
851 2197 965 2253 contra
992 2189 1083 2271 qnod
1114 2190 1273 2270 peccarit.
1365 2210 1370 2217 ·

156 2286 275 2355 bariona
292 2302 403 2358 auteur
424 2303 474 2358 eet
494 2297 695 2377 comparatio
717 2294 817 2359 totiue
833 2293 919 2356 ritae
938 2292 1116 2372 praetentio
1129 2292 1169 2354 eti
1187 2309 1273 2354 rern-

155 2393 319 2471 pubiieam
336 2404 512 2471 terrenam,
534 2404 567 2460 et
588 2397 688 2461 totius
709 2396 922 2470 aeternitatis,
937 2394 976 2457 ai
993 2395 1180 2457 ebrietatem
1199 2392 1276 2455 bea·

157 2500 278 2569 torum,
294 2498 366 2576 qni,
383 2504 420 2561 ut
440 2516 540 2579 eupra
561 2508 725 2563 ostensum
747 2505 819 2574 est,
842 2496 959 2561 uitirno
980 2494 1044 2558 bue
1063 2494 1274 2559 aeternaliter
1377 2574 1383 2584 ²

155 2596 339 2671 potiuntur.
363 2596 428 2675 Qui
445 2616 523 2680 ergo
539 2606 650 2665 oontrn
666 2600 820 2664 ultimum
841 2597 938 2660 tinern
958 2602 1085 2678 pereat,
1106 2602 1140 2659 et
1158 2602 1273 2659 eontra

77 2698 78 2779 J
156 2695 371 2774 charitatem,
393 2716 454 2780 per
473 2718 573 2781 quarn
598 2709 647 2764 eet
671 2702 808 2765 aonietne
823 2700 995 2763 beatorum
1015 2703 1049 2761 et
1069 2695 1272 2760 tendentium

155 2794 192 2855 ari
214 2796 461 2875 beatitudinem,
484 2802 517 2863 in
537 2809 708 2865 aeternnm
729 2800 825 2864 debet
845 2798 954 2881 puniri
964 2818 976 2877 3
993 2797 1145 2879 quemvie
1158 2796 1270 2877 aliqua

154 2896 242 2960 breui
264 2902 422 2980 temporie
444 2919 535 2966 more
558 2904 786 2983 peccaverit.»
803 2897 847 2963 Et
864 2900 911 2963 aio
926 2906 1119 2980 proaeeutua
1135 2896 1269 2961 nunciu-

154 2997 210 3060 tiit:
233 3018 250 3058 r
272 2997 366 3063 Noiii
387 3010 498 3066 nutem
519 3004 654 3067 dubium
677 3008 748 3078 eet,
771 3002 849 3083 quia
869 3018 930 3082 pro
950 3008 1085 3063 aeterno
1108 3006 1268 3080 peceato,

77 3092 78 3105 ³
152 3107 280 3163 aeterua
303 3120 406 3183 poena
427 3104 596 3169 debeatur.
620 3103 766 3168 Debetur
793 3104 894 3186 igitur
914 3102 966 3176 ei,
989 3103 1047 3181 qui
1077 3100 1120 3163 ab
1150 3098 1269 3162 ultimo

152 3196 212 3262 tine
230 3202 418 3278 avertitur,
441 3224 542 3283 poena
564 3218 710 3270 aeterne.
733 3203 775 3268 Et
796 3206 827 3266 in
849 3223 879 3266 e.
895 3199 976 3273 tt5=
995 3222 1014 3261 e
1033 3202 1126 3265 Siout
1149 3206 1265 3273 reete,

77 3290 78 3313 ¹
152 3301 284 3378 scribit,
306 3306 477 3383 agentibus
509 3308 669 3372 debentur
700 3307 808 3369 bone:
842 3306 887 3367 ita
916 3322 1072 3385 perverse
1096 3300 1264 3382 agentibus

77 3430 78 3433 ¹
152 3400 311 3465 demur
332 3405 427 3467 maia.
449 3404 512 3470 Sed
534 3408 582 3469 ilii
604 3406 661 3488 qui
683 3416 772 3468 rente
793 3413 916 3485 egunt,
938 3406 971 3465 in
992 3402 1055 3465 tine
1075 3402 1117 3463 ab
1144 3403 1192 3464 eie
1217 3400 1265 3462 in·
1299 3474 1305 3485 Ι

155 3510 238 3566 teuto
258 3506 439 3586 percipient
459 3508 691 3586 perfectionem
712 3513 746 3571 ut
766 3506 922 3587 pannium
933 3525 946 3585 3
965 3525 985 3568 e
1004 3503 1171 3567 eontrario
1184 3519 1264 3581 ergo

153 3602 287 3668 debetur
309 3607 390 3670 baeu
410 3626 510 3687 poena
534 3610 767 3688 peccantibus,
788 3616 826 3671 ut
846 3626 889 3671 ex
902 3608 980 3682 bia,
997 3608 1035 3667 in
1059 3604 1179 3685 quibua
1203 3603 1262 3665 eibi

153 3702 243 3767 bnenr
257 3708 472 3783 constituunt,
488 3708 691 3774 afflictionem
706 3708 867 3790 aeoipiant
881 3719 914 3772 et
925 3714 1171 3773 nocumentum,
1180 3702 1263 3767 iiino

153 3807 304 3886 estquod
328 3807 435 3871 divina
455 3808 625 3891 Scriptura
649 3812 876 3889 peccatoribus
896 3810 1115 3872 comminetur
1132 3824 1196 3869 non
1210 3824 1263 3868 eo·

153 3902 218 3967 inur
238 3906 463 3972 exeiuaionem
483 3928 501 3971 a
525 3910 655 3991 gioria,
676 3910 731 3974 seri
761 3912 859 3973 etiarn
887 3906 1094 3972 afflictionem
1121 3924 1164 3969 ex
1188 3906 1263 3968 aiiie

155 4002 299 4068 rebus.»

224 4102 266 4168 Et
277 4107 342 4169 boo
356 4124 400 4171 ex
412 4110 629 4191 philosophia,
643 4111 728 4174 tinne
739 4109 875 4174 rationis
890 4110 1016 4172 iumine
1027 4108 1122 4169 donet
1135 4124 1160 4168 e.
1173 4102 1260 4166 Tbo·

156 4220 239 4282 inae,
259 4210 303 4271 ite
326 4216 366 4272 ut
387 4228 480 4273 uerno
501 4230 564 4275 nun
588 4213 717 4288 vident,
739 4212 866 4293 posito,
888 4218 927 4273 nt
950 4219 998 4273 est
1019 4211 1059 4272 de
1081 4208 1164 4282 tide,
1187 4213 1261 4286 poat

77 4376 78 4381 ἵ
154 4302 231 4369 bano
262 4309 390 4384 ritem,
420 4308 526 4375 altero
555 4321 667 4389 stetu,
699 4322 767 4377 tum
800 4313 979 4394 proborum
1005 4318 1074 4373 turn
1103 4308 1260 4388 reprobo·

77 4408 78 4471 i
154 4420 221 4467 ruur
243 4408 366 4471 ruriam
388 4408 461 4473 iore
492 4413 721 4490 conditionem,
738 4415 808 4493 puri
840 4422 945 4475 temen
978 4421 1126 4489 tempore
1149 4426 1258 4489 peree-

155 4518 321 4573 verantern.
335 4508 460 4575 Eadem
480 4515 563 4590 enirn
576 4514 722 4597 juatitino
738 4516 862 4579 ratione
876 4530 979 4594 poene
993 4510 1133 4594 peucetio
1154 4507 1260 4573 redii·

269 4608 335 4675 tot.
359 4610 387 4676 1.
1108 4611 1127 4677 i
