3375 5567
155 809 209 872 tina
230 809 397 873 voluntate
417 818 480 874 etc.
503 806 624 873 »tom
646 811 716 890 pari
738 826 910 885 sermone,
933 811 1114 890 eodemque
1134 829 1248 884 sensu,

154 915 261 976 suinae
277 913 438 976 bumanne
458 913 672 976 conditionem
689 921 761 993 post
780 913 908 992 lapsum
932 916 1186 993 repraesentavit
1206 913 1251 977 0·

155 1029 273 1092 npcues.

212 1112 257 1176 ita
271 1112 309 1176 ia
322 1112 445 1178 Titulos
463 1113 668 1178 Psalmorum
683 1132 710 1178 c.
728 1111 783 1176 Vi.
800 1116 846 1178 ait
861 1112 1158 1195 llivussai'empus
1175 1115 1248 1191 init,

153 1234 205 1295 quo
220 1235 305 1280 uuus
318 1225 390 1281 erat
404 1218 525 1281 cborus
541 1227 713 1281 creaturae
727 1218 906 1293 rationalis,
921 1219 952 1279 in
970 1234 1070 1281 uuum
1085 1219 1176 1280 cbori
1199 1237 1253 1281 co·

154 1319 316 1401 rppbneum
338 1321 491 1395 intentus,
506 1339 643 1400 seseque
663 1319 829 1402 explicans
843 1328 877 1382 et
899 1320 1070 1382 resolvens
1086 1320 1126 1381 ad
1149 1318 1252 1394 illam,

154 1436 224 1496 quae
244 1419 318 1483 iude
339 1420 647 1484 subministrabatur
670 1422 826 1484 victoriae
859 1439 917 1500 per
938 1427 1146 1500 pracceptum
1169 1420 1253 1482 rein·

153 1528 202 1595 tae,
217 1521 418 1586 bar-moniam
433 1531 467 1585 et
481 1522 731 1587 consonantiam.
746 1523 924 1603 Postquam
946 1530 1055 1585 autem
1071 1531 1163 1586 ortus
1179 1540 1251 1602 pec·

153 1622 204 1683 cati
232 1621 377 1685 diriuum
398 1622 493 1686 ilium
515 1624 610 1687 ebori
630 1631 822 1687 concentum
852 1621 997 1684 dissolvit
1009 1643 1021 1702 3
1051 1622 1250 1702 pedibusque

154 1723 320 1799 primorum
340 1734 525 1803 parentum,
547 1725 605 1804 qui
619 1725 704 1786 iuter
719 1723 878 1804 angelicas
894 1731 1066 1804 potestates
1080 1723 1250 1802 degebant,

151 1822 263 1887 lubrica
284 1825 481 1906 deceptionis
513 1827 638 1888 ratione
658 1825 845 1900 substrata,
879 1825 1005 1888 ruinam
1027 1825 1145 1901 eliocit,
1171 1825 1255 1890 uude

153 1924 239 1989 bomo
258 1928 299 1990 ab
319 1927 375 1990 ilia
392 1945 467 1990 cum
490 1927 611 2006 angelis
631 1928 786 1990 societate
800 1931 935 1993 aratam
957 1937 1017 2002 est,
1031 1927 1126 2007 lapsu
1141 1945 1258 1990 coune-

154 2025 268 2090 xioucm
290 2028 498 2101 dissolvente,
515 2027 626 2090 multis
647 2021 823 2092 sudoribus
845 2039 878 2093 et
898 2029 1065 2092 laboribus
1087 2029 1178 2109 lapso
1201 2029 1258 2090 bo·

154 2127 219 2190 uini
239 2147 321 2209 opus
342 2137 403 2204 cst,
422 2137 459 2192 nt
479 2148 568 2206 eum,
591 2130 647 2210 qul
662 2129 721 2192 sibi
741 2130 808 2210 jam
830 2138 993 2211 prostrato
1016 2130 1183 2204 incumbit,
1204 2129 1259 2194 de·

154 2225 243 2291 bellet
262 2236 294 2291 ct
316 2238 453 2305 avertat,
475 2236 538 2293 etc.
561 2249 577 2286 n
612 2228 725 2310 itaque
748 2231 775 2294 si
797 2248 891 2294 nemo
913 2231 955 2292 ob
976 2232 1034 2294 bos
1066 2231 1259 2311 allegoricos

153 2346 265 2407 maus,
286 2330 407 2410 quibus
430 2338 567 2395 naturae
589 2332 751 2396 bumauae
768 2351 812 2396 ex
834 2333 949 2396 Adami
972 2333 1067 2413 culpa
1092 2339 1257 2411 prorutae,

156 2431 359 2494 conditionem
379 2434 542 2513 expressit
561 2430 739 2517 Nysaeuus,
754 2435 840 2499 buno
860 2415 978 2497 audeat
995 2435 1183 2514 reprobare3
1206 2452 1261 2497 ne·

155 2549 221 2609 que,
241 2539 336 2612 puto,
351 2533 485 2614 Oripeui
508 2533 732 2615 exprobrabit,
748 2538 805 2615 qui
826 2535 888 2599 sub
908 2535 1020 2598 eadem
1043 2535 1199 2618 allegoria
1219 2535 1262 2598 si·

156 2632 232 2696 uilia
254 2633 377 2696 docuit.

221 2730 394 2797 Cassianus
407 2734 555 2798 similiter
567 2736 599 2798 iu
610 2733 711 2800 Libro
722 2733 796 2799 Xll.
812 2734 855 2799 be
868 2735 988 2817 spiritu
998 2735 1157 2818 superbiae
1168 2757 1197 2801 c.
1208 2734 1259 2804 ab.

154 2850 189 2896 ex
202 2831 454 2898 Proverbiorum
474 2837 649 2898 sententia:
665 2834 848 2900 immundos
863 2847 909 2899 cat
925 2839 1025 2902 omnis
1046 2839 1134 2917 opud
1147 2837 1260 2914 ὓιιιιιι,

155 2934 203 3013 psi
218 2937 342 3000 euultut
361 2953 417 2997 cor
436 2955 541 3014 sunm,
564 2939 627 3000 ait:
642 2936 798 3014 «Quibus
813 2939 981 3003 manifeste
1003 2940 1173 3022 probator,
1192 2957 1261 3002 om-

156 3051 219 3099 nem
238 3037 402 3110 animam,
424 3056 510 3117 quae
530 3038 701 3118 superbiae
725 3039 824 3102 luerit
837 3051 968 3103 tumore
990 3057 1146 3120 possessa,
1170 3041 1263 3104 intel·

155 3133 339 3203 lectualibus
359 3138 461 3221 Syris,
484 3139 567 3203 idest
587 3139 738 3220 nequitiis
758 3142 983 3221 spiritualibus
1001 3140 1082 3204 tradi
1093 3141 1105 3219 j
1125 3158 1262 3222 eamque

157 3238 345 3313 passionibus
371 3240 477 3302 carnis
496 3238 640 3314 insulsi,
656 3247 695 3303 ut
713 3241 829 3304 saltem
858 3243 942 3306 vitiis
969 3243 1138 3307 humiliata
1164 3251 1264 3306 terre·

158 3340 209 3414 uis,
223 3341 421 3404 immundam
436 3359 472 3404 se
496 3341 684 3417 carnaliter,
707 3343 934 3425 pollutamque
952 3355 1143 3426 cognoscat:
1165 3362 1262 3425 quae,

158 3445 259 3516 tepore
285 3443 400 3504 mentis
419 3449 551 3518 erecta,
577 3442 773 3504 immundam
795 3443 826 3504 in
850 3453 1021 3526 conspectu
1039 3442 1096 3510 liei
1120 3464 1177 3526 per
1199 3445 1265 3507 ela·

159 3538 265 3603 tioueu
286 3541 397 3604 cordis
420 3541 569 3604 effectam
589 3560 624 3603 ae
637 3560 672 3604 se
687 3541 868 3621 intelligere
882 3553 955 3607 aute
977 3563 1038 3607 non
1056 3546 1170 3625 potuit.
1189 3542 1263 3620 Quo

161 3637 208 3700 rel
224 3641 267 3704 sic
288 3640 479 3705 bomiliatus
501 3641 558 3720 qui
587 3657 605 3702 s
631 3641 765 3720 pristino
791 3649 903 3722 tepore
930 3642 1092 3718 discedat,
1116 3653 1148 3708 et
1177 3647 1263 3725 igno·

161 3740 245 3804 minin
267 3741 449 3805 carnalium
471 3743 654 3822 passionum
677 3741 821 3821 dejectus
843 3751 941 3822 atque
958 3744 1124 3821 contusus,
1148 3745 1186 3807 ed
1202 3745 1263 3825 spi·

161 3840 276 3908 sitalem
308 3845 472 3907 ierrorem
501 3842 649 3922 deinceps
681 3842 888 3921 semetipsum
917 3842 1084 3909 ardentius
1115 3845 1264 3909 conicere

164 3939 329 4009 destinet.»

230 4043 276 4108 ilc
291 4046 419 4109 iuterim
439 4047 533 4120 scito,
557 4044 718 4110 blardum
733 4046 898 4111 Gesacum
920 4048 1135 4122 coenobitam,
1149 4045 1265 4110 Libros

163 4137 290 4209 Cmnnt
319 4147 590 4226 interpretatum,
611 4165 637 4208 s.
662 4144 824 4213 Benedicti
850 4148 981 4212 abbatis
1002 4149 1120 4212 scalam
1143 4147 1266 4211 duode-

162 4242 214 4308 cin
229 4247 390 4326 maduum
404 4247 627 4312 ascendentem
641 4247 836 4330 designasse3
852 4268 915 4331 qun
933 4248 1123 4330 pedetentim
1140 4247 1179 4310 ad
1196 4249 1266 4314 cul-

167 4359 230 4408 neu
247 4348 427 4424 cbaritstis,
451 4347 506 4410 nbi
534 4347 697 4427 religionis
711 4352 856 4414 consistit
876 4350 1045 4431 perfectio,
1062 4351 1264 4430 pervenitur5

165 4450 192 4507 et
209 4466 246 4511 ex
276 4449 414 4514 adverso
434 4468 460 4513 s.
484 4447 694 4520 gnomonum
716 4449 852 4516 alteram
875 4453 1050 4516 delineasse
1079 4448 1269 4515 descenden-

170 4543 381 4629 tanacetum,
395 4549 605 4614 idest-eorum
620 4564 637 4609 a
654 4546 760 4612 divina
776 4550 935 4615 charitate
951 4551 1147 4632 torpentium
1163 4569 1267 4631 usque
