3375 5567
466 676 518 727 xx

465 795 522 855 tes
547 781 717 867 credere,
742 794 864 857 tamen
898 807 969 860 uon
1007 786 1125 859 solum
1159 788 1258 884 ipsos
1293 786 1328 859 in
1358 784 1474 883 parvis
1497 794 1529 857 et

465 909 623 982 minimis
650 933 671 982 a
701 911 857 986 veritate
874 913 1093 998 discordare,
1120 934 1245 988 rerum
1269 914 1380 987 etiam
1404 913 1438 985 in
1464 932 1530 983 ma·

464 1038 544 1133 gnis
575 1050 615 1113 et
638 1039 832 1126 maximis3
859 1054 898 1116 et
929 1040 1077 1139 insuper
1105 1063 1188 1114 cum
1216 1041 1252 1113 iu
1276 1037 1531 1139 quaestionibus

465 1164 674 1241 evolvendis
688 1167 902 1263 praesertim
919 1168 953 1241 iu
968 1166 1172 1254 Marcionis,
1192 1170 1326 1267 quique
1344 1189 1427 1243 eum
1440 1188 1532 1263 prue-

467 1313 634 1377 cessere,
659 1291 829 1369 Basilidis
861 1308 900 1369 et
935 1291 1114 1369 Valentini
1143 1294 1285 1371 scholas
1317 1294 1533 1369 dimicantem

468 1419 664 1505 cernimus,
697 1422 759 1520 qui
790 1424 956 1520 quamvis
984 1422 1120 1497 Christi
1148 1444 1280 1498 nomeu
1310 1419 1534 1519 praeferrent,

469 1545 701 1621 nihilomiuus
733 1545 779 1621 ah
811 1548 973 1640 eiusdem
1007 1550 1170 1625 doctrina
1205 1549 1307 1625 valde
1344 1547 1449 1621 valde
1478 1546 1535 1619 de·

471 1674 693 1761 sciscentes,
719 1698 851 1778 magua
885 1676 920 1749 in
940 1674 1100 1751 Ecclesia
1119 1676 1184 1751 liei
1205 1676 1436 1776 provocarint
1452 1696 1537 1747 scau

470 1799 576 1887 daln3
608 1801 759 1901 ideoque
788 1805 1051 1896 coniicieudum
1074 1809 1157 1896 jure
1184 1817 1255 1889 est,
1275 1803 1469 1878 Auctorem
1498 1822 1536 1873 ex

469 1930 539 2003 hoc
566 1931 687 2004 studio
710 1932 754 2005 ad
784 1934 996 2007 eorumdem
1025 1954 1167 2007 errores
1194 1929 1438 2028 profligandos
1464 1948 1538 2000 con·

470 2054 634 2131 firmasse
662 2058 833 2154 seipsum.
861 2058 1020 2141 Praelati
1047 2059 1142 2131 enim
1171 2056 1446 2131 haeresiarchae
1473 2052 1538 2125 lenc

468 2182 505 2254 iu
537 2182 706 2259 omnihus
732 2198 796 2259 ant
824 2182 1021 2270 erroribus,
1050 2184 1126 2259 sive
1154 2182 1334 2267 absurdis,
1364 2204 1431 2256 seu
1453 2178 1540 2252 inhu-

469 2309 557 2384 losis
593 2313 824 2397 commentis,
854 2312 911 2386 vel
941 2313 976 2384 iu
1005 2312 1080 2387 suis
1113 2310 1316 2386 criminosis
1353 2309 1537 2403 lucidisque

470 2438 611 2512 actibus
643 2441 881 2515 conveniunt:
908 2442 1040 2538 quippe
1070 2440 1130 2537 qui
1163 2440 1224 2514 uni
1244 2438 1292 2512 ab
1318 2437 1445 2513 alteris
1465 2434 1538 2509 talia

469 2566 742 2642 haereditarunt
769 2582 807 2641 et
834 2568 1004 2643 inverunt
1027 2568 1210 2665 dogmata.
1236 2564 1461 2655 Quibuscum
1483 2560 1541 2635 lal-

471 2718 511 2767 se
540 2694 659 2779 veris,
687 2716 899 2791 graecorum
927 2695 1053 2770 deliria
1089 2694 1224 2769 Christi
1264 2689 1540 2767 institutionibm

470 2821 763 2908 commiscentes,
789 2844 943 2897 omnem
971 2820 1184 2897 subvertere
1203 2819 1418 2895 laborarunt
1441 2814 1541 2891 Eran-

471 2949 554 3046 gelii
584 2948 789 3022 veritatem.
826 2944 927 3037 Quos
954 2949 1099 3046 quidem
1131 2947 1306 3043 Origenes
1337 2942 1541 3021 nominatim

472 3076 561 3149 citat
583 3076 796 3172 quandoque
830 3074 867 3147 in
904 3075 1011 3169 huius
1038 3074 1168 3173 Operis
1196 3096 1363 3151 excursu.

579 3202 722 3299 Reapse
751 3200 941 3275 Marcionis
976 3200 1028 3276 Dc
1054 3201 1248 3301 Principiis
1274 3215 1397 3277 errata
1425 3210 1542 3274 uotam

473 3327 696 3425 Epiphanius
722 3329 759 3401 in
778 3326 963 3403 Haeresim
989 3322 1054 3403 [Ω.
1084 3352 1121 3402 n.
1151 3323 1189 3403 3.
1218 3329 1368 3403 scribit:
1404 3324 1543 3417 «Cujus

473 3456 680 3529 schismatis
707 3470 961 3554 argumentum
982 3454 1153 3531 llarcioui
1173 3456 1305 3531 nebulo
1334 3453 1395 3529 ille
1423 3468 1462 3528 et
1485 3452 1543 3523 irn-

472 3594 599 3678 postor
629 3581 745 3656 Cerdo
777 3581 957 3679 praebuit.
983 3581 1073 3656 Nam
1099 3596 1137 3657 et
1168 3581 1240 3657 duo
1269 3583 1345 3678 ipsc
1376 3576 1543 3674 Principia

472 3707 674 3782 constituit.
704 3707 752 3782 dt
778 3706 912 3783 Marcio
938 3710 1085 3795 tertium
1112 3710 1157 3782 ad
1183 3709 1279 3785 illins
1307 3708 1439 3804 dogma
1458 3702 1544 3776 Prin·

473 3833 607 3931 cipium
631 3834 778 3927 adjecit,
806 3850 849 3913 ut
867 3836 1013 3911 omnino
1033 3836 1101 3910 tria
1136 3837 1221 3909 sint.
1255 3832 1417 3923 Quorum
1445 3848 1544 3907 unum

475 3961 524 4035 sit
554 3984 789 4059 supremum,
822 3964 916 4062 quod
956 3986 1072 4061 neque
1099 3963 1245 4037 nomine
1274 3954 1545 4058 comprehendi,

474 4114 591 4189 neque
625 4091 704 4168 risu
733 4092 868 4189 percipi
898 4102 1032 4189 potest,
1062 4112 1171 4187 quem
1204 4104 1242 4164 et
1271 4090 1406 4163 bonum
1440 4084 1543 4159 Deum

474 4218 654 4317 appellat:
689 4242 709 4291 a
743 4242 816 4316 quo
843 4217 932 4290 nihil
966 4218 1015 4291 sit
1047 4239 1197 4303 eorum,
1225 4238 1318 4315 quae
1356 4216 1391 4287 iu
1422 4210 1544 4287 mundo

476 4363 575 4433 sunt,
597 4347 796 4421 conditum.
818 4345 982 4420 Alterum
1004 4367 1090 4419 vern
1110 4343 1225 4419 lleum
1245 4366 1326 4417 esse
1344 4343 1431 4417 dicit
1450 4358 1543 4435 aspe

473 4472 644 4548 ctahilcm
677 4496 719 4547 ac
751 4468 978 4546 Creatorem.
1010 4469 1174 4546 Tertium
1193 4470 1345 4567 denique
1372 4464 1541 4543 diabolum
