3375 5567
156 797 213 877 quit
230 798 423 864 sentiendum
444 803 484 865 sit
504 806 699 875 statuamus,
715 806 842 863 eeteros
861 795 1006 878 eiusdem
1028 796 1128 859 libros
1149 797 1239 859 odire

155 917 200 976 par
214 909 257 963 est
266 920 278 980 ;
295 900 349 965 nbi
369 902 482 965 eadem
497 906 568 967 sive
581 920 655 983 pro,
672 902 741 965 sire
762 910 875 963 contra
893 899 949 963 bei
975 892 1238 979 omnipotentiam

153 1000 254 1073 taceat,
268 1002 390 1066 utiutte
410 1002 570 1084 judicium
593 1010 719 1065 rectum
738 1001 927 1064 instituatur
949 1000 989 1061 dc
1010 998 1100 1063 iliius
1121 998 1153 1059 in
1175 999 1236 1061 bac

153 1105 342 1180 assentantis,
360 1103 462 1168 seinti
475 1105 515 1167 de
528 1106 601 1167 otiis
614 1104 773 1169 similibus
788 1101 1034 1183 quaestionibus
1049 1109 1158 1164 actum
1178 1107 1237 1163 est.

210 1201 369 1283 inprimis
391 1215 521 1283 praesto
541 1204 631 1267 uobis
651 1212 740 1277 aunt,
756 1221 842 1283 quae
856 1202 1012 1282 Origenes
1033 1201 1146 1265 scribit
1164 1218 1241 1263 eon·

151 1308 186 1362 trs
203 1299 325 1367 Geisuru
346 1305 378 1367 io
401 1304 500 1369 Libro
522 1304 579 1367 ΙΙΙ.
600 1300 653 1380 ἵθ,
675 1306 772 1386 eique
800 1305 973 1384 respondet
995 1306 1081 1366 circa
1107 1301 1239 1365 effatum

150 1402 305 1468 christianis
319 1423 504 1471 commune:
514 1404 596 1469 Deos
608 1405 717 1469 omnin
725 1405 855 1486 poterit:
873 1406 1019 1470 «Postea
1035 1404 1145 1487 objicit
1156 1401 1242 1481 (Cei-
1295 1418 1298 1423 ·

148 1504 199 1581 sus)
215 1506 293 1570 istud
314 1509 408 1589 quasi
428 1509 515 1589 apnti
540 1527 598 1571 nos
615 1508 797 1590 jactatnmr
820 1508 905 1571 Dens
926 1504 1035 1570 omnin
1053 1504 1176 1586 poterit.
1200 1503 1244 1567 at

149 1621 232 1683 usque
244 1625 309 1687 quo
327 1627 427 1673 seusu
446 1610 477 1672 id
495 1609 637 1684 dicatur,
658 1627 765 1689 ueque
785 1628 870 1689 quae
889 1610 952 1671 siut
972 1608 1027 1671 iilo
1048 1603 1168 1681 omnio,
1191 1620 1244 1666 ne·

148 1725 198 1786 quc
214 1711 376 1789 quomodo
397 1712 507 1792 possit,
523 1712 683 1792 inteiligit.
708 1712 755 1776 tte
769 1714 808 1776 iis
830 1723 937 1775 tamen
952 1711 1031 1773 nibii
1054 1728 1182 1773 necesse
1196 1715 1246 1771 est

149 1808 427 1888 inpraesentiarum
448 1814 568 1877 dicere.
584 1812 700 1893 Neque
714 1815 799 1877 euim
820 1815 908 1893 ipse,
925 1812 1074 1891 quamvis
1097 1809 1247 1891 probabi·

148 1910 208 1974 liter
224 1924 340 1994 posset,
363 1915 483 1979 beista
507 1934 543 1979 re
563 1916 698 1979 institit:
720 1916 789 1979 sire
810 1915 962 1979 nescierit
983 1912 1059 1995 quid
1077 1910 1246 1992 probabile

150 2023 240 2078 contra
259 2016 374 2081 afferri
395 2025 521 2098 posset3
542 2019 612 2081 sive
631 2018 741 2081 scierit
761 2017 905 2097 quidem,
927 2014 982 2078 sed
1005 2012 1082 2095 quid
1106 2012 1164 2092 ipsi
1182 2030 1248 2074 rea·

149 2116 325 2192 portaretur
339 2118 550 2198 praeciderit.
566 2118 664 2182 Certe
685 2117 788 2181 Deum
803 2118 910 2181 omnia
925 2133 1018 2197 posse
1033 2113 1228 2194 profitemur
1233 2132 1246 2190 ι

149 2214 190 2277 aad
207 2234 286 2296 quae
300 2225 420 2298 potest,
443 2217 537 2281 ontio
549 2236 629 2281 suae
650 2218 838 2295 divinitatis,
855 2218 1005 2281 bonitatis
1026 2224 1058 2279 et
1071 2214 1247 2295 sapientiae

149 2313 330 2382 detrimento.
355 2316 476 2382 Contra
499 2316 625 2395 Celsus,
647 2321 763 2400 utqui
786 2320 947 2383 nesciebat
963 2336 1030 2399 quo
1049 2334 1146 2381 seusu
1162 2315 1250 2379 Deus

149 2415 255 2482 ticatur
267 2420 377 2483 omnia
401 2437 507 2498 posse,
520 2422 565 2484 ait
586 2425 648 2483 nou
663 2440 732 2484 esse
754 2420 904 2485 futurum
920 2428 956 2481 ut
979 2414 1249 2498 &nequidquam

149 2516 283 2600 iriensem
295 2521 389 2595 sctit,
410 2525 505 2601 quasi
518 2542 560 2585 ex
582 2523 640 2586 iilo
655 2533 762 2603 posset
782 2524 913 2604 quidem
929 2522 1084 2605 injustum
1108 2520 1185 2599 quid
1205 2518 1251 2580 is·

151 2640 218 2700 cere,
236 2625 292 2688 sed
313 2625 420 2689 nollet
441 2635 558 2688 tamen.
581 2624 725 2689 Dicimus
745 2637 856 2688 autem
878 2642 947 2699 nos,
973 2621 1247 2704 quemadmodum

151 2721 183 2796 it,
200 2724 290 2806 euius
310 2729 422 2790 natira
437 2725 608 2789 dulcedine
629 2744 681 2789 res
695 2726 779 2787 aliae
801 2725 1006 2794 dulcescunt,
1021 2724 1093 2785 iiius
1115 2742 1178 2786 nou
1195 2738 1251 2801 po-

151 2831 197 2886 test
212 2844 338 2890 amaras
361 2826 482 2901 tacere,
504 2827 592 2908 qood
611 2836 725 2890 contra
745 2844 839 2891 suam
856 2834 1004 2888 naturam
1026 2836 1118 2887 esset.
1137 2823 1252 2903 Neque

152 2925 288 3006 itporsst
318 2930 525 3004 obscurare,
545 2929 632 3008 quod
655 2937 771 2991 natum*
799 2937 849 2990 est
869 2926 908 2989 ad
932 2924 1186 3003 illustrandum
1209 2927 1250 2985 ita

152 3042 195 3090 ιιι
212 3027 313 3095 Deum
344 3029 502 3111 injustum
524 3028 631 3092 tacere
653 3046 756 3107 posse.
782 3025 871 3090 ilaec
900 3027 1147 3105 enimpotestas
1179 3024 1249 3104 ejus

152 3125 286 3195 tirinitati
307 3132 474 3196 contraria
499 3139 569 3205 est,
591 3139 624 3192 et
644 3129 692 3191 itti
712 3126 804 3221 adop
827 3125 964 3219 δυνάμει
990 3128 1252 3205 omnipotentiae,

152 3246 229 3306 ιιιιι
247 3242 287 3300 ut
307 3232 400 3298 Deus
421 3233 530 3297 babet.
554 3232 665 3313 Siquid
688 3241 797 3294 autem
818 3248 860 3293 ex
883 3228 980 3293 rebus
1001 3230 1118 3293 creatis
1142 3239 1253 3291 nutum

154 3328 184 3390 at
194 3333 305 3414 injuste
327 3335 659 3417 iaciendum,iu1uste
681 3333 790 3397 iacere
805 3331 1026 3421 potest,·baee
1041 3331 1090 3392 itti
1114 3328 1185 3392 inde
1198 3348 1255 3410 po-

97 3465 99 3469 ’
154 3437 230 3497 totas
258 3439 393 3514 oritur,
417 3435 598 3516 qnociejus
619 3442 736 3497 natura
758 3432 905 3505 nonsit,
929 3448 992 3494 non
1015 3448 1108 3510 posse
1136 3430 1254 3511 injuste

157 3529 254 3599 iacere.
276 3559 295 3595 a

216 3635 349 3702 Pariter
362 3640 395 3701 in
416 3635 517 3701 Libro
531 3634 569 3699 V.
590 3632 641 3703 23.
657 3636 697 3699 tie
717 3635 830 3699 eodem
846 3638 1052 3713 argomento:
1074 3631 1256 3695 omaincrss

155 3729 204 3795 Bw
216 3738 401 3816 possibilie:
426 3740 597 3810 «seimus,
617 3736 734 3817 iuquit,
761 3734 842 3798 illud
868 3731 977 3796 omnin
998 3750 1060 3796 uon
1081 3732 1252 3813 complecti

155 3853 193 3913 ιι,
204 3858 284 3919 qnae
299 3841 371 3904 tisri
387 3860 480 3922 posse
496 3849 655 3921 repugnat
671 3847 703 3902 st
715 3838 862 3918 eogitari.
881 3835 1024 3901 Dicimus
1040 3838 1135 3900 etiam
1150 3834 1254 3899 Deum

156 3942 329 4019 turpinum
350 3962 466 4024 posse3
488 3941 611 4021 aiioqoi
633 3938 720 4003 Deus
741 3948 849 4019 posset
868 3957 933 4003 nou
952 3957 1021 4001 csse
1042 3936 1140 4002 Deus.
1171 3934 1255 3999 Nom

155 4040 242 4118 tiquii
273 4055 371 4124 turpe
392 4042 480 4107 Deus
502 4042 600 4116 iacit,
623 4038 711 4104 Deus
740 4058 802 4103 uon
823 4050 881 4104 est.
904 4037 1000 4115 Quod
1027 4048 1137 4101 autern
1166 4040 1256 4119 ponit

156 4132 238 4205 baum
260 4163 322 4210 nou
345 4146 443 4220 velte,
465 4160 550 4225 quae
572 4150 648 4207 snut
667 4150 780 4207 contra
802 4148 970 4215 naturam,
993 4138 1252 4219 distinguendum

157 4248 200 4302 est
213 4241 323 4309 Verbis
334 4246 400 4308 iiiia
409 4246 511 4325 siquis
524 4244 680 4307 maiitiam
695 4244 851 4323 designat,
865 4258 1018 4320 negamus
1031 4251 1063 4303 et
1078 4258 1134 4302 nos
1150 4236 1254 4301 Deum

159 4341 237 4421 ielle,
248 4365 331 4428 quae
345 4355 459 4411 contra
475 4354 625 4409 naturam
638 4354 726 4417 suut,
749 4362 834 4423 quae
849 4343 932 4405 maia
948 4351 1036 4418 suot,
1052 4360 1137 4423 quae
1153 4344 1253 4404 ratio-

159 4442 267 4512 risum
285 4450 462 4539 contraria.
476 4449 530 4514 Sin
549 4456 659 4512 autern
681 4445 837 4527 quidquid
860 4446 994 4509 consilio
1010 4444 1068 4509 Dei
1090 4453 1122 4506 et
1139 4443 1238 4506 volun

159 4546 211 4608 lete
227 4546 273 4627 tit,
296 4552 327 4614 itt
347 4550 530 4616 necessario
551 4546 766 4614 confitentium
788 4557 857 4625 est,
890 4564 953 4610 non
976 4546 1045 4610 beri
1066 4554 1177 4611 contra
1199 4562 1253 4607 ua·
