3375 5567
444 779 481 822 ee
500 778 582 842 pune
601 761 636 825 ia
657 770 746 824 terre
765 769 854 836 mut,
874 760 938 823 sius
959 778 1040 841 psus
1053 759 1091 825 iu
1111 757 1215 825 aeriis.
1235 758 1333 825 lisele
1352 777 1425 843 erpa
1440 778 1533 825 secnn

442 862 642 926 denominat
660 863 778 937 altare,
796 862 884 943 qnod
907 867 954 927 est
968 861 1008 925 ad
1030 863 1148 927 ostium
1166 862 1376 941 tabernuculi3
1397 862 1466 943 quia
1481 882 1532 927 nun

441 963 549 1029 sulum
569 982 630 1047 pra
646 964 868 1041 terrestribus,
878 963 945 1029 sed
960 966 1056 1029 etiam
1079 982 1139 1047 pru
1155 964 1349 1029 caelestibus
1362 965 1479 1029 ablatus
1492 975 1531 1029 est

440 1066 544 1130 bostis
564 1065 684 1148 lesns3
705 1073 739 1130 et
760 1067 814 1130 itte
833 1066 965 1147 quidem
987 1084 1047 1148 pru
1070 1067 1252 1132 homiuibus
1274 1068 1374 1145 ipsam
1400 1084 1532 1147 corpora·

439 1167 503 1232 lem
526 1169 694 1233 materiam
714 1170 878 1249 sanguinis
899 1168 950 1233 sni
973 1168 1073 1249 ludit3
1097 1170 1128 1233 iu
1149 1169 1344 1235 coelestibus
1368 1187 1440 1233 reru
1459 1168 1532 1231 mini·

437 1269 615 1335 strsntibus
636 1270 735 1350 (siqui
757 1270 805 1333 itti
827 1270 903 1334 inibi
924 1271 1011 1344 sunt)
1032 1270 1268 1347 sacerdotibus,
1293 1270 1421 1334 vitalem
1435 1288 1533 1349 earpu-

439 1372 482 1436 ris
503 1374 553 1437 sui
577 1359 744 1449 virtutem,
768 1372 859 1437 velut
878 1372 1025 1455 spiritale
1045 1372 1210 1453 quoddam
1229 1371 1423 1437 sacrificium
1437 1372 1533 1434 imme

435 1473 527 1536 lavit.
549 1470 735 1537 visentem
755 1474 852 1550 seire,
875 1473 953 1554 quie
976 1473 1099 1555 duplex
1113 1473 1216 1537 bustis
1239 1474 1270 1536 in
1284 1474 1419 1549 eutnit,
1434 1491 1534 1536 eonve-

436 1573 525 1638 niens
540 1573 761 1649 terrestribus,
776 1582 809 1638 et
822 1583 897 1657 apta
913 1572 1126 1641 coelestibus?
1138 1573 1315 1657 Apostolus
1329 1575 1369 1637 ad
1388 1573 1534 1639 Hebraeas

434 1676 578 1740 seribens
597 1677 687 1740 dieite
703 1693 764 1755 per
781 1678 921 1741 uelamen
941 1676 1022 1741 idest
1031 1696 1090 1758 per
1110 1694 1237 1739 curnem
1250 1695 1352 1739 suum.
1377 1675 1418 1739 Et
1430 1678 1535 1741 iterum

433 1778 570 1843 interius
591 1776 738 1842 velamen
758 1776 995 1860 interpretetur
1016 1779 1161 1854 eoelum,
1181 1776 1269 1859 qnod
1296 1778 1473 1859 penetrarit
1489 1775 1535 1841 ie·

434 1898 503 1957 sus,
526 1887 564 1944 nt
583 1880 712 1944 assistat
731 1897 818 1944 unne
840 1882 947 1945 rnltui
977 1880 1036 1947 Dei
1059 1880 1251 1963 pronubis:
1274 1898 1406 1961 semper,
1433 1880 1534 1959 inquit,

431 1980 602 2046 niseus-ud
620 1980 889 2063 interpellandum
905 2001 967 2064 pru
985 1983 1046 2048 bis.
1077 1984 1110 2049 Si
1130 2002 1210 2065 erpu
1230 1983 1297 2049 duo
1325 1981 1537 2063 intelliguntur

434 2083 614 2161 velamina,
636 2102 722 2167 quae
753 2085 845 2149 reiut
865 2084 1015 2151 Puutilex
1036 2088 1199 2168 ingressus
1220 2093 1270 2149 est
1296 2084 1415 2159 iesus,
1437 2099 1533 2149 conse

431 2196 571 2268 quenter
589 2194 623 2251 et
649 2187 846 2253 saeriduinm
867 2186 989 2269 duplex
1011 2187 1255 2269 intelligendum
1277 2196 1348 2263 est,
1373 2204 1431 2269 per
1458 2182 1535 2265 quud

430 2296 463 2352 et
483 2288 652 2353 terrestria
673 2289 863 2364 salvaverit,
886 2297 919 2353 et
931 2288 1103 2353 eoelestia.
1128 2308 1145 2346 s

501 2386 597 2459 tineo
626 2390 737 2471 itaque
765 2391 806 2454 ab
834 2389 1029 2455 adversariis
1046 2391 1139 2461 liunt
1168 2396 1320 2471 tauquam
1353 2388 1536 2471 praemissae

429 2490 602 2573 pericopae
622 2509 762 2556 ennsuua
783 2491 871 2556 eirea
893 2491 1088 2559 daemonum
1110 2491 1216 2559 salute
1241 2509 1302 2574 per
1321 2489 1443 2555 Christi
1464 2488 1536 2570 passi

427 2592 546 2658 merita
568 2594 606 2657 ils
625 2593 832 2660 conterenda.
856 2589 1008 2657 Attamen
1022 2593 1171 2675 Origenis
1191 2610 1303 2658 sensus
1317 2593 1361 2656 ab
1382 2590 1537 2657 hueabest

428 2696 560 2761 iutuitu.
582 2693 626 2760 Et
645 2697 794 2778 quumvis
815 2695 915 2778 buius
936 2696 1095 2761 sermonis
1116 2698 1220 2778 prims
1242 2712 1316 2776 pers
1345 2695 1440 2759 nubis
1459 2693 1535 2772 inge·

429 2806 480 2860 rat
494 2796 674 2879 ambigendi
698 2796 843 2872 mudum,
866 2795 1074 2863 nibilominus
1096 2794 1360 2877 insequentibus
1385 2792 1538 2859 evanescit

425 2898 631 2978 ambiguitas.
665 2897 702 2962 lu
721 2916 763 2963 eu
782 2916 924 2979 namque
944 2898 1019 2962 ineu
1039 2897 1205 2977 distinguit
1225 2896 1386 2977 Origenes
1408 2896 1534 2961 bustiam

426 3018 487 3081 pru
508 3000 717 3065 terrestribus
737 3000 779 3063 sb
798 3000 903 3065 ultera
925 3018 986 3081 pru
1006 3000 1214 3076 coelestibus,
1236 3014 1337 3080 qnam
1363 2996 1535 3079 spiritalem

424 3101 504 3165 dieit
521 3108 557 3165 et
583 3100 780 3165 caelestibus
801 3108 935 3181 eptam,
957 3102 1035 3183 quin
1064 3101 1198 3182 iusuper
1218 3100 1262 3163 ibi
1283 3116 1344 3164 nee
1371 3100 1535 3164 daemones

425 3212 534 3280 vueet,
547 3221 607 3268 nec
628 3203 770 3283 augelus.
787 3200 820 3267 Si
842 3210 948 3269 temen
963 3204 1021 3268 bus
1044 3210 1151 3279 voest,
1169 3201 1271 3267 veluti
1294 3203 1537 3278 ministrasses

423 3304 612 3370 adsistentes
633 3301 702 3369 Deo
731 3313 974 3386 repraesentat,
995 3324 1059 3371 nun
1082 3324 1161 3371 veru
1183 3305 1230 3370 uti
1253 3306 1382 3385 praetio
1409 3302 1537 3369 Redem-

423 3408 539 3489 ptiunis
559 3414 737 3471 eonsurtes.
757 3405 841 3473 (inm
855 3416 964 3473 antsm
987 3410 1032 3473 ait
1045 3417 1074 3471 et
1089 3425 1152 3489 pru
1166 3404 1347 3474 emisstiius
1367 3414 1489 3486 uptam
1504 3404 1537 3467 it·

419 3508 477 3573 lud
499 3508 562 3573 sibi
576 3509 768 3589 rnlt,qnasi
785 3510 932 3587 dixisset,
947 3511 978 3572 in
1000 3510 1099 3575 coelis
1120 3509 1329 3590 semetipsum
1352 3508 1536 3575 atterentem

421 3608 567 3690 quetidie
588 3606 657 3675 lieu
678 3609 766 3673 Petri
788 3609 918 3675 adstare
939 3608 1053 3676 lesum
1074 3628 1135 3690 pru
1157 3610 1248 3675 uobis
1262 3608 1535 3691 interpellantem,

423 3726 487 3773 nun
501 3716 625 3787 sutem,
646 3728 706 3775 nee
724 3726 784 3791 pru
805 3710 941 3792 augelis,
955 3710 1024 3777 sive
1045 3729 1106 3792 pru
1125 3711 1347 3775 daemonibus.
1373 3709 1409 3774 ld
1433 3718 1536 3774 antem

421 3809 623 3876 luculentius
648 3813 848 3893 exprimitur
869 3812 900 3875 in
930 3810 1072 3877 Humilia
1093 3813 1234 3877 seennda
1256 3830 1287 3875 u.
1308 3810 1339 3879 3.
1369 3811 1450 3875 dum
1472 3810 1531 3871 sit:

423 3934 441 3973 e
465 3908 544 3976 Vide
570 3929 650 3993 erge
671 3931 710 3978 ne
741 3913 826 3979 torte
846 3913 962 3992 iesus,
990 3932 1087 3995 quem
1111 3912 1233 3979 Paulus
1253 3913 1331 3979 dieii
1353 3912 1535 3995 pacificasse

422 4030 483 4095 per
500 4014 689 4096 sunguinem
708 4032 807 4079 suum
834 4032 899 4080 neu
918 4016 1027 4082 sulum
1047 4030 1133 4097 quae
1148 4014 1179 4077 in
1202 4014 1310 4090 terris,
1325 4012 1383 4077 sed
1405 4023 1440 4077 et
1453 4028 1533 4092 quae

416 4117 449 4179 ln
459 4116 559 4180 euelis
577 4124 667 4193 suut,
685 4115 769 4180 idem
790 4118 858 4197 ipse
871 4116 916 4182 sit
937 4117 1073 4197 rituins;
1088 4118 1146 4198 qui
1160 4116 1192 4180 in
1206 4116 1307 4182 coelis
1320 4114 1456 4196 quidem
1471 4128 1531 4175 uun

418 4234 480 4297 pru
500 4226 647 4298 peceato,
668 4217 724 4282 sed
752 4234 813 4298 pru
834 4236 970 4285 munere
990 4218 1120 4284 oblatus
1140 4227 1210 4298 est;
1232 4218 1264 4283 ln
1286 4218 1383 4290 terris
1408 4224 1528 4285 autern,

416 4320 472 4383 ubi
493 4320 535 4382 ab
556 4318 660 4385 tuan
680 4321 847 4401 usquead
869 4319 1005 4405 idupsen
1028 4322 1176 4402 regnavit
1196 4328 1378 4402 peceatum,
1403 4319 1530 4387 ablatus

418 4422 462 4485 sit
477 4440 538 4503 pru
558 4427 702 4500 peceato.
718 4439 735 4477 u
748 4419 830 4485 Cum
845 4439 925 4503 ergo
939 4423 971 4485 lu
993 4422 1091 4486 anelis
1106 4422 1203 4504 juxta
1217 4419 1392 4502 Origenem
1409 4437 1473 4487 neu
1487 4418 1531 4479 oi·

418 4525 503 4588 ierat
527 4521 675 4587 seierus
695 4540 756 4604 pru
778 4530 923 4605 peceato,
950 4542 989 4589 eu
1005 4524 1135 4605 inquam
1156 4522 1413 4605 umidumque
1434 4518 1530 4589 semel
