3375 5567
516 758 719 841 sdpprobst
734 767 843 842 postes
860 759 997 841 (Celsus)
1023 780 1090 841 eos,
1108 762 1164 844 qni
1188 769 1319 845 sperent
1345 762 1416 828 lore
1434 770 1469 830 ut
1485 767 1545 829 mi·

433 868 680 938 munimem,
702 881 800 942 quem
824 862 874 925 sel
896 863 1098 944 spiritualem
1119 865 1344 942 substantiam,
1362 867 1412 929 vel
1431 868 1544 930 rstione

435 962 631 1042 praeditum,
652 964 882 1044 intelligentem
905 964 1080 1027 otbertum
1100 967 1265 1045 spirltum,
1285 966 1336 1029 vel
1358 966 1491 1031 animem
1505 968 1544 1029 ri·

436 1071 563 1126 ventem
587 1071 721 1138 vocent,
750 1071 881 1126 selerne
905 1064 969 1126 vilo
995 1082 1071 1129 cum
1094 1062 1163 1129 lieo
1185 1064 1326 1128 lrustnr.
1356 1064 1500 1129 Admittit
1518 1072 1546 1127 el

434 1163 497 1227 boc
517 1165 653 1245 dogma,.
666 1174 705 1228 ut
725 1173 815 1229 recte
834 1168 1026 1245 cogitilum.
1048 1184 1098 1227 sos
1117 1163 1175 1247 qni
1195 1166 1267 1229 bene
1286 1164 1436 1231 cisersmt
1454 1163 1545 1248 [elisi-

431 1273 495 1327 tole
513 1266 679 1329 donandos
699 1284 773 1341 esse,
795 1264 923 1345 iniquos
944 1284 1019 1329 cero.
1037 1265 1173 1329 oeternis
1191 1266 1319 1330 omnino
1329 1265 1491 1348 suppliciis
1503 1268 1545 1346 ni·

431 1370 546 1447 sectum
566 1367 621 1430 iri.
643 1367 704 1433 Sed
724 1383 769 1431 'ex
789 1368 961 1444 omnibus,
982 1386 1068 1448 quse
1089 1370 1174 1433 diets
1195 1379 1271 1433 sunl
1292 1388 1310 1433 s
1341 1369 1455 1443 Celso,
1476 1368 1547 1434 nibil

433 1471 580 1533 admiror
601 1473 701 1551 magis
721 1488 820 1550 quom
841 1470 930 1551 quod
955 1471 1135 1551 praedietis.
1148 1472 1259 1535 sddits
1281 1469 1321 1533 ab
1341 1471 1547 1551 bassegnan

432 1590 487 1635 nec
507 1571 572 1648 itti,
595 1591 652 1635 nec
671 1570 818 1652 quisquis
837 1571 923 1635 otius
944 1570 1098 1635 discedere
1119 1571 1235 1652 debean
1259 1582 1364 1636 temen
1385 1571 1545 1637 scribendo

433 1683 546 1738 conlrs
567 1675 779 1748 christianos,
802 1692 946 1754 quorum
968 1674 1041 1739 lidei
1064 1674 1153 1739 nulls
1181 1674 1243 1737 elie
1267 1692 1318 1739 res
1339 1674 1464 1755 objects
1492 1680 1546 1747 est,

433 1796 532 1858 quem
553 1776 653 1854 Deus,
684 1785 719 1841 et
741 1777 970 1858 promissiones
992 1794 1051 1857 per
1072 1775 1237 1841 Christum
1266 1776 1362 1858 justis
1385 1776 1499 1849 lactes,
1518 1780 1547 1835 et

431 1879 578 1942 doctrine
596 1880 636 1943 de
650 1879 811 1959 supplicio
832 1878 960 1958 iniquos
972 1887 1131 1953 monente,
1149 1879 1406 1941 animadvertere
1418 1875 1548 1939 debebas

431 1980 655 2055 christianum,
666 1982 694 2043 si
717 1981 890 2059 siclusper
911 1979 1000 2042 illius
1012 1988 1124 2043 contre
1140 1978 1332 2041 christianos
1347 1984 1544 2058 arguments,

434 2100 526 2145 esus
543 2083 699 2162 religione
719 2082 924 2154 descisceret,
939 2080 1096 2161 rejectum
1121 2080 1218 2143 etiem
1238 2080 1310 2144 sine'
1323 2080 1423 2144 dubio
1437 2082 1545 2156 dogms

432 2184 518 2247 istud
540 2204 562 2247 c
583 2201 644 2265 qno
664 2182 727 2256 oit,
747 2201 847 2263 neque
867 2182 1071 2255 christianos,
1094 2170 1189 2263 neque
1209 2183 1313 2245 setium
1334 2179 1436 2245 otium
1457 2176 1550 2243 borni·

430 2304 502 2347 nens
521 2283 675 2362 discedere
694 2284 805 2347 debere.
824 2282 933 2363 Longe
955 2284 1232 2349 bnmnuiustlelso
1249 2282 1464 2368 Chrisyppus,
1483 2298 1546 2343 mes

431 2386 563 2466 quidem
582 2388 753 2461 sententis,
773 2404 849 2449 cum
874 2385 1056 2453 bominibus
1077 2385 1141 2464 egit
1163 2385 1194 2447 iu
1210 2383 1308 2449 Libro
1331 2384 1374 2447 lle
1395 2381 1545 2447 curandis

431 2486 598 2569 efferim
624 2484 696 2550 lllic
715 2488 813 2564 enim,
842 2486 1089 2559 cumebertus,
1118 2486 1174 2565 qul
1196 2492 1347 2549 usturam
1379 2472 1548 2549 huminem

431 2587 583 2652 iulestunt
602 2604 641 2652 ec
660 2588 867 2669 perturbent,
888 2606 1003 2653 seuere
1027 2587 1138 2663 vellet,
1160 2588 1335 2669 praecipue
1355 2586 1488 2667 quidem
1514 2584 1549 2647 iis

431 2690 538 2753 utitur
558 2692 770 2768 argumentis,
792 2706 877 2770 quse
896 2690 957 2753 sibi
970 2706 1045 2751 sune
1069 2688 1274 2768 videbantur5
1288 2686 1344 2751 sed
1366 2684 1547 2751 esseeunds

430 2798 464 2853 ct
486 2791 579 2854 tertis
599 2790 732 2855 adhibet
751 2792 914 2871 dogmate,
940 2789 1090 2872 quemvis
1121 2807 1184 2853 non
1215 2789 1274 2863 sibi
1302 2789 1452 2871 probate.
1485 2782 1550 2849 Etsi

430 2890 526 2970 min,
541 2892 598 2967 cit,
614 2890 681 2955 trio
694 2889 760 2956 sint
772 2892 924 2955 bonorum
938 2910 1073 2972 generem
1088 2888 1135 2953 sic
1149 2900 1255 2955 tomen
1274 2890 1400 2971 offertus
1414 2883 1551 2953 curandi

427 3003 523 3082 ssent5
543 3011 641 3075 neque
660 2994 863 3068 studendum,
884 3012 957 3056 esem
977 2995 1089 3057 ardent
1102 2990 1240 3056 mesine
1254 2989 1432 3071 possimses,
1447 2988 1551 3071 enjus·

430 3094 516 3159 snodi
535 3093 580 3159 sit
599 3096 725 3174 doymo,
744 3097 828 3177 pnod
849 3096 960 3177 affeetu
977 3094 1180 3181 perturbetur
1200 3100 1291 3155 tenet:
1314 3110 1354 3155 ne
1372 3088 1404 3153 si
1423 3092 1461 3155 in
1483 3092 1553 3168 dog·

426 3206 526 3273 rnoto,
547 3216 627 3277 quos
646 3196 789 3261 animum
808 3205 1022 3277 occeperunt,
1041 3195 1204 3259 contende
1225 3192 1440 3274 intempestive
1456 3208 1551 3255 rnore-

427 3319 516 3374 nsssr,
535 3300 679 3361 stabulm
697 3297 876 3362 curationis
895 3296 1018 3361 occasio
1031 3344 1038 3360 .
1052 3343 1059 3360 .
1075 3342 1106 3359 ..
1127 3294 1266 3361 Necesse
1287 3298 1388 3374 igitur
1408 3301 1494 3370 eret,
1518 3296 1552 3353 ut

427 3402 542 3469 Celsus
570 3411 740 3481 postquem
760 3400 861 3465 semel
891 3403 1129 3482 approbares-st
1151 3400 1230 3462 bace
1250 3398 1425 3477 dogmate,
1446 3395 1551 3477 justos

424 3498 576 3582 felicitate
595 3501 756 3563 donandos
776 3518 839 3563 esse
858 3509 888 3563 et
908 3498 1046 3581 injustos
1074 3498 1210 3563 ostonis
1226 3496 1339 3579 poenis
1368 3496 1551 3559 cruciatum

427 3602 484 3678 iri,
499 3610 649 3683 pergeret
663 3603 723 3665 sibi
738 3620 949 3682 consequens,
973 3611 1018 3676 el,
1030 3603 1056 3664 si
1079 3600 1148 3663 lieri
1165 3599 1284 3681 posset,
1307 3600 1549 3680 pestanensem,

428 3705 516 3784 qnod
536 3704 596 3766 sibi
611 3705 823 3790 praecipuum
848 3690 1018 3767 ridebitur
1045 3709 1286 3780 argumentum,
1308 3700 1550 3779 superinstrue·

431 3813 492 3880 rel,
515 3805 730 3885 pluribusque
749 3805 999 3878 demonstraret,
1021 3801 1148 3882 iniquos
1159 3819 1269 3864 resero
1279 3800 1391 3880 poenis
1399 3800 1555 3861 omnimo·

427 3908 465 3969 de
483 3904 619 3969 sens-nis
639 3904 818 3969 mumolum
838 3903 897 3985 iri3
916 3922 955 3969 eo
971 3904 1124 3971 leticitete
1144 3904 1308 3966 donandos
1323 3920 1405 3977 esso,
1427 3901 1488 3981 qui
1505 3916 1553 3962 re·

430 4016 481 4072 ete
504 4008 667 4072 vixissent.

509 4107 631 4171 «Enim
649 4127 726 4172 vero
747 4125 819 4184 nos,
832 4126 914 4189 quos
929 4108 1032 4171 multe
1055 4114 1088 4170 et
1103 4108 1272 4169 innumera
1288 4111 1482 4182 arguments
1506 4102 1550 4163 si·

428 4220 493 4273 tem
507 4230 549 4273 ex
560 4210 795 4273 christianismo
804 4212 935 4289 exigere
948 4215 1191 4287 persuaserunt3
1207 4214 1280 4268 ente
1291 4204 1398 4267 omnin
1412 4202 1549 4282 quidem

429 4331 489 4395 pro
502 4313 625 4377 viribus
634 4330 791 4389 conemur
805 4330 915 4374 omnes
925 4310 1068 4373 homines
1079 4307 1118 4371 sd
1132 4308 1280 4369 universo
1292 4305 1552 4369 christianorum

427 4414 576 4493 dogmata
598 4413 755 4478 credenda
778 4415 933 4476 excitare.
954 4409 1015 4475 Sed
1037 4427 1113 4473 oum
1129 4408 1300 4472 incidimus
1322 4408 1353 4469 ln
1375 4407 1554 4485 quosdam,

429 4536 513 4597 quos
525 4520 657 4598 spsrs'sc
670 4523 783 4579 contre
804 4515 996 4578 christianos
1009 4510 1190 4577 calumniae
1205 4510 1248 4573 ite
1263 4515 1484 4589 occuparunt,
1501 4515 1551 4580 ut,
