3375 5567
103 1657 104 1698 t

103 1753 104 1756 ’
182 1694 295 1845 Quum
318 1758 488 1839 bucusque
509 1757 549 1821 de
570 1756 784 1821 rationalibus
805 1758 965 1820 creaturis
986 1774 1166 1821 sermonem
1182 1774 1274 1837 gene·

584 841 723 909 catut
761 840 851 905 vttt.
1239 742 1280 809 ⁹⁷

183 1039 310 1124 spicer
326 1041 460 1123 essperia
481 1042 515 1105 iu
534 1042 637 1106 Libros
654 1045 851 1109 Periarcbun
871 1045 913 1105 aa
933 1062 1038 1105 eorum
1059 1044 1221 1124 speciatim
1237 1044 1276 1107 ii-

212 1142 427 1222 imirationem,
449 1164 529 1225 quoe
551 1142 682 1224 Oripeoi
701 1166 722 1208 o
747 1142 927 1223 Tbeopbiio,
955 1142 1148 1224 Epipbouio,
1166 1141 1277 1207 Hiero-

213 1261 296 1324 ryme
313 1253 342 1305 et
360 1244 400 1305 cb
422 1244 557 1306 Auctore
578 1242 739 1324 Epistulae
758 1242 802 1304 nd
820 1240 994 1317 Hennam,
1016 1240 1211 1324 objiciuntur
1230 1241 1280 1305 ort

212 1342 367 1420 heretico,
384 1346 421 1406 de
437 1343 510 1416 mo,
530 1362 597 1407 aaa
617 1363 689 1407 cum
709 1362 844 1406 censure
865 1341 901 1404 ia
915 1340 1102 1422 Hieronymi
1114 1353 1143 1406 et
1157 1340 1276 1425 liuffini

210 1443 351 1507 versionis
364 1443 572 1527 differentiam
592 1442 680 1508 circe
693 1442 750 1506 boe
769 1442 850 1506 idem
866 1454 1098 1523 oruamentum.

181 1862 260 1921 ratim
280 1860 515 1935 continuimus,
545 1860 693 1939 expensis
714 1860 914 1938 potissimum
940 1858 1168 1930 varietatibus,
1191 1876 1276 1938 quae

102 1965 103 1974 ’
179 1956 355 2023 Prriorcboe
372 1961 510 2024 versioni
527 1942 716 2044 Hieronymi
732 1968 765 2023 et
781 1958 901 2023 Rnffini
918 1960 1128 2023 intercessere
1138 1978 1149 2037 3
1164 1978 1201 2022 ac
1219 1977 1276 2020 nn-

102 2146 103 2150 *
177 2062 210 2121 te
223 2060 363 2142 origenis
377 2062 418 2123 ab
439 2063 607 2125 erroribus
622 2060 906 2141 comprobavimus
921 2062 1154 2125 immunitatem
1157 2082 1169 2141 3
1187 2060 1273 2124 band

102 2203 104 2317 t

102 2175 103 2194 ¹
178 2162 268 2239 impar
286 2164 438 2225 existimo
458 2162 498 2225 de
526 2164 641 2227 ceteris
663 2180 795 2243 quoqne
817 2164 987 2225 instituere
1015 2180 1221 2239 sermonem,
1243 2164 1273 2226 in

178 2265 280 2343 quibus
295 2266 419 2347 pariter
438 2282 565 2327 errasse
585 2266 734 2329 eumdem
756 2272 952 2345 reputarunt
975 2272 1099 2327 veteres
1112 2282 1150 2327 ae
1167 2282 1276 2327 recen-

101 2367 102 2422 t
178 2367 261 2429 tiores
281 2366 446 2431 Ecclesiae
469 2367 552 2446 viri3
575 2368 659 2430 inter
685 2385 768 2448 quos
789 2368 991 2447 potissimum
1018 2366 1147 2429 elucent
1173 2384 1278 2447 nuper

101 2549 102 2558 ἵ
177 2468 315 2530 celebrati
335 2466 528 2549 Scriptores.
553 2465 634 2533 Cum
656 2468 766 2549 itaque
787 2486 828 2531 ex
851 2468 900 2531 bis
920 2475 1064 2547 quatuor
1085 2465 1277 2530 Periorcbou

176 2566 253 2630 tibris
272 2570 464 2649 praesertim
484 2567 657 2649 origenem
673 2569 829 2649 arguendi
852 2567 946 2630 iidem
963 2574 1168 2648 praetextum
1190 2568 1273 2630 nacti

100 2721 102 2740 ,
174 2668 237 2748 sint;
259 2671 330 2735 iden
352 2688 393 2734 ex
415 2671 491 2751 ipsis
512 2678 543 2733 et
562 2670 657 2752 juxta
679 2674 826 2735 ordinem
850 2688 978 2743 rerum,
1000 2686 1084 2748 quae
1106 2669 1274 2732 abeodem

100 2771 101 2806 ³
175 2768 301 2850 (trigeno
322 2771 555 2847 discutiuntur,
571 2772 696 2835 initium
718 2770 1106 2851 sumam-disquisitionis,
1124 2770 1160 2832 iis
1182 2788 1274 2850 prae·

177 2875 315 2935 termissis
334 2874 401 2955 jam
424 2873 635 2937 elucubratis.

243 2971 366 3035 interea
389 2973 509 3035 mirum
529 2992 606 3035 sane
627 2972 776 3038 omuibus
796 2988 865 3035 esse
887 2979 980 3052 puto,
1003 2971 1090 3051 quod
1115 2968 1274 3035 Adaman-

174 3073 238 3150 tius,
254 3090 327 3137 cum
342 3077 374 3135 in
396 3074 511 3136 ceteris
533 3074 602 3137 iere
629 3074 804 3137 innumeris
828 3075 918 3135 vario
943 3090 1060 3152 genere
1080 3073 1219 3153 seriptis,
1235 3072 1271 3149 (si

100 3161 101 3210 i
173 3175 313 3237 nonnulla
328 3194 393 3237 non
410 3178 487 3238 satis
510 3178 679 3257 perspicue
694 3176 791 3252 dieta,
808 3174 989 3255 exceperis)
1012 3191 1113 3254 prope
1136 3192 1271 3253 evange-

172 3272 255 3338 licam
278 3278 444 3339 veritatem
466 3278 633 3357 docuerit3
653 3279 770 3341 mirum
792 3296 868 3340 sane
894 3294 982 3349 esse,
1007 3278 1159 3356 inquam,
1182 3294 1272 3337 eum·

171 3376 234 3439 tem
254 3379 284 3441 iu
305 3389 450 3459 quatuor
470 3382 576 3443 citatis
601 3381 692 3442 libris
714 3388 760 3442 tot
788 3380 1032 3459 gravissimique
1055 3379 1206 3440 momenti
1221 3396 1272 3439 er·

171 3496 253 3542 rores
267 3500 473 3545 coacervasse
479 3502 490 3561 3
504 3492 534 3544 et
552 3482 607 3546 ubi
623 3483 822 3561 potissimum
844 3480 966 3562 majora
990 3480 1181 3543 christianae
1198 3480 1271 3543 iidei

169 3578 304 3658 aogmata
327 3582 500 3643 enucleare
521 3581 580 3644 sibi
603 3582 707 3644 risum
729 3582 805 3655 init,
827 3583 885 3643 bos
908 3583 979 3645 ideo
994 3583 1094 3646 libros
1116 3580 1159 3643 Dc
1175 3580 1271 3645 Pria-

169 3677 254 3756 ripiir
273 3683 481 3760 nuncupanti.
508 3680 542 3743 iu
563 3682 695 3761 quibus,
718 3692 754 3745 ut
775 3683 855 3757 dixi,
882 3701 955 3745 vera
972 3702 988 3745 a
1006 3683 1093 3746 ialsis
1109 3683 1271 3764 principiis

168 3798 339 3857 secernens,
352 3782 509 3845 adversus
525 3783 705 3846 haereticos
726 3794 861 3847 conatus
882 3793 930 3848 est
950 3794 1094 3848 statuere
1112 3785 1270 3865 principa·

170 3880 204 3941 lia
224 3886 327 3964 capita
349 3886 418 3946 sire
439 3884 646 3947 fundamenta
669 3886 877 3964 professionis
897 3896 1039 3967 sanctac3
1055 3886 1150 3969 eujus
1171 3893 1269 3966 caput

168 3982 311 4049 fundator
336 3995 369 4049 et
391 3986 542 4066 magister
568 3994 616 4049 est
638 3986 798 4049 Cbristus.
822 3986 950 4067 Quippe
981 3988 1047 4068 ipse
1076 3995 1124 4050 est
1151 3989 1269 4051 veritas

166 4089 204 4157 tet
220 4089 264 4150 sie
285 4088 397 4169 incipit
420 4087 605 4178 tractatum)
630 4086 666 4150 to
688 4106 782 4167 quem
800 4106 905 4152 omnes
925 4089 1080 4151 medentes
1104 4086 1269 4151 seientiam

166 4187 336 4269 suscipient
355 4190 399 4251 od
417 4189 490 4251 beree
509 4189 651 4271 beateque
670 4174 846 4253 almutium.
870 4188 973 4279 Ei⁰¹³
994 4191 1055 4253 boc
1076 4190 1268 4269 sapientissi-

167 4304 210 4348 me
229 4289 379 4353 Ruiiinns
400 4290 431 4351 in
454 4290 595 4371 Prologo
613 4290 740 4354 scribit:
759 4311 776 4351 u
792 4290 839 4353 De
860 4292 957 4354 rebus
979 4292 1062 4354 euim
1085 4291 1202 4353 tatibus
1223 4290 1265 4351 ibt

167 4386 308 4469 disputat,
330 4394 362 4454 io
383 4394 502 4473 quibus
522 4411 633 4456 omnes
655 4392 857 4473 pbilosopbi,
878 4394 964 4456 omni
985 4399 1090 4456 aetate
1111 4410 1168 4455 sua
1192 4410 1265 4455 eon·

165 4502 295 4572 sumpta,
315 4495 462 4557 invenire
484 4503 662 4575 putuerunt
683 4494 772 4557 oibii.
794 4492 856 4557 ttte
873 4512 950 4558 vero
972 4500 1264 4573 sustenementum

168 4598 272 4672 potuit,
293 4596 325 4659 id
347 4596 424 4675 egit,
448 4605 482 4658 nt
498 4596 662 4660 Creatoris
684 4594 778 4658 iidem
795 4605 826 4657 et
848 4608 1075 4659 creaturarum
1094 4599 1261 4667 rationem,
