3375 5567
446 673 553 866 ἔξω
567 779 795 860 praeferendos
814 785 996 864 ceterisque
1008 779 1287 862 prophetin-iuter
1301 777 1375 844 lllos
1387 777 1461 844 citat
1472 777 1535 844 rtr-

448 888 554 944 tonem
570 889 721 962 tanquam
735 879 950 946 succesorem
966 899 1077 948 rerum
1093 881 1349 964 theologiarum
1362 879 1536 958 doctum,

446 982 627 1047 dicentem:
647 984 745 1066 sajus
767 982 989 1051 universitatis
1008 982 1212 1050 architectum
1231 1003 1269 1048 uc
1290 995 1411 1062 putrem
1430 981 1539 1046 irnesi-

445 1103 481 1146 rs
500 1083 653 1166 diffieilu
674 1097 702 1150 et
721 1088 849 1168 qundo
874 1084 1057 1163 inermis,
1077 1097 1184 1152 ιιοιιιιιι
1204 1085 1351 1150 omuibus
1376 1086 1473 1166 socero
1489 1085 1540 1147 iu·

441 1186 600 1266 possibile.
621 1187 680 1252 llis
701 1190 896 1271 respondeus
909 1191 1120 1256 Adamantius
1135 1189 1266 1255 scribit:
1285 1186 1438 1251 «Fateor
1456 1185 1542 1250 subli-

448 1306 532 1352 mem
559 1300 658 1369 atque
681 1292 762 1355 adeo
784 1293 962 1356 mirandam
986 1293 1069 1355 banc
1089 1311 1158 1356 esse
1190 1289 1333 1354 Platonis
1352 1289 1537 1352 sententiam.

447 1390 492 1456 dt
517 1390 589 1453 ride
609 1409 650 1454 an
678 1410 740 1456 non
764 1393 871 1457 divina
894 1392 1059 1475 Scriptura
1083 1395 1266 1475 suppeditet
1287 1391 1419 1474 maioris
1442 1391 1541 1454 boma·

447 1493 553 1555 uitatis
584 1503 811 1572 argumentum
844 1497 876 1558 in
905 1493 972 1559 Dan
995 1493 1124 1574 Verbo;
1145 1495 1232 1575 quod
1263 1509 1340 1556 cum
1366 1501 1447 1556 esset
1466 1491 1541 1572 spnd

447 1591 552 1656 Deum
574 1593 606 1656 in
628 1594 796 1674 principio,
819 1594 942 1659 iactum
963 1603 1012 1660 est
1032 1613 1122 1672 caro,
1137 1605 1174 1660 ut
1193 1595 1233 1658 nd
1255 1612 1368 1658 omnes
1389 1593 1544 1673 perreuirs

446 1701 554 1776 posset
573 1694 629 1756 illa
651 1695 810 1772 doctrina,
833 1715 931 1778 quam
953 1698 1011 1778 qni
1032 1698 1200 1775 invenerit,
1216 1697 1367 1762 omuibus
1388 1704 1492 1760 uotam
1506 1695 1544 1758 ia·

445 1813 521 1860 cere
543 1794 636 1860 l’lato
655 1798 701 1862 uit
721 1798 927 1878 impossibile.
963 1798 1056 1863 Plato
1078 1801 1178 1880 igitur
1200 1798 1287 1863 dieat
1314 1797 1498 1864 Creatorem
1516 1805 1543 1860 et

448 1896 575 1963 Patrem
597 1898 697 1978 buius
719 1903 859 1965 universi
881 1904 1014 1966 incentu
1034 1919 1103 1965 esse
1124 1900 1310 1977 difficilem,
1334 1902 1467 1964 innuens
1485 1898 1543 1962 beri

446 2015 551 2079 posse,
573 2009 610 2065 ut
630 2002 766 2065 hamana
787 2012 903 2066 natura
925 1998 1030 2067 Deum
1046 2019 1105 2082 pro
1126 2003 1198 2083 ejus
1219 1999 1543 2082 diguitateinreuia13

444 2102 494 2164 sin
513 2102 640 2176 miuus,
661 2103 777 2167 saitem
798 2111 835 2166 ιιι
855 2103 996 2167 multum
1018 2103 1170 2178 accedat,
1202 2111 1235 2166 et
1256 2102 1359 2183 vulgo
1381 2101 1542 2182 perlectim

444 2211 638 2284 cognoscats
661 2204 769 2286 (quod
793 2215 899 2267 maten
919 2204 945 2268 si
966 2206 1009 2269 lta
1030 2213 1125 2278 esset,
1141 2205 1234 2284 sique
1256 2202 1346 2268 Deus
1367 2222 1385 2267 a
1410 2202 1542 2276 Platone,

443 2311 533 2366 suta
550 2304 696 2384 quolibet
709 2323 728 2368 e
742 2305 955 2384 graecismus
968 2306 1084 2371 luisset
1104 2307 1264 2383 iuventus,
1286 2324 1353 2369 non
1369 2305 1456 2372 alind
1477 2303 1543 2385 qnid

444 2401 635 2479 coluissent,
657 2422 721 2468 uon
740 2405 843 2468 alium
859 2416 1036 2480 vocassent,
1059 2414 1091 2470 et
1112 2406 1300 2470 adorassent
1320 2405 1438 2482 Deum,
1460 2405 1541 2470 illum

444 2501 669 2583 relinquendo,
693 2505 745 2568 vel
765 2507 840 2569 edm
862 2505 920 2568 illc
940 2505 1153 2571 consociando
1175 2525 1239 2582 res,
1262 2525 1351 2587 qnae
1371 2525 1447 2570 cum
1468 2513 1543 2570 tanto

444 2601 513 2668 lleo
532 2607 710 2670 consociari
725 2625 788 2670 uon
808 2607 976 2686 poterant)
987 2627 999 2687 3
1020 2625 1078 2673 ons
1091 2615 1200 2672 antem
1215 2606 1430 2684 affirmamus,
1452 2605 1542 2670 licum

442 2723 459 2767 a
482 2715 598 2772 natura
620 2709 759 2772 bumana
780 2709 873 2772 nullo
895 2710 992 2774 modo
1012 2710 1126 2790 qusert
1147 2719 1205 2774 aut
1225 2727 1310 2791 pure
1325 2710 1462 2774 inveniri
1481 2726 1543 2789 pos·

441 2825 499 2885 se,
521 2809 580 2872 uisi
600 2810 777 2891 adjuretur
797 2810 838 2873 ab
863 2829 925 2886 eo,
948 2830 1045 2892 quem
1068 2813 1215 2893 quaerit3
1238 2811 1364 2892 quique
1391 2812 1541 2878 insanitur

442 2908 484 2973 ab
497 2909 548 2985 iis,
570 2911 625 2989 qui
648 2917 818 2991 postquam
839 2912 997 2994 quidquid
1013 2912 1044 2975 iu
1057 2930 1092 2976 se
1107 2921 1169 2991 est,
1184 2912 1347 2989 iecerunt,
1364 2933 1399 2978 se
1420 2913 1475 2976 illo
1494 2913 1541 2974 lta·

441 3009 519 3074 bere
539 3029 622 3092 opus
642 3013 849 3090 confitentur,
865 3017 920 3095 qui
941 3033 976 3078 se
994 3023 1108 3078 uotum
1130 3011 1226 3078 iaciat
1247 3016 1297 3090 iis,
1319 3033 1339 3078 a
1362 3015 1479 3096 quibos
1496 3030 1541 3076 ae·

442 3099 544 3193 quum
555 3113 681 3194 judicat
700 3133 736 3178 se
757 3115 871 3191 rideri,
889 3125 1046 3196 quantum
1067 3113 1155 3180 Deus
1175 3115 1216 3178 ab
1237 3116 1370 3180 bomine
1392 3113 1539 3196 copus,

442 3223 599 3294 quantum
614 3215 753 3279 bumana
768 3218 874 3282 anima
888 3218 994 3282 adbuc
1015 3217 1145 3298 corpori
1161 3215 1292 3296 alligata
1316 3215 1422 3282 Deum
1437 3231 1540 3296 cogno

441 3331 533 3380 were
553 3322 668 3394 polest.
691 3335 708 3374 n

521 3414 571 3479 Eo
584 3419 696 3499 quanti
703 3417 859 3498 Origenes
875 3419 949 3484 lecit
963 3419 1230 3499 pbilosophorum
1241 3426 1274 3482 et
1288 3419 1465 3499 praecipue
1479 3416 1540 3482 l’la·

442 3516 661 3593 tonisseusus‚
675 3519 713 3582 iis
725 3521 873 3594 collatos,
885 3520 984 3601 quiin
1005 3521 1119 3584 divinis
1136 3519 1313 3600 Scripturis
1327 3523 1537 3599 reperiuntur.

441 3615 580 3694 Videas,
606 3638 682 3684 oum
707 3618 834 3684 Auctor
857 3621 998 3685 Platonis
1022 3623 1122 3702 magis
1143 3621 1272 3684 assertis
1299 3623 1435 3686 cesserit
1452 3635 1537 3700 quon

441 3717 561 3786 Gbrlsti
581 3721 846 3797 institutionibus,
865 3725 896 3786 iu
918 3721 1081 3787 Ecclesiae
1096 3724 1229 3803 negotiis
1250 3721 1452 3786 excutiendis
1465 3731 1494 3784 et
1511 3719 1536 3780 iu

443 3820 611 3886 baereticis
631 3823 834 3886 confutandis
842 3844 854 3903 ς
870 3842 945 3886 unm
968 3822 1147 3887 Bibliorum
1168 3823 1362 3899 testimonis,
1386 3831 1536 3899 antrcgo·

441 3921 505 3984 lam
517 3923 726 4002 apostolicam
739 3934 772 3987 et
783 3925 1031 3988 ecclesissticam
1044 3925 1229 3988 submiserit
1240 3924 1463 4005 philosophiae
1476 3921 1533 4002 plt-

444 4023 568 4088 tnnicse
581 4025 735 4088 sanctioni
741 4044 752 4103 ς
764 4035 875 4088 utrum
890 4024 1027 4105 denique
1043 4025 1215 4088 bumauam
1230 4025 1456 4088 anctoritatem
1469 4037 1536 4101 prae

441 4123 547 4188 diuina
568 4126 779 4190 considerauit
786 4144 798 4205 ;
820 4135 861 4192 et⁴
874 4144 913 4189 an
935 4128 1113 4190 errantium
1134 4135 1167 4190 et
1187 4127 1387 4190 incertorum
1409 4124 1536 4217 pbilosc

440 4228 580 4305 phorum
597 4228 713 4306 placita
739 4228 931 4307 praetulerit
954 4237 1045 4293 certo
1068 4237 1099 4291 et
1123 4227 1284 4291 infallibili
1307 4225 1469 4290 Ecclesiae
1490 4239 1535 4286 ca·

441 4327 579 4391 tbolicao
601 4327 798 4409 Magisterin.
822 4327 959 4392 Frustra
982 4347 1059 4410 ergo
1080 4328 1259 4408 corripitur
1279 4325 1435 4408 Origenes
1457 4319 1533 4405 qood

439 4428 481 4490 ob
502 4429 724 4509 philosophiae
739 4429 919 4511 platonicae
933 4429 1076 4494 studium
1090 4430 1121 4491 in
1140 4447 1270 4493 errores
1285 4429 1442 4505 inciderit,
1457 4431 1532 4506 pusi·

439 4527 554 4592 babilis
574 4530 769 4611 propheticis
789 4539 822 4594 et
848 4531 1033 4610 apostolicis
1052 4531 1306 4618 assertionibus,
1329 4531 1425 4596 dirici
1442 4523 1529 4608 Spiri-
