3375 5567
184 828 273 890 raris:
294 847 310 887 ι
329 824 435 891 Pnotti
453 830 532 889 sunt
553 827 585 887 in
605 825 837 905 praeconibus
857 824 890 889 in
911 822 1026 889 tuturo
1043 822 1167 905 iupiter
1186 826 1280 905 puni·

180 937 319 990 rentur.»
339 924 432 1002 Quae
446 928 547 1007 magis
569 924 734 989 Ecclesiae
754 944 884 990 sensnm
900 926 1029 989 drmunt
1040 944 1051 1005 3
1073 934 1106 989 ct
1127 926 1207 991 bueo
1227 927 1276 991 in·

177 1028 280 1107 queudi
300 1027 440 1091 iormnia
461 1039 511 1090 est
531 1028 663 1108 Origeni
686 1027 780 1090 vaide
801 1031 995 1091 communis.

242 1128 354 1193 diciude
376 1132 419 1192 ibi
441 1148 472 1192 n.
493 1129 525 1195 3.
546 1131 654 1194 addit:
678 1128 801 1193 sidaec
829 1131 1003 1210 oportebat
1022 1129 1221 1193 abscondere
1242 1139 1275 1194 et

173 1232 201 1290 in
215 1231 342 1295 medinm
357 1249 422 1294 uon
444 1231 594 1313 proterre
603 1250 614 1311 ;
629 1231 685 1295 sed
701 1232 856 1295 baeretici
884 1250 942 1295 nos
969 1230 1154 1310 impellunt,
1172 1238 1208 1295 nt
1223 1249 1274 1295 ce·

170 1332 251 1393 tanda
269 1332 444 1396 efferamus
465 1334 497 1395 in
519 1334 709 1415 pubiicum:
734 1335 811 1415 qnia
834 1341 919 1397 tecta
940 1340 1016 1395 sunt
1039 1333 1167 1397 utiliter
1185 1332 1271 1411 apud

172 1452 231 1508 ros,
249 1435 302 1515 qni
322 1434 432 1499 adbuc
454 1436 584 1516 parvuli
602 1430 699 1519 Juxta
720 1438 846 1499 animae
863 1444 1002 1499 aetatem
1024 1444 1111 1511 sunt,
1127 1437 1183 1517 qni
1206 1454 1271 1499 ruc-

167 1542 199 1595 tu
212 1536 342 1613 indigent
359 1538 604 1616 magistrorum,
621 1538 714 1600 minis
727 1545 760 1600 et
772 1537 958 1599 terroribus
970 1537 1165 1615 corripiendi
1178 1544 1266 1609 sunt,

164 1646 197 1697 ut
214 1639 327 1716 possint
340 1640 496 1719 consequi
520 1639 708 1714 boninum,
731 1648 768 1703 nt
786 1657 846 1718 per
868 1656 978 1703 amara
1001 1639 1141 1701 remedia
1163 1656 1180 1699 n
1200 1637 1271 1701 rui·

162 1740 280 1801 neribus
292 1748 506 1820 peccatorum
526 1741 879 1821 aliquandodesistaut.
903 1740 1039 1820 Semper
1058 1741 1143 1802 enim
1158 1756 1266 1803 sacra-

161 1851 253 1901 menta
268 1838 327 1903 Dei
342 1851 481 1921 propter
493 1842 651 1923 parrnios
665 1842 832 1907 auditores
845 1841 1058 1905 velaminibus
1072 1840 1265 1921 quibusdam

158 1943 353 2018 operiuntur.
377 1963 394 2001 r
418 1942 507 2007 Haec
521 1962 623 2025 porro
645 1954 681 2008 ut
695 1944 1028 2024 comprehendantur,
1050 1942 1181 2021 etquid
1204 1942 1263 2005 sibi

157 2043 397 2125 reiitOrigencs
419 2046 591 2126 inteiligas,
610 2045 771 2110 [inmitiae
791 2047 918 2109 initium
941 2044 1042 2118 adito,
1070 2045 1125 2109 nbi
1142 2045 1198 2118 ait,
1221 2044 1264 2107 ob

153 2154 272 2221 peccata
286 2166 348 2211 sna
369 2148 534 2228 captivum
548 2148 725 2213 abductum
741 2148 840 2212 inisse
855 2145 1032 2225 lsraelem3
1053 2147 1203 2227 quumvis
1219 2148 1265 2209 in-

153 2252 258 2310 tereos
272 2250 424 2312 nonnulii
438 2259 649 2315 censerentur
664 2252 815 2325 insontes,
830 2268 974 2330 quornm
990 2268 1052 2330 ope
1067 2250 1184 2312 ceteris
1200 2250 1262 2310 reis

149 2348 330 2415 subveniret
352 2350 440 2416 Dens
451 2372 463 2433 ς
486 2356 529 2417 its
550 2354 732 2433 disponens,
752 2355 874 2434 quippe
895 2352 1037 2415 clemens
1052 2360 1085 2415 et
1106 2351 1261 2430 benignus

147 2457 176 2511 ct
193 2451 361 2515 bominum
376 2462 520 2529 amator,
540 2456 626 2519 inter
637 2455 797 2535 suppticia
810 2456 930 2536 quibus
952 2462 1139 2534 peccatores
1154 2452 1257 2532 punit,

146 2552 234 2614 etiam
247 2555 438 2618 visitationis
452 2574 532 2621 snae
546 2558 682 2618 miscens
703 2557 867 2636 pietatem,
884 2572 941 2619 uec
959 2554 1170 2619 immoderata
1184 2571 1259 2633 poe·

144 2668 178 2713 ra
200 2656 337 2720 miseros
358 2676 518 2737 premens.
541 2658 677 2740 Semper
697 2658 769 2721 talis
799 2664 848 2721 est
871 2654 1025 2721 Dominus
1046 2665 1156 2719 noster
1167 2674 1178 2734 ;
1201 2674 1258 2717 ex·

144 2758 263 2819 eruum
276 2768 452 2823 nocentes:
474 2760 531 2823 sed
551 2761 646 2841 qnasi
662 2761 733 2841 pius
756 2769 849 2840 pater
870 2759 1038 2822 tormentis
1052 2757 1255 2821 clementiam
1386 2839 1392 2851 .

141 2857 246 2919 sociat.
269 2856 314 2921 Et
335 2860 399 2922 boc
419 2860 497 2925 dicit
513 2869 628 2925 contra
649 2862 829 2925 hacreticus
850 2864 882 2924 iu
904 2858 1059 2925 Creatore
1080 2860 1256 2940 repreben-

140 2954 244 3020 iectes
258 2958 344 3021 iram
360 2961 628 3041 immoderatam
643 2972 676 3027 et
689 2964 837 3043 quamvis
854 2952 1127 3042 eSeriptnrarnm
1143 2976 1254 3023 esem-

137 3055 192 3133 biis
211 3059 334 3138 probet
354 3078 424 3125 rem
445 3082 551 3144 aeque
571 3081 606 3127 sn
627 3064 766 3143 nonem
794 3072 827 3127 ct
848 3065 879 3125 in
901 3064 963 3127 boc
984 3061 1126 3125 divinam
1147 3060 1254 3123 estoi-

134 3154 176 3219 iat
195 3164 443 3242 oeconomiam
465 3165 674 3229 nibitomiuns
696 3166 770 3229 tatia
791 3166 937 3246 parvulis
960 3166 1067 3244 potius
1087 3161 1252 3227 occultan-

133 3256 166 3320 d·
188 3260 288 3326 docet
300 3306 313 3337 ,
334 3268 391 3346 qut
414 3273 503 3332 metu
522 3268 665 3349 indigent
685 3268 942 3348 magistrorum,
964 3275 1032 3329 tum
1055 3271 1092 3327 ut
1116 3264 1249 3327 vulnera

130 3359 268 3425 soiiieite
287 3374 418 3442 curent,
435 3374 505 3431 tum
525 3378 598 3431 uta
619 3370 759 3448 peccatis
780 3368 957 3447 desistant3
979 3367 1058 3447 quin
1079 3372 1249 3446 praeterea

130 3463 309 3544 quidquam
330 3467 372 3531 de
394 3470 600 3533 miseratione
621 3472 653 3532 in
674 3470 841 3534 damnatos
864 3469 1027 3533 decernat.

203 3564 375 3649 ancujus
389 3588 490 3651 porro
507 3573 678 3635 testimonii
699 3572 923 3651 disquisitione
938 3570 1137 3643 desistentes,
1153 3567 1185 3628 in
1200 3565 1245 3628 ni-

126 3668 232 3727 tcrum
256 3666 447 3746 incidimus,
473 3673 561 3751 qnod
585 3675 678 3735 ratde
700 3673 895 3735 adversariis
918 3671 1077 3735 incessere
1099 3671 1176 3731 item
1199 3670 1245 3730 vi·

124 3762 219 3826 tetur
239 3766 324 3830 adeo
346 3778 397 3850 nt,
421 3773 475 3834 ris
494 3773 669 3854 origenem
690 3775 732 3837 ab
752 3793 866 3837 errore
888 3773 1027 3837 evadere
1056 3774 1239 3852 opinentur.

124 3858 161 3926 Bt
179 3866 251 3928 boc
271 3868 394 3949 iegitur
413 3872 445 3933 in
459 3870 699 3938 commentorio
721 3875 809 3938 Libri
832 3874 919 3937 viti.
942 3870 989 3937 1⁸2.
1015 3870 1178 3952 Epistulae
1200 3873 1243 3935 nd

123 3960 334 4033 damnosae
350 3976 525 4054 praecipue
539 3976 569 4038 in
586 3978 710 4041 serbis:
737 3978 810 4040 noio
824 3975 908 4039 cuim
924 3994 978 4037 nos
998 3972 1162 4053 ipocrare,
1172 3973 1242 4051 sra-

122 4076 191 4143 tm,
215 4072 399 4149 numerium
418 4074 487 4150 boc,
509 4088 545 4139 ut
564 4096 630 4140 nou
649 4077 720 4143 ritis
738 4081 826 4159 opud
845 4076 1042 4157 vosmetipsos
1062 4074 1240 4153 rapientes.-

121 4168 194 4245 μία
214 4172 351 4235 miros
371 4192 411 4236 en
426 4188 518 4256 porte
536 4179 721 4260 concipitis
742 4178 857 4253 irruet,
872 4182 967 4243 donce
985 4176 1149 4258 plenitudo
1165 4192 1240 4252 peo-

120 4268 195 4331 tiuar
219 4269 381 4338 intraret.-
395 4285 425 4338 ct
444 4278 490 4340 sic
503 4280 605 4344 omnis
626 4280 728 4346 irruet
750 4284 858 4345 solvus
871 4281 968 4361 fieret,
991 4280 1072 4343 sicut
1085 4277 1237 4354 scriptum

121 4378 178 4432 ut:
195 4372 299 4436 ocum
318 4395 359 4437 ee
373 4375 466 4454 Sicu,
482 4382 538 4463 qni
559 4384 666 4449 tiberet
685 4394 715 4448 ct
728 4396 849 4450 cuntot
870 4383 1043 4465 impietates
1064 4380 1103 4444 eb
1122 4377 1234 4443 lacon:

120 4482 143 4532 et
161 4473 310 4537 buciliis
329 4497 352 4541 o
372 4498 420 4543 mc
437 4490 673 4563 mensurnam,
695 4504 765 4549 cum
785 4486 941 4549 absentee
968 4490 1098 4563 precato
1117 4497 1231 4543 eorum.

121 4572 166 4637 tis
180 4576 244 4639 trac
264 4578 411 4660 iuquam,
430 4585 582 4668 pericope
595 4588 680 4654 inter
699 4589 778 4665 ntia,
793 4590 873 4653 bace
895 4586 1013 4653 tradit:
1031 4602 1047 4645 r
1063 4581 1128 4661 Qui
1152 4600 1230 4647 vero
