3375 5567
427 763 514 831 suut,
537 773 739 838 numeroque
754 756 903 822 delinitae
919 755 1126 820 exhibentur.
1144 753 1194 818 lix
1211 755 1347 819 adverso
1363 757 1394 818 lu
1411 757 1530 820 unirer·

426 875 460 919 sa
483 856 649 938 Scriptura
668 868 731 922 tam
749 861 867 923 veteris
883 869 946 921 tam
970 859 1043 919 novi
1066 855 1273 932 Testamenti,
1291 857 1530 920 innumerabilia

427 959 601 1034 auntlooa,
615 959 670 1022 ubi
685 961 794 1040 agitur
809 959 854 1022 'de
875 960 1007 1039 nuptiis,
1027 967 1059 1020 et
1080 958 1245 1037 speciatim
1268 958 1299 1019 in
1322 957 1530 1020 hebraeorum

428 1062 642 1122 monumentis
658 1060 830 1135 historicis,
847 1077 1029 1140 eorumque
1041 1059 1248 1139 genealogiis,
1270 1077 1336 1139 quo
1354 1058 1454 1121 tendit
1467 1057 1532 1120 tiri·

430 1163 517 1236 genis
538 1177 626 1222 meus
651 1177 710 1241 per
740 1167 881 1223 veterem
915 1159 1127 1239 interpretem
1161 1159 1309 1222 iudicata.
1333 1147 1534 1240 Quapropter

426 1261 502 1342 jure
527 1260 704 1342 abjicienda
727 1263 856 1325 omuino
877 1270 925 1326 est
953 1261 1069 1337 lectio,
1093 1269 1206 1342 utpote
1228 1260 1362 1334 laisata,
1393 1261 1532 1323 codicum

428 1377 644 1443 graecorum3
675 1381 712 1425 ae
734 1365 873 1438 merito,
904 1364 1150 1443 necessarioque
1181 1360 1424 1442 complectenda
1451 1369 1534 1422 vetus

431 1463 669 1546 interpretatio,
694 1467 813 1546 quippe
830 1482 871 1527 ex
888 1465 974 1527 omni
992 1471 1084 1544 parte
1098 1480 1197 1544 scopo
1217 1461 1378 1542 origenis,
1403 1461 1536 1524 veritati·

428 1581 663 1644 quecousona.

514 1664 591 1728 item
614 1667 701 1728 circa
722 1665 909 1747 hujusmodi
933 1665 1105 1730 varietates
1125 1666 1158 1728 iu
1179 1664 1306 1729 duabus
1326 1662 1533 1733 Eotttontlms,

430 1785 570 1847 quarum
594 1776 686 1830 vetus
707 1769 902 1830 anctoritate
922 1769 1068 1845 excellit,
1091 1768 1223 1848 prodest
1245 1768 1344 1848 ipsius
1365 1765 1475 1830 Hoetii
1495 1764 1534 1824 dl·

430 1879 519 1932 etum
540 1869 572 1929 io
587 1866 689 1931 Tomn
710 1865 796 1931 xvt.
819 1887 851 1930 n.
872 1866 923 1934 21.
939 1867 1113 1948 Origeuem
1134 1869 1294 1948 culpantis
1315 1868 1405 1949 quod
1427 1867 1533 1930 Ossam

298 2045 301 2050 ¹
431 1971 622 2051 prophetam
645 1969 830 2032 contuderit
857 1988 931 2033 cum
955 1970 1113 2034 illichuea.
1138 1971 1288 2033 Attamen
1309 1971 1341 2031 in
1373 1969 1472 2032 aeteri
1492 1967 1535 2029 lu·

433 2073 664 2153 terpretatioue
678 2072 799 2136 dicitur
816 2091 874 2152 per
888 2069 1078 2148 Michaeam,
1095 2075 1142 2136 uti
1158 2072 1330 2152 legendum
1345 2077 1419 2134 erat
1432 2077 1464 2133 et
1480 2086 1534 2131 nou

431 2191 489 2254 per
509 2171 637 2236 Oseam.
661 2170 773 2235 Error
787 2173 889 2253 igitur
910 2191 973 2236 nou
993 2173 1147 2254 Origeni,
1166 2173 1221 2236 sed
1244 2189 1361 2252 graeco
1383 2169 1535 2234 Transcri-

431 2274 517 2354 ptori
537 2272 745 2352 imputandus
766 2282 824 2336 est.
858 2273 1013 2338 Similiter
1033 2275 1065 2337 iu
1087 2272 1190 2337 Tomo
1211 2273 1323 2336 eodem
1345 2291 1377 2334 u.
1399 2270 1430 2337 8.
1453 2279 1534 2333 actm

434 2372 595 2454 interpres
613 2374 710 2437 tradit
728 2392 786 2453 pro
808 2373 897 2436 nolis
910 2374 1077 2456 redemptio
1097 2373 1207 2437 aalma
1227 2371 1319 2445 lesse·
1335 2380 1368 2435 et
1383 2375 1415 2436 iu
1430 2387 1534 2452 praeco

430 2469 553 2554 legitia'r
564 2493 623 2556 pro
637 2472 725 2538 nodie
735 2474 875 2553 pretinm
896 2470 989 2568 ψυχή
1011 2475 1066 2543 riu
1090 2471 1160 2543 otoo
1184 2469 1240 2541 τὲυ
1261 2470 1343 2542 Θεοῦ
1364 2467 1535 2548 ouimofilii

433 2573 506 2649 diei,
518 2574 615 2640 dictio
631 2571 710 2639 laisa
726 2585 783 2641 aut
798 2579 913 2642 saltem
926 2573 1113 2657 impropria.
1129 2571 1257 2638 Pariter
1271 2576 1302 2638 iu
1316 2573 1421 2637 Temo
1442 2565 1533 2635 xvtt.

431 2693 462 2738 n.
480 2674 768 2758 lausanensem
782 2680 961 2758 graecusiu
976 2679 1082 2741 serbis
1092 2673 1256 2756 ‘spiritalia
1269 2675 1429 2758 dejudicat
1441 2669 1535 2736 omnio

433 2785 528 2842 uocat
550 2777 765 2860 Apostolum:
795 2777 843 2842 sic
864 2781 947 2841 enim
971 2779 1095 2860 sopiens
1117 2779 1219 2861 juxto
1245 2776 1476 2859 Eneapelium:
1495 2773 1534 2835 ie

433 2883 522 2945 cutio
542 2899 618 2944 sane
639 2883 808 2962 peregriua
831 2883 871 2943 ab
891 2880 1041 2962 Origeuis
1061 2889 1177 2945 mente.
1196 2875 1315 2944 Contra
1338 2889 1433 2944 retus
1447 2875 1535 2939 inter·

433 2983 674 3063 preelegerat:
704 2981 782 3046 dicit
805 2981 888 3045 enim
907 2981 1098 3062 apostolicas
1127 2987 1237 3044 sermo.
1263 2979 1339 3044 Pari
1372 2976 1534 3043 rationein

433 3099 570 3146 numero
592 3084 796 3163 praecedeuti
817 3102 835 3145 a
859 3085 981 3164 graecis
1001 3080 1167 3147 codicibus
1195 3080 1338 3148 fluetius
1358 3082 1400 3144 de
1419 3079 1534 3146 Christo

435 3185 531 3248 vertit
547 3208 555 3247 ε
572 3183 716 3249 mirabile
732 3194 828 3267 copul
842 3185 878 3248 ιἰι
893 3183 995 3249 oeulis
1015 3184 1145 3260 nostris,
1160 3182 1219 3264 qui
1230 3181 1336 3263 ipsum
1349 3177 1467 3244 intumi
1474 3193 1535 3258 pot·

436 3304 555 3348 samos.
586 3285 817 3351 Verumtamen
838 3290 872 3352 iu
898 3287 999 3350 aeteri
1023 3285 1294 3366 interpretatione
1313 3284 1464 3347 additur:
1485 3275 1536 3341 tlt

440 3389 542 3452 rabilo
567 3398 670 3469 caput
686 3393 718 3453 iu
732 3391 834 3454 oculis
856 3381 990 3464 nostris,
1002 3386 1247 3468 palparemus
1268 3404 1337 3448 eum
1355 3386 1456 3449 cidere
1473 3397 1535 3440 ocu·

438 3487 480 3551 lie
500 3489 621 3551 mentis.
645 3488 725 3553 item
748 3491 847 3571 paulo
867 3478 948 3553 aute
962 3508 994 3551 ιι.
1009 3486 1039 3552 8.
1061 3507 1103 3551 ex
1124 3501 1246 3570 graeco
1261 3486 1404 3549 dicitur:
1424 3479 1536 3566 urrisu

437 3588 474 3653 ιἰι
494 3609 686 3672 unaquaque
706 3588 815 3655 animo
828 3600 954 3656 sotum:
977 3590 1031 3655 sed
1053 3591 1085 3652 iu
1106 3591 1209 3675 veteri
1236 3585 1391 3651 versione
1412 3582 1534 3662 legitur:

438 3688 478 3753 iu
498 3709 687 3772 ιιιιαᾳιιαᾳιιι
700 3692 808 3756 animo
825 3694 1009 3774 plantatum
1030 3690 1155 3754 aeriam
1170 3689 1238 3752 oet.
1260 3689 1417 3754 Similiter
1435 3687 1464 3746 iu
1484 3677 1536 3741 To·

439 3809 494 3856 mo
516 3791 601 3857 XiV.
624 3811 655 3855 n.
676 3791 706 3859 t.
730 3794 948 3859 hebraeorum
970 3793 1128 3858 rambula
1145 3793 1239 3867 Aser,
1262 3789 1383 3854 Eloana
1404 3795 1437 3851 et
1453 3780 1536 3861 Abit·

441 3897 520 3977 saph
536 3897 713 3978 explanans
727 3902 821 3960 vetus
838 3895 1012 3978 interpres,
1024 3894 1123 3959 latine
1136 3895 1224 3968 dicit,
1237 3891 1386 3969 madido,
1401 3887 1455 3953 ilei
1465 3897 1536 3946 erto

443 4005 540 4073 tura,
565 3996 765 4078 concrepatio
786 3995 912 4077 petrin
934 4004 967 4061 et
986 3998 1029 4060 ite
1055 3995 1132 4059 alibi
1156 3993 1313 4076 Origenes
1340 3992 1463 4055 casdem
1486 3981 1536 4045 tt'ii

443 4099 596 4178 exposuit
619 4117 723 4164 voces.
741 4098 971 4178 'transcriptor
992 4116 1071 4162 vero
1092 4114 1228 4177 graecus
1249 4094 1359 4170 tradit,
1377 4093 1457 4155 Aser
1468 4083 1536 4146 idest

438 4197 690 4274 autisioderum
708 4199 827 4264 Elcaua
842 4198 959 4281 arisati
979 4197 1118 4299 χΡῑθτῧυ
1133 4195 1287 4279 possessio
1305 4183 1535 4264 coessentia·

442 4301 521 4381 saph
537 4303 593 4381 qui
609 4319 722 4381 graeca
737 4319 817 4365 voce
832 4301 1000 4364 diceretur
1019 4297 1059 4369 ἄν
1074 4291 1196 4400 Πέτρος
1215 4287 1386 4388 συναγωγή
1399 4291 1428 4354 ai
1439 4288 1534 4354 Petri*

442 4403 649 4483 conprepotio.
674 4401 717 4467 Et
729 4403 776 4467 sic
790 4403 822 4464 in
836 4399 1060 4465 additamentis
1070 4399 1267 4465 Glossatoris
1281 4394 1385 4460 Tomo
1399 4386 1477 4459 xlv.
1489 4377 1531 4448 ii·

443 4505 582 4584 legitur:
607 4527 623 4566 ιι
641 4505 825 4586 Propouere
846 4503 919 4584 quis
933 4512 1040 4584 posset
1060 4505 1119 4567 etsi
1134 4501 1302 4577 audacter,
1324 4517 1401 4564 uuna
1420 4485 1531 4571 angel(r
