3375 5567
161 825 197 882 in
214 820 357 895 vixissent,
373 821 550 895 asinorum,
572 826 630 882 aul
644 817 785 881 aliorum
801 815 960 897 ejusmodi
975 834 1115 898 corpore
1134 833 1225 880 amu·

160 940 232 983 uere.
249 919 385 1000 itemque
405 919 576 983 Basilidem
592 917 680 980 addit
700 916 871 996 Origenes,
891 935 932 979 ea
948 917 1135 996 graecanica
1158 917 1228 996 pili·

157 1021 268 1099 isoplia
282 1031 406 1101 putare,
422 1022 542 1082 animas
558 1021 713 1082 humanos
731 1017 862 1080 devolvi
883 1019 915 1078 in
936 1018 1081 1081 ordinem
1097 1017 1226 1080 irralio·

157 1121 248 1183 salian
266 1121 446 1185 brutorum.
469 1117 542 1183 Non
563 1133 642 1198 ergo
662 1116 698 1178 is
727 1135 861 1197 corporo
881 1118 1001 1180 naiso
1021 1117 1227 1182 solummodo

157 1223 347 1300 transmigrare
365 1223 499 1298 animas,
514 1220 569 1284 sed
590 1228 624 1284 ai
637 1221 668 1282 in
686 1229 797 1284 celera
812 1221 997 1282 animantia:
1020 1227 1053 1282 el
1066 1218 1149 1283 istud
1167 1237 1227 1298 pro

156 1319 263 1382 naiiliae
275 1321 474 1396 dirmsilale,
495 1321 616 1401 opinali
629 1327 705 1384 sunl
726 1320 919 1400 philosophi.
935 1317 979 1382 iit
992 1320 1055 1382 iroc
1068 1337 1144 1382 sane
1165 1338 1227 1382 non

156 1417 279 1496 iurarit
298 1419 454 1500 Origenes
465 1440 477 1500 ;
500 1421 700 1501 proindeque
722 1439 796 1483 cum
818 1421 843 1482 is
863 1437 925 1483 non
946 1421 990 1482 ita
1010 1421 1155 1494 sentiret,
1178 1437 1229 1482 cr·

156 1521 216 1581 ravit
232 1517 387 1601 interpres
408 1540 545 1601 graecus
552 1542 565 1601 3
588 1523 643 1600 qui
660 1524 795 1601 genuina
819 1520 971 1584 Auctoris
993 1517 1141 1584 resbais
1159 1538 1230 1582 cor-

153 1619 440 1695 marrimandum
463 1624 633 1686 secundum
655 1630 854 1702 peccatorum
881 1620 1112 1702 differentiam,
1132 1621 1230 1685 aliter

154 1721 259 1782 nautii
277 1719 310 1782 in
330 1739 465 1802 corporo
485 1721 606 1784 carisa
622 1741 682 1802 pro
702 1720 883 1784 diversitate
904 1718 1044 1784 malitiae
1046 1739 1063 1793 ,·
1085 1721 1231 1799 proposi-

156 1819 244 1881 tionem
260 1821 412 1884 nimirum
424 1823 606 1902 generalem
624 1823 818 1887 transferens
832 1823 864 1884 in
879 1822 1124 1902 particularem:
1141 1822 1229 1901 qnod

154 1927 229 1982 lolam
248 1924 405 2000 pervertit
418 1919 706 2004 arg'nmentalionis
727 1925 887 1999 ordinem,
909 1924 1024 2003 reique
1047 1926 1227 1987 veritaleoa.

210 2019 374 2087 Praeterea
398 2023 547 2089 liniiinus
576 2045 618 2089 es
639 2026 704 2087 divi
728 2025 885 2107 llarlyris
905 2024 1038 2097 codice,
1059 2024 1232 2086 ordinatim

152 2129 287 2200 monam
309 2125 495 2205 generalem
519 2125 558 2188 de
573 2126 718 2207 subjecta
740 2128 876 2188 materia
893 2126 1049 2203 exposuit
1070 2124 1233 2187 noliooeoa

148 2217 217 2297 juria
241 2222 510 2304 philosophorum
541 2227 685 2304 somnia;
707 2226 767 2288 ista
789 2224 983 2300 emendans,
1004 2223 1192 2306 exemplum
1214 2241 1233 2286 e

152 2319 296 2401 Scripturis
316 2326 432 2402 sumit,
455 2326 625 2390 mulierem
647 2326 872 2392 chananaeam
896 2325 1078 2390 assimilans
1098 2325 1178 2388 cani.
1191 2327 1235 2389 ir·

152 2423 269 2488 ralionali
283 2427 492 2490 manducanti
513 2428 550 2488 de
570 2425 673 2504 micis,
690 2444 770 2508 quoe
783 2428 904 2488 cadunt
923 2427 961 2488 dc
973 2443 1079 2488 menso
1093 2424 1236 2488 domino·

150 2541 200 2586 ren
211 2544 357 2590 sumum:
382 2544 469 2609 quae
486 2545 644 2592 conversa
660 2530 702 2591 ob
724 2527 817 2591 iidem
834 2545 927 2591 snam
949 2529 1120 2601 sinceram,
1138 2528 1235 2590 ratio·

149 2623 205 2686 ulis
222 2628 330 2691 erasit.
355 2625 451 2702 Quae
472 2629 576 2690 omnia
609 2629 770 2708 sapienter
790 2628 1014 2710 etperspicue
1035 2626 1236 2706 elongare

149 2741 270 2803 expensa,
293 2728 471 2792 fidelilera
490 2747 516 2791 s.
531 2726 678 2811 Marlpre
696 2731 792 2792 citala
813 2730 846 2791 in
868 2727 1093 2808 Apologelico,
1110 2728 1238 2792 eadem·

149 2841 194 2900 que
211 2831 438 2909 perspicuitate
453 2836 486 2892 el
505 2832 725 2893 convenientia
745 2829 843 2892 ialine
860 2848 950 2892 versa
967 2849 985 2891 a
1001 2829 1143 2906 Rufino,
1158 2831 1237 2892 haec

149 2928 241 3001 omma,
262 2931 411 3010 iuquam,
434 2929 593 2992 obeliero
615 2930 724 3009 ignoto
746 2928 1004 3011 Transcriptore,
1020 2929 1130 2992 moitis
1150 2929 1238 3010 adje-

147 3028 200 3101 ctis,
212 3029 250 3090 ita
265 3031 404 3094 conlnsa
426 3038 513 3105 sunl,
534 3039 570 3093 nt
594 3031 646 3094 vix
667 3033 763 3106 scias,
778 3032 943 3112 quomodo
963 3032 1026 3094 sini
1045 3031 1130 3094 inter
1149 3048 1185 3092 se
1204 3038 1238 3092 ct

148 3137 311 3203 annuento
335 3129 508 3210 principali
528 3131 757 3193 connectenda,

206 3229 283 3295 Cum
305 3229 438 3291 inierim
460 3249 501 3291 ex
523 3230 572 3292 his
587 3237 710 3293 constet
734 3232 872 3294 varietas
893 3237 1000 3294 textus
1021 3231 1127 3310 graeci
1150 3230 1238 3291 citati

147 3341 195 3387 as.
213 3327 396 3410 Pamphilo,
420 3329 608 3405 obeliero,
631 3349 728 3411 quern
756 3333 886 3394 tradidit
916 3331 1128 3415 Anonymus,
1149 3348 1238 3393 cnm·

146 3443 192 3502 qne
203 3429 330 3510 insuper
346 3449 392 3492 ex
407 3429 546 3493 dictione
567 3431 685 3495 codicis
700 3452 725 3496 s.
743 3431 912 3517 Martyria,
929 3433 1028 3510 magis
1049 3438 1157 3511 puteal
1170 3448 1240 3492 sen·

146 3543 186 3588 sus
202 3532 421 3594 convenientia
432 3552 444 3610 3
467 3537 590 3595 cernito
604 3543 726 3612 quanto
744 3534 822 3614 jure
844 3552 901 3595 oos
921 3534 1058 3597 dicimus
1080 3533 1239 3615 Anonymi

147 3635 247 3692 textum
279 3633 371 3696 hand
406 3633 574 3712 praeferre
594 3635 760 3715 originalis
786 3634 982 3713 exemplaris
1014 3642 1161 3709 tesseras,
1184 3633 1239 3696 sed

146 3733 230 3806 potins
249 3736 375 3814 glossas
398 3753 458 3815 pro
478 3735 586 3798 lubitu
607 3737 648 3797 ab
670 3737 759 3816 ipso,
794 3735 976 3798 adamantii
998 3733 1239 3798 Commentario

146 3844 304 3916 consertas3
329 3838 472 3916 ideoque
493 3855 555 3898 non
588 3856 656 3900 esse
678 3838 726 3900 uli
747 3839 863 3900 mentis
882 3835 1031 3916 Origenis
1060 3837 1242 3914 expressio·

146 3945 212 4011 nem,
227 3938 439 4018 acceplanda,
455 3957 539 4018 quae
555 3942 585 4002 in
600 3939 699 4002 cilalo
710 3939 895 4002 leslimonio
910 3938 1075 4018 legunlur.
1089 3936 1158 4000 Noc
1175 3955 1242 3999 anr-

147 4032 211 4106 pilns
229 4047 343 4101 conlra
365 4057 425 4112 ea,
448 4057 533 4118 quae
554 4039 695 4101 diximus
716 4056 754 4102 ee
775 4045 885 4116 postea
906 4037 1066 4110 dicemus,
1083 4037 1241 4116 suspicari

148 4135 203 4210 luis
221 4141 356 4218 poterit,
378 4158 455 4204 curn
476 4159 501 4203 s.
519 4139 707 4220 Pamphilus
722 4140 753 4202 in
771 4139 941 4219 Apologia,
958 4137 1151 4217 Origeniaua
1165 4136 1242 4216 dog·

150 4246 215 4300 nala
228 4241 267 4303 ab
288 4243 436 4306 hostium
457 4259 593 4306 suornm
609 4241 727 4322 iniuria
754 4241 941 4315 vindicaret,
964 4238 1122 4319 quaedam
1138 4239 1242 4316 ipsum

150 4347 288 4419 nutasse,
310 4348 372 4404 aul
394 4341 600 4416 emendasse,
626 4342 677 4404 rel
699 4343 842 4406 omisisse
863 4341 1069 4406 inductoria
1093 4337 1240 4419 gratiani.

150 4431 243 4518 quue
256 4444 358 4523 magis
375 4442 405 4504 id
417 4459 481 4505 non
498 4442 868 4507 videturadmiltendnrn
884 4445 917 4506 io
928 4462 954 4506 s.
968 4442 1127 4526 Martyre,
1141 4457 1244 4519 quum

150 4535 274 4621 trojam
294 4543 338 4607 ao
361 4541 566 4624 apologetici
588 4544 677 4608 initio
700 4543 806 4620 (haud
821 4545 948 4608 nescius
969 4551 1080 4608 contra
1102 4555 1184 4622 quos
1204 4539 1245 4600 si·
