3375 5567
440 801 623 864 xistentiam
645 799 793 880 corporis
813 798 984 875 creationi,
1008 801 1057 864 uti
1076 799 1227 880 superius
1247 798 1288 862 dc
1309 799 1412 866 anima
1430 798 1538 865 Christi

440 901 635 980 notavimus.

520 1001 556 1064 ln
576 1001 627 1067 bis
647 1019 747 1083 porro
766 1002 1035 1083 imputationibus
1054 1009 1167 1070 eontra
1189 1001 1363 1083 Origencm
1384 1002 1538 1082 congestis,

442 1106 560 1168 mirum
581 1121 658 1168 sane
677 1104 759 1168 illud
782 1113 842 1182 est,
865 1105 953 1186 qnod
974 1107 1015 1168 ab
1037 1105 1109 1170 uois
1131 1111 1284 1186 tanquam
1307 1123 1366 1187 per
1387 1105 1538 1168 traducem

438 1206 577 1268 animam
592 1205 723 1286 corpori
744 1207 886 1269 bumaoo
900 1207 1145 1282 communicari,
1168 1207 1208 1269 ab
1227 1206 1339 1270 alteria
1359 1207 1457 1287 ipsam
1471 1205 1538 1268 olim

441 1325 460 1370 a
482 1303 551 1369 lleo
571 1314 728 1382 creatam,
749 1323 788 1370 ac
809 1314 918 1386 postea
935 1313 1082 1386 tempore
1102 1319 1288 1388 opportuno
1308 1307 1494 1387 corporibus
1506 1305 1540 1367 ab

440 1408 511 1488 ipso
521 1405 590 1471 lieo
601 1408 711 1482 inseri,
727 1407 878 1470 eumdem
894 1407 1042 1472 docuisse
1055 1418 1231 1472 asseratur.
1248 1406 1397 1488 Quisque
1417 1424 1540 1487 namque

440 1510 532 1574 norit
550 1509 724 1573 secundam
745 1510 930 1590 opinionem
956 1511 1134 1574 excludere
1155 1512 1292 1591 primam
1303 1531 1316 1590 3
1338 1510 1474 1589 ideoque
1492 1515 1540 1570 ant

440 1611 601 1673 incertum
617 1609 806 1690 inutraque
825 1629 861 1674 se
877 1611 985 1692 pessit,
1002 1611 1152 1691 ignorans
1169 1612 1299 1675 cuinam
1321 1611 1480 1684 haereret,
1492 1613 1542 1670 aut

440 1726 539 1773 unam
564 1710 756 1791 acceptarit,
771 1710 877 1774 altera
900 1713 1051 1792 seposita.
1070 1712 1207 1792 losuper
1229 1729 1305 1776 cum
1330 1711 1541 1790 incorpoream

394 1811 611 1894 'sementiam
634 1811 721 1875 dicat
744 1831 814 1876 esse
842 1812 980 1876 animam
992 1832 1004 1892 3
1031 1831 1159 1878 neooese
1184 1814 1356 1894 sequitur,
1382 1811 1541 1891 Origencm

439 1900 533 1978 'netes
554 1920 734 1994 reputasse,
748 1913 887 1976 animam
910 1915 992 1977 banc
1013 1932 1077 1978 une
1098 1932 1173 1979 cum
1199 1933 1338 1994 corpore
1359 1915 1444 1996 gigni
1464 1913 1493 1974 in
1510 1911 1543 1974 si·

442 2033 487 2079 nn
509 2017 621 2080 matris
641 2033 680 2080 ae
700 2015 922 2079 membrorum
938 2015 1208 2093 coniormatione,
1229 2024 1262 2078 et
1280 2015 1430 2097 eiusdem
1444 2029 1543 2092 corpo·

443 2135 519 2181 reae
540 2126 677 2182 naturae
704 2125 829 2197 partem
851 2119 1049 2182 constituere
1061 2139 1075 2199 3
1097 2121 1156 2183 nisi
1178 2120 1209 2182 in
1231 2117 1419 2198 antilogium
1448 2117 1544 2196 lapsus

443 2228 599 2300 putetur,
621 2237 707 2283 nunc
728 2236 944 2300 corpoream,
967 2221 1063 2285 modo
1083 2223 1309 2303 incorpoream
1328 2221 1468 2285 animam
1487 2215 1545 2280 exi·

444 2322 590 2387 stimans.

523 2422 652 2488 interea
671 2425 937 2492 adversariorum
952 2433 1146 2509 argumenta
1167 2425 1341 2490 ordinatim
1356 2430 1544 2494 scrutemur,

444 2534 483 2591 xt
492 2526 688 2606 quandoque
700 2527 842 2608 patefiat,
855 2524 1083 2592 adamantium
1102 2545 1178 2592 rere
1188 2529 1327 2592 animam
1335 2527 1471 2590 sensisse
1482 2534 1545 2587 tnnc

444 2629 587 2708 primum
606 2627 708 2691 allen
730 2629 848 2708 (neque
865 2649 943 2694 vero
963 2629 1196 2712 aparentibus)
1219 2631 1324 2694 creari
1347 2647 1422 2692 eum
1438 2639 1544 2705 eorpna

445 2731 550 2811 ipsum
572 2731 658 2808 (nou
679 2735 789 2792 autem
809 2732 902 2808 olim,
924 2749 982 2796 seu
1004 2738 1178 2812 antequam
1200 2748 1320 2811 corpus
1341 2730 1446 2806 esset)
1466 2743 1545 2808 orga‘

443 2832 492 2894 nis
512 2832 709 2895 instructum
730 2830 829 2894 inerit
850 2834 882 2894 in
903 2833 978 2896 also
1002 2839 1158 2896 materno.
1174 2830 1246 2896 lam
1266 2838 1378 2911 patent
1399 2849 1483 2912 quae
1500 2847 1545 2892 au·

446 2950 504 3014 pra
525 2931 567 2995 de
586 2933 692 2994 anima
714 2931 833 2996 Christi
855 2933 1078 3014 expendimus.
1104 2932 1139 2996 ln
1161 2933 1321 3014 praesenti
1337 2950 1397 3011 pro
1418 2943 1546 3012 utraque

443 3035 633 3116 quaestione
647 3035 861 3113 investigetur
874 3035 962 3114 qnod
978 3036 1092 3099 scribit
1106 3033 1143 3097 in
1155 3032 1308 3098 loannem
1323 3032 1425 3098 Tomo
1441 3029 1542 3098 XM.

443 3135 578 3199 ubisit:
599 3133 630 3198 aa'
649 3132 713 3214 ptis·
734 3134 878 3197 Abrnlaue
892 3135 980 3208 estis,
1001 3154 1096 3216 opero
1113 3135 1255 3199 Abrabae
1274 3134 1386 3216 sorite,
1400 3137 1452 3200 cui
1474 3133 1547 3198 testi·

445 3237 554 3300 monio
574 3236 743 3300 conterens
764 3236 966 3315 praeiatnma
990 3235 1065 3299 aeui
1084 3236 1167 3318 pund
1188 3235 1332 3300 Abrabae
1350 3255 1454 3299 acmen
1473 3233 1545 3298 estis:

447 3357 464 3394 e
485 3334 517 3399 st
531 3336 586 3400 bic
607 3343 728 3410 textus,
750 3338 867 3416 inquit,
890 3336 1107 3417 corporaliter
1122 3336 1444 3416 comprehendendus
1462 3340 1544 3404 essct,

445 3437 528 3501 illud
550 3439 680 3500 omnino
704 3438 872 3502 videretur
890 3439 996 3518 sequi,
1021 3445 1057 3499 nt
1078 3437 1124 3513 bi,
1147 3437 1266 3519 quibus
1288 3437 1484 3518 loquebatur
1501 3431 1546 3498 lc

446 3557 515 3621 aas,
537 3547 641 3602 essent
662 3540 757 3602 etiarn
780 3539 837 3600 lilii
861 3538 1034 3618 Abrabac3
1058 3557 1208 3602 concesso
1230 3539 1317 3619 quod
1338 3556 1448 3602 semen
1466 3539 1503 3601 sit
1520 3551 1547 3596 e-

448 3640 525 3704 tiam
546 3640 645 3716 tilius,
660 3646 693 3702 et
707 3657 771 3702 nou
792 3641 869 3703 dato
896 3637 992 3722 juxta
1013 3647 1202 3704 accuratam
1222 3638 1474 3720 intelligentiam.
1495 3633 1545 3701 Set

446 3741 599 3823 qnoniam
624 3760 667 3804 cx
691 3739 838 3804 moribus
857 3748 890 3804 et
921 3741 1074 3820 operibns
1091 3739 1283 3822 indicantur
1303 3739 1362 3803 tilii
1391 3740 1545 3810 Abrabae,

450 3843 522 3907 ride
549 3859 589 3905 ue
610 3842 695 3905 iorte
721 3840 905 3922 designandi
926 3844 1009 3918 sint,
1031 3843 1099 3923 qui·
1117 3850 1194 3908 snnt
1211 3859 1320 3906 semen
1350 3843 1494 3907 abranae
1512 3856 1548 3900 ex

449 3942 631 4008 rationibus
651 3941 845 4020 quibasdam
867 3942 1087 4018 seminalibus,
1109 3961 1195 4024 qnae
1216 3943 1418 4020 inseruntur,
1448 3950 1480 4006 nt
1496 3955 1546 4020 pn-

447 4053 496 4120 to,
509 4043 703 4125 quibusdam
723 4044 902 4108 animabus.
926 4042 968 4108 Et
988 4045 1095 4120 aienti,
1118 4043 1206 4126 quod
1228 4045 1269 4107 ad
1290 4063 1412 4126 corpus
1431 4043 1542 4112 attinet,

448 4165 512 4212 nen
532 4164 643 4211 omnes
663 4147 808 4210 bominca
827 4153 904 4210 sunt
917 4163 1026 4210 semen
1048 4147 1215 4224 abranae,
1228 4149 1273 4210 sie
1291 4147 1389 4230 iuxta
1410 4165 1460 4222 ea,
1474 4158 1544 4226 qnae

449 4249 546 4314 inodo
566 4248 785 4328 explicuimus
805 4247 846 4310 de
868 4247 928 4325 bis,
943 4245 1003 4328 psai
1019 4258 1097 4311 suast
1115 4267 1218 4313 remeas
1244 4247 1410 4324 Abrabae,
1432 4242 1546 4310 manile

449 4358 536 4414 stum
560 4355 623 4422 est,
638 4349 792 4428 qnoniam
814 4365 877 4413 non
902 4367 1013 4415 omnes
1034 4349 1178 4414 bominea
1202 4349 1404 4414 advenerunt
1423 4348 1461 4410 ad
1475 4346 1543 4407 bruc

450 4449 624 4518 bumaaam
646 4449 746 4514 ritem
766 4467 841 4513 eum
865 4451 1042 4516 rationibus
1057 4452 1187 4516 omuino
1207 4451 1414 4516 seminalibus
1427 4449 1544 4512 tttornn

449 4551 618 4618 animabus
632 4551 770 4616 insertis.
785 4547 937 4627 Quorum
952 4561 1209 4621 crastinantem
1224 4561 1358 4637 propter
1377 4565 1480 4631 magas
1496 4545 1542 4626 is·
