3375 5567
424 766 506 845 ipre,
522 763 615 827 nteit
629 764 820 845 Aportnino,
836 764 998 829 nmciebet
1014 765 1092 845 quid
1105 772 1232 847 egeret:
1247 760 1424 847 quodecim
1435 778 1546 845 opem

423 883 489 927 eon
508 862 664 945 ietette'por
687 866 888 946 proindeque
911 868 977 946 ipse
998 886 1077 929 οπο
1096 867 1211 929 eodem
1232 867 1422 945 rependitur
1442 866 1543 936 doio,

423 982 493 1044 qno
513 966 593 1029 otim
615 984 672 1029 nee
688 967 780 1030 estin
796 966 933 1030 hominis
953 966 1116 1029 interioris
1137 967 1283 1030 exitium.
1309 962 1542 1031 Verumtamen

423 1066 541 1127 nonin
563 1066 680 1129 mntem
701 1067 756 1129 red
779 1068 810 1128 in
831 1068 947 1129 bonnm
969 1074 1095 1146 purtem
1117 1065 1205 1130 [teus
1225 1068 1257 1129 in
1278 1069 1465 1131 oeconomia
1492 1085 1546 1129 eu·

424 1172 554 1244 sceptro
574 1164 680 1228 cnrnie
701 1164 778 1228 dolo
800 1183 879 1229 neue
898 1175 970 1242 est,
992 1175 1026 1228 et
1045 1167 1142 1229 etiter
1161 1167 1203 1228 eii
1223 1185 1285 1246 eo,
1307 1185 1375 1247 qno
1396 1184 1476 1229 nsns
1497 1175 1546 1228 est

424 1264 581 1344 deceptor
601 1266 633 1326 in
652 1264 765 1327 eedem
786 1282 885 1328 cerne
904 1265 944 1327 ed
967 1267 1246 1345 protoplastorum
1276 1268 1421 1330 enimnm
1449 1266 1545 1328 eedn·

424 1366 566 1428 cendum
593 1364 625 1426 in
655 1368 820 1445 propriam
838 1344 975 1429 'ruinam
997 1376 1030 1430 et
1050 1367 1228 1431 interitum.
1253 1363 1397 1441 Quorum
1422 1363 1545 1427 ermino

427 1484 541 1545 nempe
562 1466 628 1528 doti
649 1468 804 1546 originem
825 1469 892 1547 ipse
914 1486 1051 1530 oerore
1072 1465 1204 1548 proprio
1222 1464 1357 1531 arbitrio
1376 1466 1497 1549 jerunt
1516 1468 1546 1527 in

428 1566 565 1628 hominio
585 1567 747 1630 interioris
768 1567 999 1631 reductionem.
1017 1567 1110 1644 Quen
1129 1569 1239 1641 verbe,
1254 1568 1459 1632 menitestum
1481 1576 1545 1639 eet,

425 1666 468 1727 ed
489 1665 661 1730 doemones
682 1668 811 1731 minime
833 1668 1002 1733 reterendn
1022 1678 1116 1743 snnt,
1140 1670 1196 1731 sed
1217 1669 1257 1731 ed
1280 1670 1464 1742 hominem,
1487 1668 1544 1746 qni

427 1766 531 1829 iibere
551 1768 687 1831 erbitrio
709 1768 888 1846 preeditns,
911 1770 1055 1850 dotoqne
1074 1772 1181 1833 cernie
1201 1770 1377 1849 deceptus,
1399 1769 1545 1831 divinum

426 1868 612 1932 mundatum
635 1878 853 1950 trenspreeene
866 1872 967 1936 ested
986 1890 1083 1936 sunm
1105 1872 1343 1951 universaeque
1365 1869 1547 1933 humenite·

428 1968 468 2029 tis
488 1967 636 2031 exitium.
659 1967 756 2044 Quod
778 1970 878 2050 mngis
897 1972 1060 2035 coustnbit
1079 1970 1361 2049 exsequentibus.

510 2067 606 2141 Num,
621 2070 731 2133 subdit
745 2068 924 2152 Nyeeenns,
944 2070 1011 2152 iper
1030 2088 1152 2153 petoque
1168 2070 1334 2150 deceptor,
1349 2087 1465 2149 nempe
1476 2085 1547 2148 pec·

426 2169 491 2231 ceti
512 2187 590 2232 cero
609 2167 767 2249 decipitur
786 2170 904 2252 adjecto
922 2171 1060 2234 Mmiois
1081 2171 1202 2251 epecie,
1222 2187 1337 2251 nempe
1358 2169 1481 2236 Christi
1506 2168 1547 2232 ob

422 2270 569 2333 eumdem
591 2279 741 2334 neturem
763 2273 911 2346 hominis,
932 2292 1031 2353 quem
1051 2274 1246 2351 assumpsit,
1271 2271 1373 2335 vetuti
1394 2270 1520 2336 diceret
1532 2288 1544 2346 3

429 2368 573 2435 Verbum
596 2370 653 2435 Dei
675 2374 751 2438 dolo
772 2374 979 2440 humanitatis
999 2376 1171 2439 exterioris
1191 2374 1319 2454 decepit
1340 2390 1475 2437 cernem
1502 2373 1546 2435 ni·

428 2473 547 2537 mirum
575 2475 745 2549 eumdem,
769 2484 882 2556 utpote
906 2478 1071 2540 inimicum
1091 2484 1126 2540 et
1144 2476 1350 2540 seductorem
1372 2482 1546 2545 nostrum,

424 2572 487 2654 qui
505 2584 599 2639 anteo
617 2593 686 2639 eece
705 2577 874 2657 eotcptotir
894 2575 1049 2641 domim
1077 2578 1264 2641 interiorem
1294 2574 1464 2653 deceperat
1487 2570 1547 2635 Eu

426 2694 500 2739 rom
519 2686 635 2748 cutem,
656 2676 759 2753 eddit,
778 2695 860 2758 puer
878 2679 976 2758 liunt,
988 2694 1101 2758 scopere
1121 2675 1326 2739 mutationem
1339 2672 1429 2739 ieter
1441 2674 1486 2736 ud
1499 2670 1546 2743 it,

425 2778 514 2858 pund
532 2776 644 2839 metius
662 2787 716 2841 eet.
739 2776 821 2843 Num
842 2777 904 2840 itte
922 2777 1061 2860 quidem,
1082 2778 1164 2841 idest
1183 2794 1276 2849 cero,
1294 2774 1442 2856 {mucre
1457 2771 1546 2837 cdlii·

427 2876 767 2960 diritedperimendom
781 2889 943 2943 notorum.
954 2878 1143 2955 Hicuctenr,
1159 2872 1550 2958 commendamentum

429 2988 459 3043 et
472 2979 596 3061 justice,
612 2991 641 3043 et
658 2981 774 3056 duone,
786 2992 815 3045 et
826 2978 954 3061 sopiens
965 2980 1224 3061 προνοησομένου
1240 2997 1282 3041 ec
1297 2976 1444 3051 consitio,
1458 2973 1547 3041 oddi-

422 3079 496 3147 dtrit
515 3080 724 3161 deceptionem
743 3084 775 3145 in
796 3083 909 3145 endem
929 3091 1092 3161 assumpte
1113 3097 1212 3144 cerne
1231 3080 1275 3142 nd
1297 3079 1429 3145 coicum
1457 3078 1546 3159 dns,

430 3178 489 3261 qui
504 3180 660 3261 μήπου
673 3201 730 3262 per
749 3184 844 3258 icoc,
868 3182 966 3263 nnjns
985 3198 1101 3261 nempe
1119 3180 1232 3243 dotum
1253 3179 1445 3253 seintnrem,
1463 3178 1546 3239 dese·

428 3280 501 3361 ficio
520 3280 659 3363 officiens
678 3300 742 3345 eoo
760 3283 863 3345 sotum
881 3298 951 3343 rem
972 3281 1132 3343 nominem
1155 3280 1354 3355 interiorem,
1371 3280 1428 3359 qni
1450 3274 1547 3357 peric·

427 3390 494 3452 rot,
514 3383 569 3443 sed
587 3378 681 3444 ittam
700 3400 821 3464 quoque
835 3399 949 3462 nempe
965 3379 1112 3443 enmdem
1127 3380 1249 3459 pecceti
1263 3396 1407 3449 cernere,
1421 3377 1480 3459 pei
1493 3395 1545 3437 eo

429 3478 476 3542 die
497 3480 653 3545 interierat
671 3480 835 3543 interitum
845 3525 858 3556 ,
878 3479 1097 3543 convertendo
1116 3479 1239 3542 scilicet
1266 3496 1326 3558 per
1352 3486 1491 3541 mortem
1513 3482 1545 3536 et

433 3584 704 3646 resurrectionem
729 3600 821 3645 onem
845 3591 987 3644 veterem
1012 3579 1172 3641 hominem
1183 3621 1196 3652 ,
1217 3580 1273 3657 qni
1296 3580 1545 3658 corrumpitur,

431 3684 463 3746 in
484 3699 604 3747 norum
626 3685 799 3759 hominem,
823 3684 881 3763 qni
900 3682 1080 3745 secundnm
1104 3677 1208 3742 Deum
1229 3687 1361 3742 erentes
1381 3688 1431 3741 est
1445 3680 1478 3739 in
1496 3676 1547 3757 in·

431 3785 516 3847 etitie
539 3795 572 3848 et
592 3789 762 3849 rnnctitnte
786 3785 940 3847 veritntir.

510 3884 552 3951 Et
567 3904 681 3949 revere
698 3884 863 3972 Nyesenns
884 3886 947 3948 hoc
961 3885 1023 3947 snb
1044 3884 1165 3947 intuitu
1182 3898 1318 3963 pergens
1331 3879 1456 3943 scribit:
1469 3875 1548 3941 Nom

432 4008 473 4051 eo·
491 4008 525 4053 eo
543 3988 628 4070 quiid
639 3986 720 4051 vitoe
732 3987 857 4069 quidem
872 4003 954 4049 mors
973 3980 1255 4065 appropinquavit,
1268 3999 1347 4045 οπο
1359 3980 1484 4043 scilicet
1497 3994 1548 4038 re·

432 4092 510 4155 terie
533 4089 668 4153 hominis
690 4086 747 4151 Dei
770 4085 878 4151 Verbo
899 4086 1172 4167 appropinquarit
1190 4087 1288 4162 eique
1309 4082 1467 4145 eseocinte
1488 4084 1546 4147 est,

427 4203 458 4255 et
478 4190 545 4255 ioci
564 4189 716 4261 tenebrae,
738 4199 767 4251 rt
776 4186 927 4257 deteritur
945 4183 1196 4265 incorreptiooi3
1221 4184 1344 4244 detetur
1364 4181 1491 4261 peridem
1502 4175 1548 4247 s'd,

430 4293 516 4373 quod
534 4301 579 4354 eet
599 4288 747 4361 deterius,
765 4306 878 4369 nempe
898 4288 1068 4366 corruptio
1082 4286 1201 4358 cernis,
1225 4292 1319 4347 eetns
1340 4283 1452 4351 homo,
1467 4294 1543 4343 cero

433 4394 567 4476 pecceti,
581 4400 693 4473 utpote
706 4390 926 4461 ediceremus,
942 4386 1111 4465 deceptor,
1125 4385 1227 4449 hostis
1247 4382 1384 4445 nominis
1397 4380 1547 4461 spirituu-

432 4498 484 4575 iis,
498 4506 527 4559 et
546 4494 589 4559 ud
602 4494 649 4572 id,
667 4492 753 4577 pund
768 4490 955 4569 concoctio
970 4485 1182 4565 transducet
1194 4484 1318 4551 utiliter
1337 4486 1374 4570 fit
1390 4478 1489 4567 etqui
1508 4477 1546 4543 od
