3375 5567
444 790 534 847 ccret
547 781 723 863 ,Origene
745 784 903 864 quosdam
924 784 1111 866 exspectati
1134 782 1192 848 Dei
1213 785 1312 860 dono.
1335 784 1429 866 plura
1446 801 1462 848 a
1479 781 1530 848 iia·
1599 853 1600 860 χ

383 873 387 881 ’
443 885 529 947 miuo
543 886 703 965 accepisse
725 887 1020 965 comprehensionis
1039 903 1186 961 munera,
1209 902 1307 968 quam
1323 888 1434 966 ceteri3
1452 902 1531 962 aaa.
1599 905 1600 910 ¹

443 985 500 1050 iiiii
521 983 624 1052 iarael
644 989 748 1051 reiate
767 988 808 1050 ad
829 995 955 1052 ceteras
976 997 1102 1068 geutesr
1125 991 1276 1071 quamvis
1297 998 1403 1052 tamen
1423 987 1533 1070 ipsids·

442 1105 600 1168 generare
613 1091 780 1170 potuerint
792 1108 855 1154 nou
870 1091 1055 1154 excolentes
1069 1090 1255 1173 hujusmodi
1274 1091 1444 1154 seminales
1456 1091 1535 1152 ratio·
1599 1079 1600 1120 ³

393 1238 407 1246 ,
443 1207 519 1267 nes,
540 1192 708 1255 animabus
728 1193 795 1255 sois
816 1193 971 1268 insertas,
995 1193 1077 1256 idest
1103 1211 1163 1256 nec
1184 1211 1282 1274 opera
1305 1210 1366 1256 ooo
1386 1191 1474 1254 iidem
1493 1208 1536 1270 us·
1599 1201 1600 1226 ¹

441 1298 531 1354 trum
551 1309 688 1356 suorum
708 1302 885 1356 servantes.
909 1293 950 1358 Et
971 1295 1013 1358 ub
1035 1295 1095 1358 boo
1117 1295 1216 1376 puoto
1237 1303 1310 1374 post
1330 1313 1362 1357 n.
1384 1291 1415 1358 3.
1437 1293 1536 1358 senius

443 1394 630 1472 corporalia
652 1394 822 1458 conterens
842 1396 1017 1460 seminibus
1039 1396 1263 1471 rationalibus,
1285 1397 1345 1458 ists
1371 1403 1538 1458 vocaturo·
1599 1467 1600 1472 ἵ

445 1493 561 1575 §unico
579 1505 608 1558 rt
627 1495 760 1576 mystico
779 1498 924 1570 arrnirao,¹
949 1501 1091 1580 satisque
1120 1499 1224 1580 prima
1245 1516 1263 1562 a
1283 1501 1434 1564 secundia
1453 1501 1483 1563 in
1501 1514 1540 1558 re·
1599 1553 1600 1558 ,

445 1598 568 1662 latione
580 1600 730 1661 secernit.
743 1597 785 1662 Et
798 1601 845 1663 sic
865 1600 938 1664 inde
949 1601 989 1664 de
1004 1600 1191 1664 Abrabamo
1206 1601 1364 1664 disserens
1385 1603 1441 1662 ait.
1458 1595 1539 1674 «Qut

446 1699 578 1782 quidem
595 1700 762 1782 justornm
782 1703 927 1766 omnium
949 1721 983 1766 sc
1005 1703 1280 1784 praecedentium,
1303 1703 1445 1765 rationes
1466 1697 1543 1764 semi·
1599 1697 1600 1754 ξ

446 1800 549 1876 nabes,
571 1819 652 1882 quas
666 1802 698 1864 iu
711 1803 817 1882 seipso
838 1801 988 1878 babebat,
1005 1821 1080 1866 cum
1102 1805 1311 1878 excoluisset,
1328 1803 1378 1865 bis
1391 1803 1485 1864 etiam
1497 1799 1540 1861 sd·
1599 1853 1600 1862 ,

444 1901 526 1964 didit
545 1912 688 1966 sanctam
717 1922 809 1967 snam
831 1905 1049 1985 qualitatem3
1071 1923 1186 1984 nempe
1206 1923 1296 1981 eum,
1319 1923 1406 1984 quac
1433 1909 1501 1967 erat
1515 1901 1541 1962 io

446 2006 582 2085 proprio
595 2008 729 2086 semiue3
742 2006 838 2088 cujus
859 2009 1031 2088 participes
1044 2025 1113 2070 esse
1136 2017 1280 2088 possunt,
1297 2010 1353 2088 qui
1366 2015 1438 2086 post
1453 2007 1541 2084 inaure
1599 2019 1600 2026 ¹

446 2114 645 2171 vocarentur
667 2126 776 2172 semen
798 2107 961 2171 Abrabae.
991 2109 1034 2172 At
1060 2128 1138 2172 reru
1159 2108 1279 2172 Arnum
1300 2109 1464 2172 minimam
1488 2105 1541 2169 sni·
1599 2139 1600 2144 κ

445 2210 545 2288 psius,
568 2217 845 2291 paternorumque
866 2211 897 2272 in
911 2211 1016 2290 seipso
1035 2213 1195 2274 seminum
1209 2229 1322 2274 curam
1346 2209 1493 2274 babuisse
1507 2207 1545 2270 ri·

445 2308 553 2372 datur.
576 2328 594 2366 s
616 2307 783 2389 liquibus
805 2310 905 2388 megia
932 2311 1039 2375 aditus
1060 2321 1149 2393 patet
1168 2329 1206 2376 aa
1232 2312 1456 2392 intelligendi,
1476 2326 1547 2393 quaa

446 2427 548 2491 upra
568 2410 652 2474 dixit
671 2410 840 2492 Origenes.

526 2510 589 2578 Sed
610 2519 644 2576 et
663 2514 712 2576 bis
726 2514 937 2595 adjicientur,
959 2531 1043 2596 qnae
1058 2518 1091 2579 in
1112 2533 1142 2576 n.
1158 2513 1188 2580 5.
1204 2515 1245 2579 de
1259 2515 1373 2579 eodem
1389 2528 1547 2594 argumeu

448 2620 483 2678 to
501 2612 620 2678 doceto
643 2634 660 2674 r
683 2612 770 2690 Quin
791 2617 887 2679 etiam
909 2616 1080 2692 addemus,
1100 2616 1201 2696 quod,
1219 2625 1256 2679 ut
1276 2617 1307 2678 iu
1329 2618 1427 2680 rebus
1448 2631 1549 2694 corpa-

448 2713 573 2779 ralibus
587 2730 690 2780 uuum
710 2717 873 2780 interdum
888 2737 996 2780 semen
1015 2719 1146 2798 operari
1162 2719 1283 2792 radens,
1307 2719 1408 2797 magis
1422 2715 1550 2797 proiicit,

447 2828 546 2896 quam
566 2817 670 2882 multa
697 2821 838 2882 seminar
868 2820 914 2882 sio
934 2837 1068 2883 cernere
1090 2821 1188 2882 etiem
1218 2819 1316 2881 liccat
1335 2819 1368 2881 iu
1388 2818 1549 2882 seminibus

448 2919 662 3000 spiritalibus.
685 2939 702 2977 a
725 2918 768 2983 Et
788 2923 899 3001 paucis
920 2922 1096 3003 interjectis
1117 2922 1289 3003 sequitnrr
1308 2941 1325 2980 a
1341 2918 1488 2982 dttsmeu
1502 2933 1551 2980 aar

449 3038 525 3085 oum
538 3021 698 3084 similibus
712 3021 892 3102 iisdemque
904 3024 1080 3086 seminibus
1092 3025 1239 3086 venimus
1254 3039 1377 3100 omncs3
1394 3040 1451 3086 neo
1464 3021 1551 3084 ctiam

451 3139 575 3185 vacuus
588 3122 789 3186 salutaribus
804 3133 838 3185 ct
857 3123 974 3186 sanctis
994 3124 1169 3188 seminibus
1185 3127 1272 3187 venit
1292 3125 1474 3205 qnisquam.
1494 3119 1554 3186 itai

450 3222 794 3304 mensoremque
811 3243 868 3288 uos
887 3225 1028 3300 reialtat,
1046 3226 1241 3306 praesidium
1257 3223 1355 3288 alico
1377 3227 1554 3304 provesiens

451 3324 571 3390 ducens
586 3327 623 3389 in¹
634 3327 790 3399 medium,
806 3326 893 3407 quod
908 3345 947 3390 ne
961 3326 1003 3390 de
1017 3327 1161 3408 pessimis
1178 3326 1309 3407 quidem
1330 3327 1488 3408 desperat,
1503 3323 1553 3404 qni

451 3426 553 3491 uultis
571 3428 746 3490 seminibus
767 3429 896 3508 optimis
918 3429 950 3490 in
977 3429 1076 3490 ritum
1099 3433 1255 3492 venerint.
1277 3426 1320 3491 Et
1339 3443 1417 3492 saue
1441 3447 1479 3491 er
1499 3427 1555 3486 boc

451 3527 540 3590 dicto
560 3527 713 3592 reictierc
732 3547 792 3592 nos
812 3530 886 3610 quis
909 3535 1034 3608 potest:
1054 3539 1165 3608 potans
1186 3537 1233 3592 cst
1255 3527 1337 3591 dicus
1356 3547 1398 3591 au
1417 3527 1466 3592 sti
1483 3522 1555 3605 irpi-

451 3626 543 3692 da'draa
561 3627 717 3692 suscitare
736 3627 821 3710 filios
837 3629 995 3695 saraam.
1017 3650 1035 3690 a
1056 3630 1108 3694 Ob
1123 3631 1347 3712 huiuscemodi
1368 3641 1475 3695 autem
1490 3643 1556 3708 apa

453 3729 552 3792 ciuica
572 3731 970 3820 praerogativae-quibus
985 3749 1004 3795 u
1020 3731 1088 3796 Deo
1108 3734 1314 3796 cumulatum
1336 3739 1386 3796 est
1403 3747 1503 3795 semaa
1518 3727 1557 3790 Δ·

453 3830 588 3907 brahae,
609 3831 691 3895 idest
712 3833 854 3913 populus
876 3833 976 3897 lsrael
998 3853 1077 3915 prae
1098 3837 1215 3899 ceteris
1236 3836 1385 3915 gentibus
1406 3828 1558 3916 (quamvis

453 3932 503 3996 bia
523 3948 657 4013 quoque
677 3951 742 3997 noo
759 3935 886 3998 dcemct
905 3935 1136 4014 intelligentiae
1155 3953 1276 4011 semen,
1296 3955 1364 4018 qno
1386 3934 1484 4000 Deum
1500 3929 1557 3994 aci·

455 4042 539 4108 rent,
559 4050 636 4097 eum
657 4034 815 4111 coierent,
826 4033 985 4115 justitiam
1007 4045 1176 4100 servarent
1189 4037 1270 4114 etc.)
1287 4039 1334 4100 ait
1351 4035 1498 4117 Origenes
1511 4046 1561 4093 aa·

458 4134 497 4196 tia
518 4134 740 4215 periculosum
763 4154 833 4200 esse
853 4136 893 4200 de
914 4137 962 4201 bis
977 4138 1156 4202 disserere:
1169 4136 1309 4201 difficilia
1323 4148 1399 4202 suut
1413 4136 1502 4208 euim,
1520 4145 1558 4192 ac

456 4233 531 4298 ideo
550 4236 583 4297 iu
603 4235 825 4317 dispensatore
846 4239 1078 4323 mysteriorum
1101 4237 1159 4302 Dei
1180 4257 1327 4321 magnam
1350 4237 1469 4318 requiri
1487 4245 1560 4312 ortt·

456 4333 597 4399 dentiam
618 4335 651 4398 io
677 4335 796 4402 talibus
816 4339 1019 4420 proterendis
1039 4349 1072 4404 et
1093 4341 1296 4406 excutiendis
1316 4350 1428 4405 corant
1442 4333 1559 4400 sutiru-

459 4435 573 4516 riboa·;
594 4437 635 4500 de
656 4454 720 4517 qua
743 4457 780 4502 ra
798 4441 877 4506 alibi
900 4443 1073 4508 habebitur
1088 4460 1210 4507 sermo.
