3375 5567
160 814 198 867 ter
212 802 454 885 eomprebedere
467 802 572 878 decet,
594 818 693 882 quana
713 798 866 883 exposuit
881 798 1000 867 tatinus
1023 695 1246 882 interpresjsseat

157 907 295 986 speciatim
314 907 434 969 intenta
457 902 678 986 particulari.
708 903 779 984 ipsa
801 902 886 967 enim
907 920 982 967 cum
1003 904 1089 984 apud
1111 921 1244 984 praeces

157 1008 331 1087 exprimatur
350 1008 413 1071 sub
437 1024 516 1069 voce
536 1002 565 1073 ἐι
585 1006 665 1069 alias
685 1004 918 1080 conditionali,
938 1005 1018 1069 alias
1039 1005 1243 1081 dubitativa,

156 1109 251 1171 siioeo
269 1108 299 1169 ai
317 1108 584 1171 substituerimus
604 1106 775 1187 numquid,
799 1115 875 1171 tnnc
895 1106 1052 1171 sermonis
1073 1105 1156 1169 ordn
1175 1124 1244 1169 ser·

157 1220 231 1271 ratur
247 1229 284 1273 ac
303 1212 395 1275 nulia
417 1213 553 1273 interest
573 1228 631 1274 nec
651 1209 834 1283 antithesis,
852 1228 910 1273 nec
931 1206 1120 1288 difficultas3
1149 1216 1183 1271 et
1202 1227 1242 1271 eo

155 1312 325 1392 mgisquod
344 1312 525 1375 successiva
541 1312 666 1377 locutio
686 1329 745 1390 per
766 1311 960 1391 particulam
972 1310 1184 1375 dubitativam
1199 1328 1244 1373 on

155 1414 357 1491 exprimatur:
378 1432 424 1476 cn
445 1432 518 1475 cere
538 1432 727 1493 permanens
746 1422 801 1475 etc.
817 1410 861 1490 (li
877 1410 1086 1492 Quapropter
1103 1412 1175 1475 talia
1194 1431 1243 1476 se·

153 1516 252 1578 eundae
265 1517 368 1596 partia
390 1517 477 1579 venit
495 1532 628 1577 seusus:
645 1513 719 1579 iam
742 1531 821 1577 vero
841 1512 998 1592 numquid
1014 1512 1114 1593 aliqui
1136 1531 1178 1576 ex
1194 1514 1242 1577 ivis

151 1615 303 1689 ordinibus,
320 1617 382 1695 qni
403 1616 467 1679 sub
480 1616 664 1696 principatu
685 1613 805 1676 diaboii
826 1623 939 1693 agunt,
955 1632 992 1677 ae
1015 1614 1155 1678 malitiae
1170 1613 1241 1695 eius

152 1717 363 1794 obtemperant,
390 1717 531 1797 poterint
550 1716 727 1795 aliquando
757 1716 789 1776 in
813 1714 933 1779 tuturis
956 1717 1075 1780 seculis
1096 1717 1241 1779 converti

150 1819 178 1878 ad
196 1820 362 1882 bonitatem
387 1836 447 1898 pro
467 1836 520 1894 co,
542 1819 630 1898 quod
651 1826 700 1882 est
720 1821 751 1881 io
774 1818 849 1898 ipsis
871 1818 964 1881 liberi
988 1818 1139 1881 tateuttas
1157 1818 1241 1880 arbi·

152 1920 209 1983 nii?
225 1939 263 1982 ao
279 1940 360 1985 vero
378 1938 568 2001 permaneus
588 1927 622 1983 et
640 1921 820 1984 inveterata
839 1920 961 1983 malitia
979 1920 1080 1983 veluti
1097 1922 1126 1983 iu
1150 1929 1242 1983 natu·

151 2040 201 2083 ran
213 2022 387 2101 quamdam
402 2041 445 2085 ex
459 2023 704 2099 cousuetudine,
721 2030 935 2085 convertatur
944 2019 961 2086 ‘l
975 2041 992 2079 a
1006 2020 1088 2085 Hinc
1102 2040 1180 2102 ergo
1196 2022 1243 2084 in·

149 2124 213 2201 spice
225 2132 387 2204 quantum
399 2127 478 2189 baec
492 2125 632 2188 secunda
648 2126 748 2204 priori
762 2123 941 2188 locutionis
952 2124 1036 2203 parti
1052 2142 1086 2187 ae
1102 2132 1243 2205 praestet

150 2226 343 2301 ouilnrmcm,
366 2230 412 2290 ita
435 2235 472 2290 ut
493 2228 685 2306 etamplius
706 2227 832 2303 discas,
855 2244 929 2289 cum
951 2224 1107 2305 Origenes
1128 2225 1168 2287 ab
1189 2242 1243 2289 eo·

151 2344 205 2389 ran
223 2330 392 2393 creatione
405 2332 438 2392 io
451 2328 627 2393 doemouits
642 2330 815 2393 arbitrium
830 2347 873 2390 er
894 2338 1010 2391 natura
1025 2344 1084 2391 sna
1101 2328 1243 2391 rationa-

149 2426 165 2488 ii
180 2448 234 2493 uon
253 2430 417 2511 deneget,
438 2439 559 2506 tamen,
581 2442 753 2511 postquam
776 2428 844 2494 Deo
867 2430 1068 2505 rebellarini,
1093 2428 1243 2493 rebellio·

149 2545 202 2591 neu
214 2532 243 2592 in
257 2532 334 2612 ipsis
347 2540 501 2593 antarum
516 2534 654 2596 erasisse
670 2530 870 2612 proindeque
887 2531 1179 2595 inconvertibilem.

205 2630 320 2697 Contra
347 2652 428 2697 vero
449 2634 622 2715 bucusque
641 2642 762 2697 statuta
785 2652 880 2696 nemu
912 2641 1004 2713 putet
1027 2632 1135 2697 venire
1157 2632 1240 2694 dicta

148 2729 283 2798 iiouiiiae
303 2734 379 2799 XX.
400 2735 437 2797 ira
456 2734 627 2810 Nunsrrea,
649 2744 682 2799 et
702 2736 838 2799 citerius
859 2732 992 2799 XXXV.
1015 2734 1050 2796 in
1071 2732 1189 2797 Lucam
1210 2741 1245 2795 ei

146 2833 223 2913 aiibi3
244 2838 330 2901 uode
352 2836 553 2900 contendunt
568 2836 747 2901 Auctorem
767 2837 899 2912 decore,
918 2844 982 2899 tam
1003 2837 1122 2917 probos
1142 2849 1240 2916 quam

147 2938 280 3015 reprobes
293 2940 431 3020 angelos
445 2940 552 3002 adbuc
567 2941 598 3001 in
620 2940 757 3003 arbitrio
774 2939 949 3003 voluntatis
964 2956 1043 3001 auae
1060 2938 1183 3001 versari
1197 2940 1240 3001 ita

146 3044 173 3097 rt
186 3039 209 3100 si
229 3041 343 3117 veiint,
379 3043 498 3120 possint
519 3059 536 3101 a
559 3042 694 3121 proprie
713 3049 802 3105 atatu
833 3041 874 3103 ad
895 3040 1039 3105 aiterum
1060 3040 1241 3112 divertere,

145 3136 208 3201 idest
225 3140 263 3205 dc
283 3142 372 3205 bono
393 3144 425 3203 in
448 3143 582 3217 maium,
605 3145 674 3205 sive
698 3144 853 3205 vicissim:
878 3162 894 3201 c
919 3139 954 3204 ln
976 3160 1042 3221 qun
1064 3142 1174 3215 eiiam,
1196 3141 1242 3202 in·

145 3242 209 3315 poti,
227 3245 379 3323 stupendi
393 3245 538 3328 mysterii
559 3243 774 3305 admiratione
790 3260 1000 3323 promoveor,
1017 3240 1103 3321 quod
1126 3241 1157 3303 in
1174 3248 1241 3304 tau·

145 3347 196 3403 tan
214 3340 281 3407 ileo
302 3362 386 3408 cura
407 3352 457 3407 eat
478 3344 517 3407 de
538 3344 655 3417 nobis,
686 3352 723 3407 ut
745 3345 842 3406 etiam
863 3344 995 3423 angelos
1015 3360 1091 3407 suos
1113 3341 1240 3422 culpari

145 3457 189 3515 pro
206 3446 294 3508 uobis
316 3453 352 3509 et
371 3447 534 3509 contutari
556 3447 743 3527 patiatur.»
761 3444 862 3509 item:
881 3444 1086 3521 «Quomodo
1107 3444 1191 3507 enim
1212 3444 1239 3506 si

144 3558 188 3617 per
198 3564 308 3609 eorum
325 3566 440 3610 curam
456 3554 489 3610 ei
505 3547 697 3609 iudustriam
714 3547 804 3609 salus
819 3546 1002 3609 bominibus
1017 3553 1239 3625 comparatur,

146 3641 237 3709 taetro
263 3648 371 3711 Patria
391 3668 520 3729 semper
540 3650 725 3712 attendant:
742 3650 788 3711 sic
809 3652 836 3712 ai
859 3666 917 3727 per
937 3648 1163 3727 uegiigeniiana
1185 3666 1239 3709 en-

146 3762 199 3809 [ιιι
210 3748 306 3813 bomo
317 3753 497 3824 corruerit,
508 3752 605 3814 etiam
615 3753 666 3813 sui
678 3750 816 3830 periculi
828 3768 896 3813 rem
909 3766 1049 3813 essenon
1061 3748 1237 3811 nesciunt.»

204 3849 437 3915 Verumtamen
459 3854 491 3914 in
512 3853 562 3914 bia
581 3860 612 3914 et
634 3853 793 3915 similibus
807 3852 956 3932 origenis
972 3850 1237 3931 expositionibus,

146 3956 269 4027 qumvis
284 3954 393 4017 minus
415 3954 602 4033 plausibiles
616 3964 826 4028 censeantur,
843 3954 934 4015 nobis
956 3962 1060 4015 tamen
1076 3951 1164 4014 ouiia
1188 3969 1239 4012 ra-

148 4053 213 4116 tione
230 4058 305 4118 binc
325 4055 530 4118 iniereudum
549 4062 619 4130 est,
651 4053 829 4119 Auctorem
851 4054 1006 4117 coelestes
1026 4052 1159 4133 spiritua
1179 4059 1237 4115 aut

196 4290 228 4363 (l)
239 4292 410 4367 Saepissime
421 4292 552 4350 Iiuffiuus
567 4294 759 4367 graecanicam
771 4293 936 4367 particulam
949 4290 971 4349 ie
984 4290 1132 4367 aliquando
1141 4291 1165 4348 ai
1179 4307 1236 4346 ver-

148 4382 179 4445 li
193 4384 255 4441 aliar
271 4404 343 4455 aava,
357 4387 412 4443 etei
420 4387 504 4461 juxte
519 4387 656 4442 sermonis
671 4386 795 4442 ordinem
814 4386 951 4442 dubitatio
972 4386 1099 4459 exposita
1117 4384 1170 4441 sub
1189 4402 1234 4440 vo·

149 4488 171 4526 02
184 4476 269 4548 tanna,
282 4483 379 4554 potina
398 4492 492 4548 manen,
508 4479 628 4553 qoamrt’
647 4480 810 4554 explicanda
827 4480 906 4536 foret.
919 4480 957 4536 Et
974 4481 1003 4535 in
1014 4480 1060 4538 hin
1071 4494 1234 4555 graecorum

149 4571 219 4640 Ugia
233 4590 317 4646 quam
335 4574 485 4631 latinorum
502 4574 675 4632 idiotismum
693 4574 813 4632 navant
829 4573 980 4647 interpres.
