3375 5567
154 803 328 867 dirutione
350 801 462 866 relicte
485 798 606 864 inisse:
629 805 663 862 et
683 800 715 862 in
738 798 800 863 lroe
819 804 854 862 et
873 799 1032 862 similibus
1053 797 1180 862 essibus
1206 816 1258 860 so·

150 903 213 964 lum
236 899 399 965 Ecclesiae
424 900 569 982 ejusdem
590 899 820 964 sttendendnm
838 899 963 981 judicio
986 902 1122 963 seorsim
1143 898 1184 960 ab
1205 915 1257 960 sr-

150 1001 264 1065 bitratu
284 1001 416 1077 laicali,
434 1001 529 1082 jurat
551 1002 606 1064 trie
628 1008 776 1079 repetere
797 1020 937 1077 eorum,
958 1001 1014 1081 qui
1036 1017 1255 1081 praecessere,

151 1102 227 1165 dicta
250 1101 396 1166 Petrum.

223 1200 362 1266 llermss
386 1204 435 1266 vir
454 1204 665 1284 apostoliens,
690 1204 786 1287 cujus
808 1202 901 1283 Opus
924 1201 1038 1266 Pastor
1059 1202 1258 1278 inscribitur,

151 1304 179 1364 in
197 1304 329 1383 antiqua
343 1302 490 1368 Ecclesia
512 1304 787 1378 commendatum,
804 1306 836 1366 iu
858 1303 958 1368 Libro
974 1302 1016 1367 ll.
1034 1302 1188 1367 Mandatu
1201 1301 1256 1364 lV.

150 1404 224 1467 laec
244 1404 342 1490 habet
366 1407 406 1468 de
427 1405 614 1468 dimittenda
643 1406 794 1468 adultere
809 1427 817 1467 ι
835 1427 853 1466 ιι
870 1403 1016 1481 Domine,
1044 1405 1161 1484 inquit,
1184 1422 1259 1483 per·

152 1503 235 1565 mitte
256 1521 309 1565 me
331 1521 433 1584 penes
459 1505 556 1568 verba
578 1505 669 1584 loqui
693 1513 812 1568 tecum.
837 1504 908 1582 llic,
934 1506 1047 1584 inquit.
1071 1502 1113 1566 Et
1133 1503 1200 1565 dixi
1222 1501 1260 1563 il·

150 1600 193 1662 li:
214 1599 364 1678 Domine,
386 1604 486 1684 siquis
508 1605 661 1668 habuerit
686 1623 823 1670 uxorem
847 1606 975 1669 fidelem
1002 1606 1032 1669 in
1058 1604 1207 1680 Domino,
1229 1612 1261 1667 et

152 1702 228 1764 lrsnc
248 1703 410 1767 invenerit
430 1706 462 1766 in
483 1705 659 1782 udnlterio,
682 1707 827 1786 nunquid
851 1716 961 1786 peccet
985 1709 1046 1782 sir,
1068 1709 1095 1768 si
1117 1705 1260 1768 concivit

151 1821 221 1864 cum
242 1801 326 1868 illu?
348 1803 389 1866 Et
404 1805 487 1868 dixit
508 1807 602 1868 milri:
626 1808 782 1886 quamdiu
806 1809 906 1868 nescit
922 1815 1091 1886 peccatum
1108 1805 1198 1886 ejus,
1219 1806 1261 1868 si·

150 1922 186 1967 ue
205 1905 339 1968 crimine
360 1916 408 1968 est
431 1908 481 1968 vir
498 1910 606 1970 virens
626 1926 701 1970 cnm
723 1909 791 1970 ills.
814 1907 847 1970 Si
867 1916 976 1971 nutem
998 1909 1129 1971 sciverit
1152 1909 1203 1969 sir
1224 1925 1259 1969 u·

151 2021 257 2066 xorem
277 2023 373 2069 suem
395 2007 589 2086 deliquisse,
615 2018 648 2071 et
668 2026 732 2071 nnn
752 2010 855 2085 egerit
877 2011 1102 2088 poenitentiam
1126 2006 1256 2080 mulier,

151 2111 180 2165 et
198 2112 365 2182 permanet
387 2107 419 2167 iu
440 2105 652 2170 iornicutione
672 2127 755 2182 suu,
787 2119 821 2171 et
840 2110 984 2170 convivit
1007 2123 1083 2170 cum
1105 2107 1159 2168 ille
1185 2109 1258 2185 vir3

152 2206 306 2268 senserit
328 2208 452 2286 peccsti
474 2207 585 2282 illius,
614 2218 648 2270 et
668 2211 828 2288 particeps
861 2209 1091 2272 moechationis
1112 2208 1195 2287 ejus.
1221 2205 1261 2268 Et

150 2302 211 2366 dixi
230 2305 303 2368 illi:
327 2307 405 2386 quid
428 2325 507 2387 ergo
528 2310 554 2369 si
578 2313 791 2387 permanserit
813 2311 844 2370 in
869 2310 946 2371 vitiu
967 2327 1028 2372 suo
1050 2306 1198 2370 mulieri
1220 2305 1261 2368 Et

150 2402 241 2468 dixit:
265 2406 409 2469 dimittat
430 2406 520 2470 illam
540 2408 610 2484 vir,
632 2417 665 2471 et
681 2409 731 2471 sir
752 2427 810 2488 per
831 2428 866 2472 se
889 2417 1026 2472 maneat.
1050 2406 1145 2482 Quod
1168 2408 1193 2468 si
1214 2406 1261 2466 di·

151 2507 267 2570 miserit
281 2507 454 2570 muliesem
474 2526 580 2582 snum,
595 2519 629 2572 et
645 2510 742 2572 sliam
764 2512 909 2584 duxerit,
927 2511 1039 2589 etipse
1057 2507 1258 2572 moechatur.

151 2601 190 2667 Et
208 2607 274 2669 dixi
296 2607 366 2668 illi:
391 2603 476 2683 Quid
497 2612 525 2672 si
547 2611 669 2674 mulier
689 2612 815 2674 dimissa
840 2611 1066 2692 poenitentiam
1087 2611 1207 2689 egerit,
1230 2617 1263 2671 et

153 2705 289 2770 veluerit
318 2706 359 2768 ad
383 2707 489 2772 cirum
519 2728 616 2772 suum
639 2713 781 2789 reverti3
815 2729 918 2774 nonne
953 2713 1129 2790 recipietur
1149 2727 1168 2770 a
1191 2711 1261 2770 viro

151 2803 234 2869 sno?
254 2805 297 2870 llt
318 2806 400 2870 dixit
421 2809 522 2870 milri:
546 2812 657 2883 immo,
679 2811 706 2872 si
729 2829 791 2872 nou
814 2811 973 2888 receperit
993 2827 1063 2871 eum
1088 2810 1138 2869 vir
1158 2826 1260 2882 snus,

152 2914 257 2982 peceat
277 2917 312 2970 et
334 2925 485 2987 magnum
501 2918 670 2988 peccatum
690 2909 750 2970 sibi
771 2909 922 2970 admittit.
946 2907 1006 2971 Sed
1024 2909 1119 2970 debet
1141 2907 1262 2986 recipe·

152 3020 183 3063 re
203 3008 537 3088 peccatricem,'qnse
560 3009 787 3086 poenitentium
808 3011 894 3087 egit:
917 3009 971 3071 sed
995 3026 1057 3070 non
1077 3025 1216 3087 saepe..
1232 3051 1260 3066 ..

153 3099 241 3178 Quod
262 3111 289 3170 si
316 3108 364 3170 liis
386 3108 477 3169 lactis
499 3117 699 3187 perseverat,
721 3115 753 3170 et
775 3109 1003 3188 poenitentiam
1025 3127 1088 3170 non
1110 3109 1188 3188 ugit,
1213 3126 1263 3170 re-

153 3205 224 3268 cede
243 3207 285 3269 ult
306 3207 385 3285 illa3
407 3216 437 3270 et
454 3207 520 3269 noli
542 3225 617 3270 cum
631 3208 687 3270 ille
704 3212 877 3270 convivere
885 3228 896 3286 3
919 3209 1064 3288 alioquin
1086 3217 1167 3270 etto
1190 3224 1263 3286 pur·

152 3305 245 3386 ticeps
265 3308 333 3370 eris
348 3309 470 3387 peceati
492 3307 591 3369 illins.
613 3305 753 3386 Propter
774 3306 835 3368 boe
859 3315 1069 3385 praeceptum
1089 3315 1137 3368 est
1160 3305 1263 3380 voltis,

153 3412 187 3467 ut
204 3409 346 3471 coelibes
367 3409 522 3472 maneatis
544 3417 613 3470 tnm
638 3409 686 3468 sir
708 3417 776 3468 tum
800 3409 940 3468 mulier:
959 3418 1063 3486 potest
1085 3407 1169 3466 enim
1192 3423 1261 3468 esse

153 3505 180 3565 in
200 3508 386 3588 hujusmodi
416 3509 705 3587 poenitentiarius
727 3526 793 3586 quo
814 3525 977 3581 sermone,
1001 3505 1142 3570 Hermae
1163 3523 1264 3585 expo·

151 3604 219 3666 sitio
238 3609 378 3687 simplex
404 3597 607 3687 ¹conspicitur
628 3608 799 3686 apostolici
832 3609 971 3668 nrandati
994 3608 1032 3668 ad
1055 3607 1262 3672 Corinthios:

152 3706 278 3780 quodsi
298 3706 487 3779 discesserit,
508 3726 633 3770 mouere
654 3706 838 3785 innuptum,
874 3719 908 3770 ut
929 3711 975 3771 sie
999 3708 1048 3768 via
1072 3705 1264 3786 praecludu-

153 3811 202 3867 tnr
222 3809 260 3869 ad
282 3807 439 3871 secundas
461 3811 602 3888 nuptias,
625 3809 731 3872 altero
755 3811 881 3870 vivente
904 3809 1052 3889 continge.

224 3905 372 3971 lustinus
393 3907 524 3992 llartpr
543 3909 575 3970 in
597 3907 755 3987 Apologia
778 3909 801 3970 l.
826 3929 856 3970 n.
879 3906 928 3972 15.
953 3912 1076 3988 inquit:
1095 3930 1111 3968 ιι
1126 3907 1183 3988 qui
1204 3908 1262 3968 du-

152 4000 192 4063 eit
210 4007 411 4086 repudiatam
424 4007 464 4068 ud
482 4008 582 4069 altero
596 4007 680 4080 ciro,
702 4009 891 4072 consclatur.
909 4009 987 4072 llein
1009 4008 1136 4072 sulrdits
1150 4029 1165 4066 s
1177 4006 1264 4082 Que-

154 4104 355 4170 madmodum
377 4107 475 4168 etism
496 4108 538 4184 ii,
561 4109 617 4187 qui
638 4109 772 4187 exlege
793 4110 933 4172 humans
956 4109 1079 4188 duplex
1100 4109 1264 4170 metrimo

154 4201 237 4266 nium
257 4207 381 4283 inennt,
399 4208 441 4269 itn
457 4215 488 4268 et
510 4209 566 4287 qui
587 4208 757 4269 mulierem
779 4211 962 4288 adspiciunt
977 4209 1016 4268 ad
1037 4209 1264 4287 concupiscen-

155 4299 222 4364 dam
237 4324 321 4381 eam,
336 4316 525 4386 peccatores
545 4316 621 4370 snut
634 4309 720 4386 apud
745 4307 938 4387 Magistrum
953 4319 1113 4372 nostrum.
1131 4329 1147 4365 ιι
1166 4307 1264 4370 Atuc-

155 4416 288 4481 nogorss
307 4409 345 4469 iu
362 4406 525 4487 deuotione
535 4426 597 4487 pre
611 4406 797 4470 strictionis
811 4410 944 4472 scribit:
962 4430 978 4468 ιι
995 4406 1036 4472 Ut
1056 4409 1193 4488 quisque
1214 4405 1264 4472 tel

157 4506 258 4576 tratis
273 4517 367 4573 natus
387 4516 447 4586 est,
470 4517 597 4574 inanest
613 4508 663 4572 sel
686 4510 786 4572 unicis
802 4511 832 4571 iu
848 4510 978 4590 nuptiis.
994 4508 1160 4576 Secundae
1181 4511 1264 4575 euim
