3375 5567
433 800 483 860 uia
506 816 568 860 nou
590 799 648 862 uisi
669 814 798 873 eurum,
819 813 906 876 quae
926 797 1021 859 divus
1039 793 1153 858 Peiros
1174 793 1256 858 dixit
1277 794 1308 855 iu
1321 811 1360 854 eo
1378 807 1520 854 sermone:

425 896 631 979 percipientes
648 898 740 978 finem
761 898 834 975 fidei
853 905 991 972 nostrus,
1014 898 1145 959 scietur
1166 895 1347 958 animorum
1360 902 1522 956 nostrorum

433 1000 609 1079 respiciunt
628 1000 950 1080 interpretationem,
972 1007 1009 1062 nt
1030 999 1091 1062 boc
1112 998 1265 1062 nimirum
1296 994 1380 1058 Petri
1403 995 1525 1056 testimo·

431 1101 520 1162 nium
542 1108 760 1180 congruenter
779 1099 897 1163 ceteris
919 1099 1099 1162 coiiocaret
1120 1097 1289 1177 Origenes,
1312 1113 1395 1176 qnae
1419 1093 1525 1158 Paulus

432 1199 598 1278 praetatus
618 1208 700 1264 erat:
723 1199 819 1263 ornbo
838 1197 971 1280 spiritu,
994 1197 1088 1262 orabo
1103 1207 1130 1260 ct
1150 1207 1260 1260 mente.
1285 1193 1373 1260 Haec
1387 1193 1527 1256 uibiiumi·

432 1317 494 1362 nus
514 1307 624 1381 postea
646 1301 763 1382 mejeri
783 1301 859 1364 iace
882 1301 1070 1364 clarescent.

511 1401 559 1464 bc
578 1402 705 1463 interim
725 1419 842 1464 eorum
862 1418 973 1464 seusus
994 1400 1205 1480 ponderetur,
1224 1417 1308 1479 quae
1329 1397 1528 1482 Hieronymus

432 1505 465 1562 et
481 1500 608 1563 Auctor
623 1499 787 1580 Epistulae
802 1502 840 1563 ad
858 1499 1007 1564 biennum
1021 1499 1239 1564 diversimode
1253 1501 1294 1562 ab
1305 1519 1357 1576 eu,
1371 1499 1454 1580 qnod
1469 1517 1529 1560 ver·

433 1602 472 1662 tit
493 1599 641 1664 liniiiuns
654 1601 863 1680 interpretati·
880 1609 966 1665 suut.
989 1599 1051 1664 Sed
1067 1599 1144 1682 qnid
1167 1599 1301 1665 dicam?
1322 1599 1434 1678 Qualis
1454 1600 1531 1663 nimi·

432 1719 507 1764 rum
529 1701 627 1782 buius
650 1702 865 1765 transtatiunis
886 1703 1022 1766 seusus?
1051 1701 1166 1779 Qualis
1187 1720 1260 1766 cnm
1283 1701 1532 1782 praecedentibus

431 1801 675 1867 convenientis?
697 1801 812 1880 Qualis
827 1803 1017 1884 scripturae
1040 1805 1228 1869 testimoniis
1244 1805 1392 1884 analogia
1412 1803 1452 1866 ab
1470 1801 1532 1865 Ori·

432 1921 512 1984 gene
526 1903 694 1984 descriptis
708 1905 739 1968 iu
754 1906 888 1984 praevio
909 1923 1071 1981 sermone,
1092 1925 1175 1984 quae
1195 1905 1255 1969 sibi
1272 1905 1464 1968 adstiterunt
1478 1910 1532 1964 tan·

430 2021 529 2084 quarn
548 2006 706 2068 ratiocinii
727 2007 778 2068 eui
795 2005 906 2071 basis?
928 2005 1021 2081 Mihi,
1047 2007 1148 2086 siquis
1169 2007 1200 2070 id
1224 2007 1357 2086 polleat,
1383 2003 1530 2085 expiaret.

431 2101 515 2169 Vide
541 2107 787 2186 coninsionem,
818 2106 890 2170 ride
912 2107 1024 2172 doium
1051 2109 1169 2190 (cuius
1200 2115 1306 2170 tamen
1335 2105 1461 2171 Auctor
1482 2121 1533 2165 nou

430 2206 539 2268 estitit
560 2203 790 2288 Hieronymus,
814 2207 861 2268 uti
884 2205 968 2268 inira
990 2205 1141 2284 dicetur).
1166 2205 1226 2270 Ex.
1243 2223 1272 2285 g.
1296 2203 1408 2268 auimo
1424 2205 1493 2285 suit,
1511 2211 1534 2262 et

431 2322 496 2366 oon
515 2303 590 2384 fuit.
608 2302 726 2367 Animo
746 2324 827 2385 pace
841 2306 974 2369 solutam
988 2326 1010 2368 o
1025 2304 1159 2368 Domirm
1180 2315 1345 2368 consecuto
1358 2283 1466 2385 fuerit,
1480 2319 1534 2362 non

431 2402 493 2468 ert‘t
513 2405 672 2484 amplisu
693 2405 823 2469 cessabit
843 2425 907 2469 erre
925 2404 1045 2470 animo.
1069 2405 1310 2486 tristanum,
1330 2405 1460 2484 quondo
1478 2399 1537 2464 anr'·

432 2521 486 2567 mn
504 2521 571 2567 non
586 2513 834 2584 perrenesius.
869 2505 903 2569 iu
923 2507 1043 2588 quibus
1064 2506 1264 2572 excutiendis
1286 2523 1360 2570 cnm
1384 2501 1536 2568 immorari

435 2622 553 2670 vanum
574 2615 608 2668 et
627 2604 831 2685 snperbnnm
854 2607 959 2686 duco,
979 2609 1102 2690 judicio
1124 2609 1257 2696 lectoris
1279 2606 1410 2670 remitto
1432 2605 1536 2670 burum

433 2707 706 2785 consequentiam.
730 2706 773 2772 Et
794 2710 903 2788 potius
924 2709 963 2771 ad
986 2710 1125 2790 reiiqna,
1150 2709 1204 2774 ubi
1220 2709 1259 2771 de
1280 2707 1407 2770 animae
1428 2713 1537 2788 etymo-

433 2807 520 2888 logia
540 2825 578 2872 sc
600 2810 732 2890 mystica
756 2809 902 2890 eiusdem
927 2809 1157 2890 significatione
1180 2829 1221 2874 ex
1248 2828 1365 2891 graeco
1388 2805 1537 2876 rocabuiu

434 2911 546 2986 petita,
569 2911 679 2988 agitur
699 2909 741 2970 ab
760 2909 925 2990 Origene,
949 2918 981 2974 et
1001 2911 1041 2974 de
1062 2911 1180 2992 quibus
1203 2911 1326 2990 pariter
1344 2909 1456 2974 niieusi
1475 2913 1539 2972 snut

435 3013 506 3072 inm
529 3015 653 3073 veteres
676 3018 745 3072 tum
766 3013 975 3087 recentiores,
998 3013 1140 3076 animum
1162 3013 1374 3077 intendamus.

517 3110 632 3190 traque
652 3110 777 3189 ordine,
794 3131 861 3191 quo
878 3113 1066 3194 incepimus,
1081 3120 1224 3191 servato,
1242 3114 1421 3177 Auctorem
1436 3127 1538 3192 sequa-

435 3227 523 3288 mur,
547 3211 601 3273 ubi
623 3211 754 3275 scribit:
779 3233 795 3271 r
816 3213 877 3278 Sed
900 3220 986 3277 etex
1009 3217 1076 3292 ipsa
1099 3214 1234 3277 numinis
1249 3215 1373 3276 animae
1393 3211 1539 3294 significa·

435 3311 534 3386 tione,
550 3328 648 3391 quam
670 3313 702 3374 iu
724 3328 842 3392 graeco
864 3312 993 3388 iudicat,
1012 3313 1115 3376 risum
1137 3321 1184 3376 est
1205 3322 1238 3377 et
1258 3313 1423 3377 nonnullis
1443 3309 1540 3390 requi·

437 3411 582 3474 rentibns
595 3412 769 3489 curiosius,
780 3429 873 3492 posse
885 3431 946 3475 uon
964 3412 1158 3476 mediocrem
1169 3413 1298 3493 suggeri
1315 3413 1539 3476 intellectum.»

435 3509 557 3575 Deinde
571 3530 589 3576 e
604 3512 781 3592 scripturis
797 3513 936 3593 probare
951 3521 1090 3577 conatur
1104 3516 1223 3588 omnia,
1240 3533 1324 3593 qnae
1338 3522 1446 3578 saneta
1460 3517 1538 3581 snut,

434 3629 453 3674 a
466 3609 534 3674 Deo
547 3612 739 3692 incipiendo,
751 3613 959 3677 incalescere:
975 3612 1057 3676 Dens
1070 3623 1175 3676 noster
1187 3611 1275 3693 iguis
1288 3625 1539 3680 scientissimum

435 3722 469 3776 et
490 3731 531 3775 er
552 3713 691 3777 adrersu
712 3715 795 3777 maia
817 3715 969 3791 omnia,a
991 3714 1120 3778 diabulo
1138 3715 1328 3795 incipiendo,
1353 3713 1538 3793 frigescere:

438 3833 455 3872 r
476 3810 509 3878 Si
529 3830 621 3893 ergo,
642 3813 763 3891 subdit,
779 3833 816 3878 ea
838 3835 924 3896 qnae
945 3823 1054 3880 saucta
1076 3823 1163 3893 sunt,
1179 3823 1212 3880 et
1236 3816 1314 3896 ignis
1336 3825 1370 3877 et
1389 3815 1496 3878 inmeu
1514 3815 1542 3870 et

437 3913 596 3977 ierventia
619 3915 848 3995 uomiuautnr;
871 3933 955 3996 quae
978 3923 1086 3979 autem
1109 3915 1270 3979 contraria
1292 3923 1391 3988 snut,
1415 3907 1539 3990 irigida,

438 4023 472 4078 ct
493 4015 633 4079 ebaritas
655 4015 835 4079 multorum
856 4015 1069 4095 refrigescere
1089 4014 1229 4088 dicatur,
1254 4009 1480 4092 requirendum
1501 4012 1543 4068 cst

439 4131 479 4179 ne
501 4114 587 4178 iorte
607 4123 641 4180 et
660 4131 777 4178 nomen
797 4115 936 4191 animae,
960 4111 1047 4194 qnod
1069 4131 1184 4192 graeca
1205 4113 1326 4176 dicitur
1347 4101 1449 4204 ψυχή,
1462 4123 1478 4168 a
1493 4103 1543 4166 iri·

439 4215 598 4296 gesceudo
620 4215 660 4279 de
686 4223 774 4278 statu
795 4215 929 4279 meliori·
945 4231 983 4278 ac
1004 4215 1155 4277 diviniori
1186 4213 1308 4277 dictum
1329 4213 1392 4274 sit:
1415 4219 1447 4274 et
1466 4215 1544 4268 trau·

439 4315 559 4379 statum
581 4315 666 4391 iude,
681 4315 768 4394 quud
790 4333 831 4377 es
854 4314 964 4378 calore
986 4314 1044 4377 iilo
1066 4311 1207 4377 naturali
1228 4321 1260 4374 et
1281 4311 1388 4376 divino
1411 4303 1543 4372 reiriris·

439 4433 475 4479 se
498 4416 668 4494 videatnr3
684 4421 715 4478 et
736 4414 809 4479 ideo
830 4416 862 4478 in
876 4416 937 4478 boc
959 4434 1026 4495 quo
1048 4433 1133 4478 nuuc
1157 4421 1217 4490 est,
1240 4418 1339 4487 statu,
1362 4419 1394 4474 et
1416 4403 1544 4470 vocibu-

440 4516 474 4577 io
488 4516 549 4580 sita
563 4517 612 4579 sit.
629 4512 776 4597 Denique
798 4517 929 4598 proprie
944 4511 1152 4579 landabiliter
1174 4515 1312 4577 animam
1332 4511 1405 4592 poni
1420 4509 1449 4570 iu
1466 4501 1544 4568 Scri·
