3375 5567
412 754 517 816 quem,
533 734 666 816 perinde
686 744 786 815 atque
805 737 883 801 lacit
905 735 1127 811 consuetudo,
1150 753 1213 799 non
1233 736 1300 799 sine
1320 744 1401 801 teste
1425 756 1516 819 expo-

412 841 559 913 sitionem
574 841 764 905 dimisimus.
788 844 832 904 At
858 858 934 906 vero
964 841 1041 914 ille,
1064 847 1293 921 praeterquam
1316 841 1405 921 quod
1433 859 1516 905 suan

411 941 593 1021 opinionem
612 961 630 1003 e
650 943 765 1005 divinis
778 942 962 1023 ¹Scripturis
983 960 1045 1005 nun
1066 943 1248 1019 conlirmat,
1273 943 1402 1027 qidetur
1420 952 1452 1004 et
1470 962 1518 1007 ιιι·

411 1043 554 1123 spicatas
577 1042 676 1107 luisse
697 1046 888 1123 veritatem,
919 1049 952 1106 et
973 1044 1177 1123 impudenter
1198 1044 1246 1106 illi
1267 1045 1457 1107 adversatus
1477 1044 1518 1103 di-

411 1162 507 1208 cens:
532 1142 604 1209 Non
626 1145 710 1207 enim
733 1144 871 1207 iaciebat
891 1146 957 1223 ipse
979 1142 1097 1223 Lepos,
1125 1152 1278 1225 tanquam
1304 1146 1346 1207 ab
1367 1146 1432 1209 alio
1451 1162 1519 1225 ope·

412 1254 505 1309 rante
526 1246 588 1322 (nt
605 1246 653 1309 sie
675 1245 914 1325 intelligeretur
937 1246 1053 1309 vocula
1072 1264 1129 1325 per
1149 1247 1263 1327 quem)
1284 1247 1341 1309 scd
1364 1250 1434 1327 ipso
1454 1264 1522 1325 ope·

415 1355 528 1423 rante,
550 1348 634 1409 elius
657 1346 804 1409 iaciebat.
836 1343 988 1410 Ceterum
1012 1364 1074 1409 non
1097 1349 1272 1426 praesentis
1303 1356 1354 1411 est
1377 1347 1522 1425 temporis

416 1449 570 1527 probare,
590 1447 677 1527 quod
701 1447 811 1510 mnndi
832 1446 949 1526 Oniten
968 1456 999 1509 et
1020 1448 1199 1511 fabricator
1221 1448 1336 1511 iecerit
1359 1446 1522 1521 mnndum,

415 1568 478 1613 uon
499 1550 605 1612 iactus
627 1549 770 1611 minister
791 1547 890 1628 Loqn,
906 1558 938 1611 et
959 1549 1127 1611 ostendere
1149 1548 1235 1629 quod
1262 1547 1361 1629 Lepos
1384 1557 1421 1611 ut
1441 1550 1524 1611 mini·

415 1659 483 1713 ster
496 1648 640 1727 Opificis,
659 1650 815 1714 mundum
830 1649 1020 1713 condiderit.
1042 1647 1145 1712 Juxta
1161 1648 1263 1713 David
1281 1650 1368 1713 enim
1391 1648 1525 1727 Prophe·

417 1759 500 1812 tam:
517 1746 598 1810 Deus
613 1746 710 1819 distr,
726 1758 754 1809 et
767 1751 856 1827 sacto
870 1760 965 1819 sunu
981 1747 1159 1825 mandevit,
1175 1759 1203 1811 et
1217 1760 1322 1811 creato
1338 1759 1425 1811 sunt.
1443 1746 1526 1813 Man·

417 1851 505 1913 davit
526 1852 611 1913 enim
633 1852 791 1931 ingenitus
814 1850 901 1915 licus
924 1850 1140 1931 Primogcnito
1162 1854 1265 1915 omnis
1287 1861 1479 1924 creaturae,
1498 1860 1526 1913 et

416 1960 523 2015 creata
545 1961 634 2025 sunt,
650 1967 713 2013 non
733 1952 840 2013 solum
864 1951 1014 2027 mundns,
1031 1960 1063 2015 et
1083 1971 1168 2033 quae
1182 1960 1257 2016 sunt
1272 1955 1302 2015 in
1327 1953 1400 2029 illo,
1419 1968 1524 2015 rerum

417 2054 514 2115 etiam
537 2052 663 2132 reliqua
686 2054 793 2115 omnia
815 2061 876 2115 etc.
900 2074 916 2109 s

496 2152 548 2216 Ob
569 2154 632 2216 hoc
657 2154 783 2215 interim
806 2155 935 2217 nullum
956 2156 1057 2231 latet,
1081 2156 1170 2237 quali
1202 2156 1349 2219 sollertia
1376 2154 1526 2234 Origenes

417 2255 493 2318 talia
516 2263 730 2335 correpturus
753 2257 932 2332 mendacia,
947 2276 964 2319 e
979 2258 1154 2337 Scriptnris
1175 2267 1249 2340 apta
1268 2257 1429 2335 colligens
1451 2259 1528 2319 testi-

419 2358 538 2431 monia,
561 2356 642 2419 illud
659 2375 790 2437 quoqne
811 2359 871 2422 sibi
892 2377 1109 2439 comparasse,
1127 2377 1194 2437 qno
1209 2362 1239 2421 in
1256 2358 1438 2439 Evangelio
1458 2356 1528 2421 dici·

418 2464 473 2521 tur
496 2456 593 2519 Pater
614 2457 719 2538 major
744 2456 846 2521 Filioz
873 2458 989 2531 Pater,
1009 2456 1067 2539 qui
1087 2457 1174 2521 misit
1194 2477 1259 2533 me,
1278 2460 1384 2539 mojm
1405 2476 1450 2520 me
1469 2466 1527 2519 rata

416 2557 496 2636 quin
519 2564 623 2619 tamen
645 2560 675 2617 in
690 2576 729 2619 eo
750 2560 957 2638 exponendo,
974 2559 1041 2622 nlla
1066 2559 1189 2621 ratione
1211 2558 1420 2623 decedereta
1441 2574 1528 2621 sensu

416 2658 591 2734 catholico,
614 2677 674 2721 ceu
698 2669 807 2738 postea
830 2662 860 2721 in
883 2657 1011 2739 Synodn
1034 2658 1173 2721 Nicaena
1196 2658 1365 2723 delinitum
1389 2669 1448 2723 est.
1471 2658 1528 2723 Seu

419 2760 541 2839 potius,
561 2762 714 2840 inquam,
746 2760 827 2823 adeo
848 2780 883 2823 se
904 2762 1000 2841 gessit
1021 2760 1150 2824 Auctor
1173 2762 1203 2821 in
1218 2761 1441 2824 convellendis
1463 2761 1529 2823 ltre-

420 2861 598 2924 reticornm
620 2862 827 2937 falsitatibus,
844 2861 1088 2943 prudenterque
1109 2862 1207 2936 cavit,
1229 2879 1268 2923 ne
1289 2861 1330 2923 ab
1353 2880 1471 2927 errore
1490 2860 1530 2923 ei·

419 2962 557 3042 lugiens,
573 2963 604 3023 in
624 2962 766 3025 alterum
783 2970 816 3025 et
834 2981 910 3026 sane
933 2964 1195 3042 perniciosiorem
1215 2961 1387 3038 incideret,
1411 2964 1530 3025 divinae

421 3081 535 3143 nempe
551 3061 648 3127 Verbi
670 3062 816 3142 ejusdem
830 3081 905 3127 cnm
930 3062 1025 3127 Patre
1046 3072 1196 3137 naturae,
1212 3068 1271 3123 aut
1289 3063 1468 3145 sapientiae
1480 3066 1532 3125 aut

419 3164 584 3243 potentiae
606 3164 768 3225 mentitus.

502 3263 543 3327 Et
572 3283 609 3327 re
640 3265 771 3344 quidem
803 3282 901 3337 vera,
926 3265 997 3327 loca
1019 3265 1236 3345 perscrutati,
1258 3264 1312 3328 nbi
1335 3267 1362 3329 is
1392 3266 1530 3347 praelata

424 3365 521 3429 verba
535 3365 673 3430 Christi:
693 3362 858 3446 Paterqui
872 3363 957 3428 misit
978 3384 1036 3439 me,
1060 3364 1162 3445 major
1183 3383 1229 3427 me
1254 3376 1312 3441 est,
1330 3369 1424 3442 citat,
1449 3384 1531 3445 repe·

423 3470 524 3529 rimus
545 3485 581 3529 ea
604 3471 636 3531 in
658 3466 756 3530 Libro
780 3465 867 3529 Vlll.
891 3485 922 3529 n.
948 3461 995 3531 tl.
1020 3463 1069 3528 15.
1092 3475 1204 3527 contra
1226 3464 1372 3541 Celsum,
1394 3466 1532 3528 christia·

421 3586 479 3630 nos
499 3568 705 3631 criminatum
726 3569 814 3649 quod
838 3564 896 3631 Dei
919 3566 1037 3629 Filium
1058 3582 1157 3644 supra
1180 3565 1313 3629 modum
1340 3566 1532 3629 extollerent

421 3686 580 3731 summum
602 3665 701 3729 Deum
718 3669 929 3747 appellantes,
954 3663 1076 3746 Deoqrte
1101 3663 1168 3743 ipae
1185 3665 1407 3744 potentiorem,
1428 3684 1465 3729 or
1483 3684 1530 3727 ιιι·

419 3786 483 3847 pra
501 3766 608 3847 ipsum
629 3767 727 3831 Deum
750 3768 877 3840 Rotrem
894 3768 1068 3848 primatum
1092 3766 1187 3829 eidem
1210 3767 1383 3831 tradentes.
1418 3766 1530 3843 Quam·

423 3870 536 3931 obrem
558 3867 714 3949 Origenes
735 3869 812 3931 hnic
837 3869 1031 3947 respondens
1057 3868 1309 3943 insimulationi,
1331 3870 1400 3931 ait:
1424 3864 1531 3928 «Volo

422 3980 533 4033 antem
555 3970 585 4032 in
607 3969 810 4032 credentium
835 3969 1042 4032 multitudine
1064 3986 1132 4031 esse
1154 3969 1331 4047 quosdam,
1355 3971 1411 4049 qui
1434 3968 1531 4031 direr-

422 4088 491 4131 aam
514 4071 556 4131 ab
576 4070 648 4133 aliis
669 4074 858 4133 sententiam
879 4076 1066 4149 sequentes,
1091 4080 1212 4133 temere
1234 4070 1406 4143 affirment,
1428 4068 1530 4133 Salva-

424 4180 528 4235 torem
550 4190 618 4233 esse
639 4168 802 4233 Summum
825 4165 935 4232 Deum.
962 4169 1003 4232 At
1026 4188 1081 4233 nos
1104 4171 1183 4233 nihil
1203 4171 1328 4245 simile,
1351 4172 1408 4250 qui
1436 4165 1530 4232 credi·

421 4291 494 4336 mna
515 4273 643 4335 dicenti:
669 4270 764 4334 Pater
777 4267 835 4351 qui
855 4268 942 4333 misit
955 4290 1013 4347 me,
1036 4270 1137 4353 major
1158 4289 1204 4333 me
1219 4280 1273 4331 est.
1298 4268 1422 4347 Quare,
1439 4282 1527 4348 quem

422 4391 507 4439 nnnc
524 4392 676 4437 vocamus
694 4372 837 4443 Patrem,
858 4392 933 4435 enm
949 4390 1022 4449 non,
1046 4380 1081 4435 nt
1098 4372 1211 4438 Celsus
1233 4372 1462 4445 calomniator,
1478 4365 1528 4429 liei

425 4473 508 4537 llilio
528 4476 727 4557 subjicimus.
750 4493 767 4531 »
792 4473 895 4538 l'aulo
916 4481 998 4554 post:
1025 4496 1039 4533 ι
1057 4471 1123 4538 Nos
1145 4476 1244 4549 enim,
1261 4476 1317 4557 qui
1339 4476 1482 4547 dicimur,
1496 4486 1525 4533 ι·
