3375 5567
1185 695 1247 766 itio

147 827 180 873 na
196 827 252 873 scu
271 810 474 891 imperiecta,
494 808 653 890 umbone
673 805 836 874 soliditate
858 807 1016 889 praedita,
1037 808 1134 872 sicuti
1154 814 1188 868 et
1208 804 1247 866 ii·

145 911 200 974 dcli
216 911 282 975 siro
296 929 359 974 non
371 913 449 975 satis
464 911 616 992 prudenti
628 912 739 974 unxia.
759 907 892 974 Praeter
907 911 988 973 banc
1003 910 1129 989 utique,
1146 923 1245 988 quatu

145 1013 289 1091 praedixi,
308 1029 452 1087 causam,
469 1030 635 1094 quamque
648 1012 748 1075 ceteri
765 1013 940 1092 scriptores
956 1009 1163 1073 ecclesiastici
1177 1027 1245 1072 ser·

146 1123 252 1178 rerunt
265 1133 340 1179 cuna
355 1115 491 1180 ethnicis
511 1113 724 1194 disceptantes
743 1113 785 1176 de
800 1112 950 1192 dogmate
969 1112 1156 1186 christiano,
1175 1109 1247 1174 nbi·

142 1235 197 1297 guo
218 1219 354 1282 vidimus
375 1217 574 1298 Origeuem,
600 1212 780 1281 doctrinam
801 1218 1014 1296 apostolicam
1039 1223 1072 1278 ct
1094 1214 1242 1294 regulam

141 1319 389 1395 eclesiasticum,
411 1321 461 1384 uti
482 1321 550 1402 ipsa
568 1319 659 1394 dicit,
681 1321 751 1382 sire
770 1335 847 1382 cnm
869 1317 942 1382 ildei
968 1317 1115 1382 hostibus
1136 1317 1246 1398 dispu-

142 1427 272 1493 tantem,
293 1437 352 1484 sen
377 1421 409 1483 in
430 1418 638 1484 concionibus
659 1434 721 1500 pre
741 1423 860 1500 pietate
880 1419 1059 1484 excolenda
1076 1419 1242 1494 iideltnm,

140 1520 373 1587 tundamentum
394 1525 539 1603 posuisse
561 1519 737 1585 verborum
757 1537 906 1584 suornm.

211 1622 395 1699 Praeterea,
411 1633 443 1687 ct
463 1622 550 1686 istud
573 1623 674 1687 veluti
697 1620 920 1703 praelatorum
942 1619 1196 1698 adminiculum,
1218 1621 1244 1682 si

138 1723 324 1804 quaudoque
338 1723 510 1787 nonnullas
524 1721 716 1802 complexus
730 1721 896 1802 opiniones
911 1739 1026 1800 parurn
1046 1720 1242 1802 probabiles,

137 1823 282 1904 Origenes
296 1843 423 1889 errasse
446 1825 618 1902 rideatur,
639 1840 703 1885 nou
717 1822 805 1903 quod
827 1841 871 1886 ex
882 1822 1006 1903 judicio
1026 1840 1088 1886 sun
1109 1821 1244 1902 proprio

137 1931 262 1990 seorsim
275 1927 319 1988 ab
332 1926 476 1992 aliorum
495 1928 704 2001 auctoritaie,
727 1943 785 1989 sen
800 1925 889 2005 qnod
910 1941 1027 1986 revera
1044 1925 1151 2004 graeci
1173 1924 1243 2004 pbl-

137 2027 252 2107 losopbi
275 2031 320 2092 ita
340 2031 517 2104 sentirent,
539 2030 710 2108 deceptum
731 2029 833 2090 scias:
857 2025 912 2089 sed
934 2026 1002 2106 ipse
1028 2027 1147 2090 illusus
1168 2044 1243 2106 pro·

137 2129 233 2206 batur,
249 2131 338 2212 qnod
359 2132 406 2193 sic
429 2127 776 2209 ridereturScriptnra
798 2145 891 2192 sacra
912 2147 1022 2192 secum
1044 2137 1077 2192 et
1098 2129 1242 2210 opinioni

136 2249 206 2294 susc
224 2232 410 2294 convenire.
446 2228 508 2294 Ex.
532 2249 561 2310 g.
583 2231 711 2311 putarit
731 2229 901 2308 Origenes,
927 2230 976 2292 uti
996 2230 1118 2310 legitur
1139 2231 1171 2292 in
1192 2228 1253 2310 it,

136 2331 186 2396 brn
207 2331 232 2396 Ι.
255 2355 286 2397 c.
308 2329 381 2395 vit.
404 2350 457 2395 nn.
479 2330 511 2395 2.
531 2329 562 2396 3.
587 2329 630 2393 Dc
645 2328 838 2411 Principiis,
858 2331 968 2394 stellas
988 2331 1157 2395 coelorum
1175 2333 1243 2394 ani·

135 2445 225 2498 natas
245 2452 330 2509 case,
353 2431 576 2507 rationabiles,
595 2434 721 2497 arbitrii
743 2449 890 2512 capaces,
912 2451 951 2496 sc
971 2433 1045 2497 inde
1066 2451 1128 2497 nnn
1151 2453 1243 2499 mun·

135 2535 181 2598 das
200 2555 302 2599 casea
323 2546 480 2618 peccatn;
503 2552 545 2597 er
560 2553 627 2615 quo
648 2535 770 2598 dicitur
793 2536 826 2596 in
843 2533 1041 2616 Scriptnriss
1057 2539 1244 2599 mendcium

134 2657 179 2718 epo
197 2637 341 2700 omnibns
361 2635 461 2700 stellis
487 2635 646 2717 praecepi,
667 2638 769 2701 item:
799 2637 910 2700 stelias
929 2655 994 2699 nnn
1014 2648 1088 2699 antri
1108 2637 1244 2702 mundns

134 2737 164 2804 is
181 2750 348 2821 conspectas
368 2742 446 2820 cius.
462 2734 563 2802 Tanta
585 2740 669 2802 cuim
690 2743 723 2802 in
743 2739 889 2802 divinum
905 2741 1121 2803 testimonium
1142 2743 1242 2821 ipsius

133 2842 267 2921 pollebat
290 2843 481 2905 reverentia.
499 2839 546 2903 De
568 2843 615 2904 bis
639 2859 718 2903 vern
738 2842 899 2916 conierss,
922 2860 1006 2922 quae
1026 2845 1176 2923 superius
1196 2845 1243 2908 di-

131 2953 173 3006 cta
193 2954 279 3009 aunt.
307 2942 432 3006 interea
453 2963 495 3006 cx
516 2942 565 3004 his
587 2941 735 3005 omnibus
757 2953 826 3004 tum
849 2944 880 3004 in
902 2943 963 3006 boc
976 2943 1099 3023 Capite,
1120 2952 1188 3007 turn
1209 2946 1240 3006 iu

132 3044 403 3123 praecedentibus,
425 3045 581 3117 excussis,
605 3044 793 3107 decernitur
806 3047 917 3123 quanti
939 3046 1001 3107 sint
1022 3044 1165 3107 iacienda
1188 3063 1241 3108 ra·

131 3149 171 3209 ria
192 3148 469 3211 insimulationum
489 3164 605 3226 genera
628 3147 661 3207 in
681 3143 854 3225 Origencm
876 3145 951 3206 lata.
977 3145 1047 3226 lpse
1068 3150 1164 3222 enirn,
1182 3147 1241 3212 nec

129 3254 245 3315 errarit
266 3252 299 3312 in
320 3249 370 3325 iis,
387 3250 427 3313 dc
447 3248 566 3328 quibus
587 3255 806 3311 accusatnret
820 3249 984 3328 speciatim
1006 3251 1037 3310 in
1058 3251 1240 3331 praecipuis

129 3347 288 3414 Ecclesiae
310 3350 524 3429 dogmatibus,
540 3367 599 3410 nec
613 3349 717 3411 multo
737 3349 842 3411 minus
863 3348 949 3428 quod
972 3349 1239 3430 pbilosophorum

129 3451 298 3515 obsecutus
312 3453 355 3514 sit
374 3449 558 3528 paradoxis.

201 3550 340 3615 llcmum
359 3549 553 3613 adversariis
577 3559 609 3612 ct
635 3549 725 3612 nobis
747 3549 778 3612 in
804 3551 864 3614 bac
887 3549 1123 3614 insimulatione
1146 3551 1240 3617 valde

128 3652 318 3715 satisfacient
339 3669 423 3733 qnae
451 3648 642 3714 doctorali
668 3651 699 3711 in
723 3650 898 3729 apostolica
932 3651 1029 3711 verba
1056 3651 1095 3711 ad
1121 3650 1239 3715 llnma·

129 3770 199 3817 nns:
222 3755 303 3835 gasin
324 3773 420 3834 nsque
448 3771 558 3826 mors,
579 3768 679 3831 nepus
702 3749 769 3814 vito
780 3795 916 3815 ......
935 3751 1051 3831 poterii
1075 3771 1132 3815 nos
1152 3772 1239 3833 sepn-

126 3871 192 3916 rnrc
209 3877 231 3919 c
257 3855 413 3918 oboriente
436 3851 517 3928 Dei,
537 3872 616 3935 quoe
646 3863 690 3916 cst
723 3852 758 3915 in
784 3851 908 3918 Cbristo
928 3851 1001 3916 Jcsu
1025 3853 1158 3916 Donum
1184 3875 1239 3917 nn

128 3963 210 4018 stro:
228 3977 246 4016 n
261 3953 323 4020 Sed
347 3954 469 4018 Paulus
491 3955 541 4015 bic
563 3962 623 4027 est,
646 3954 702 4033 qui
724 3955 804 4018 baec
826 3956 869 4016 ita
892 3955 997 4034 potuit
1018 3955 1138 4032 dicere;
1161 3957 1237 4034 quia

127 4073 180 4119 nec
195 4059 389 4137 praesentia,
404 4074 464 4118 nec
485 4065 635 4118 creatura
654 4056 717 4116 alia
740 4065 844 4135 potest
859 4073 934 4117 eum
949 4073 1101 4135 separare
1122 4073 1138 4116 a
1163 4056 1237 4118 cba-

130 4158 219 4221 ritate
241 4156 299 4221 nei
313 4205 321 4221 .
335 4203 363 4219 ..
388 4157 484 4221 Certe
508 4157 559 4218 rel
580 4156 662 4220 illud
685 4156 812 4218 lineata
833 4158 923 4217 nobis
944 4155 1142 4219 confidenter
1161 4154 1234 4232 dici,

126 4261 195 4335 guia
212 4277 319 4339 neque
340 4259 497 4321 secularis
509 4257 703 4319 literaturae
720 4275 827 4330 amor,
844 4273 949 4336 neque
967 4256 1234 4336 pbilnsnpborum
1267 4310 1271 4316 .

126 4361 317 4437 sophismata
340 4378 444 4439 neque
474 4357 774 4421 matbematicorum
795 4359 999 4438 deceptiones
1020 4367 1051 4422 et
1071 4369 1234 4421 astrorum
1285 4431 1293 4446 ,

127 4461 266 4524 simulati
279 4481 408 4536 cursus,
425 4479 528 4540 neque
540 4459 749 4523 divinationes
764 4462 954 4540 subreptitia
971 4461 1162 4524 daemonum
1178 4460 1237 4523 ial-

126 4557 205 4626 lacia
227 4561 491 4637 commendatae,
513 4579 618 4641 nequc
640 4562 729 4627 ullus
748 4564 878 4626 omniun
895 4563 1123 4640 praescientiae
1144 4580 1236 4627 amna
