3375 5567
446 753 534 819 Dens
556 775 614 837 per
637 756 866 826 incarnationis
886 766 1200 849 mysterium‚siooti
1219 784 1276 848 per
1298 772 1434 831 mortem
1452 770 1484 829 et
1502 780 1547 827 re·

445 858 679 923 surrectionem
699 878 791 926 surm
812 862 862 926 ilii
882 868 1094 945 comparavit.

501 954 583 1022 titt
601 966 713 1025 antem
734 980 760 1025 s.
785 962 908 1027 Doetor
932 964 1061 1029 divinae
1091 964 1331 1046 Redemptionis
1351 968 1471 1028 itonam
1495 981 1546 1023 er·

445 1055 532 1130 tulit,
554 1076 621 1138 qno
642 1080 704 1125 non
735 1064 842 1126 solum
865 1064 1026 1129 hominem
1047 1065 1249 1139 interiorem,
1276 1067 1332 1130 sed
1354 1076 1387 1129 et
1416 1063 1547 1127 euterio·

444 1173 513 1221 rem
533 1159 640 1224 sainte
660 1162 837 1235 affecerat,
857 1164 941 1227 adeo
963 1174 1000 1229 nt
1022 1183 1101 1229 earo
1132 1168 1253 1247 pecenti
1277 1176 1311 1232 et
1339 1163 1547 1243 corruptionis

345 1330 347 1335 ,
443 1266 477 1319 et
498 1259 610 1323 mortis
630 1259 737 1327 denno
756 1263 796 1324 ati
825 1264 978 1328 vitamet
1004 1266 1278 1346 incorruptionem
1303 1264 1529 1327 transferretur
1536 1280 1546 1338 3

444 1356 580 1437 idquae
604 1350 803 1425 medicorum
824 1364 997 1444 exemplo,
1022 1366 1141 1446 quibus
1153 1408 1166 1439 ,
1188 1367 1328 1446 primum
1358 1366 1415 1445 qni
1439 1379 1546 1429 curan

445 1468 525 1534 tur,
553 1463 742 1527 irascuntur
762 1465 804 1527 ob
825 1482 973 1545 seueram
998 1467 1149 1531 sectionis
1170 1466 1405 1540 mutationem,
1434 1482 1471 1527 ee
1497 1480 1547 1542 po·

440 1566 508 1623 stes
529 1564 596 1625 sani
618 1566 735 1641 gratias
756 1576 869 1645 agunt,
891 1567 1070 1631 disserens:
1090 1567 1168 1649 pari
1186 1568 1326 1643 ratione,
1343 1568 1465 1640 subdit,
1479 1565 1548 1625 toa·

436 1674 477 1735 no
497 1657 568 1721 aevi
586 1658 771 1737 interuallo,
783 1664 906 1729 raihta
929 1674 1063 1729 naturae
1083 1669 1167 1731 mmo
1189 1670 1294 1731 carnis
1314 1685 1429 1747 nempe
1443 1680 1545 1745 pecea-

441 1764 486 1832 to,
508 1755 553 1821 eit
573 1777 660 1825 auae
680 1761 825 1829 immixto
844 1775 874 1829 et
892 1765 1030 1841 iaaato,
1044 1768 1099 1831 abi
1117 1766 1155 1830 itt
1172 1765 1346 1847 pristinam
1364 1775 1483 1828 statam
1500 1763 1546 1826 ia-

437 1857 594 1926 stauratio
621 1866 800 1943 peraartuta
820 1863 881 1929 err't
907 1865 1051 1942 itteram,
1073 1866 1131 1947 qai
1150 1866 1187 1930 ia
1217 1886 1255 1929 aa
1274 1867 1363 1929 motio
1384 1860 1546 1927 vitiositate

434 1958 556 2038 jaceat,
588 1962 711 2041 oratioe
730 1964 929 2031 unanimiter
955 1966 995 2029 ai
1014 1965 1162 2031 aninam
1182 1976 1329 2031 ereatura
1357 1972 1505 2045 arentur,
1521 1971 1547 2023 et

439 2057 478 2119 ab
491 2057 602 2140 iirqai
616 2072 727 2144 utpote
748 2084 789 2129 ex
813 2068 931 2129 veteris
953 2067 1091 2130 hominis
1112 2068 1191 2147 vitio
1201 2070 1267 2131 nati
1274 2085 1333 2147 per
1341 2063 1545 2145 expiationem

436 2158 588 2238 eartiaati
605 2162 738 2243 [aeriae
760 2172 789 2225 et
808 2164 847 2227 ab
867 2163 948 2241 iltis,
969 2166 1081 2247 qaibra
1101 2185 1140 2229 se
1163 2165 1295 2231 initiam
1314 2165 1440 2245 quietem
1465 2162 1548 2226 aita-

388 2288 391 2293 ·
437 2256 535 2323 tionis
553 2278 672 2325 moeste
690 2263 768 2345 fait,
789 2266 912 2346 angelis
940 2268 1084 2346 inquam,
1106 2270 1164 2348 qui
1184 2269 1226 2332 ob
1256 2269 1383 2331 divinae
1404 2264 1546 2330 incarm-

439 2359 533 2423 tionis
554 2365 744 2445 mysterium
765 2366 804 2429 ad
827 2366 961 2434 hamoni
981 2368 1107 2448 generis
1125 2369 1279 2445 trintum,
1296 2366 1435 2449 gloriam
1454 2365 1547 2429 inex·

434 2457 530 2525 eelen
549 2458 618 2527 Deo
638 2467 796 2529 cecinere.

515 2556 662 2641 Denique
682 2564 861 2641 ooneiudit,
883 2564 986 2630 Deum
1008 2567 1041 2630 iu
1059 2576 1209 2647 suscepta
1229 2567 1452 2641 humanitate,
1473 2580 1543 2629 oum

435 2676 546 2723 omnes
568 2673 704 2730 naturae
725 2666 886 2729 humanae
907 2668 1136 2746 proprietates,
1156 2671 1408 2747 generationem,
1432 2666 1543 2731 edoca-

438 2758 568 2835 tionem,
585 2762 817 2828 incrementum
835 2766 914 2828 inse
929 2767 1108 2831 admisisset
1122 2786 1226 2847 nsque
1240 2768 1279 2828 ad
1296 2767 1409 2852 mortis
1424 2763 1543 2846 experi-

435 2868 579 2923 mentum
601 2864 700 2943 (qnod
724 2866 935 2946 praeeipuam
953 2866 1104 2931 tinctoris
1124 2876 1353 2946 argumentum
1375 2869 1543 2930 constitne-

437 2959 499 3036 rst)
522 2962 593 3025 ideo
614 2982 652 3029 en
673 2966 781 3031 omnia
802 2967 987 3047 perieeitse,
1010 2979 1047 3031 nt
1069 2969 1229 3033 hominem
1255 2969 1442 3033 interiorem
1463 2984 1480 3028 s
1502 2965 1543 3024 ri·

438 3060 482 3125 tio
503 3061 678 3140 liberaret,
701 3066 918 3146 eumdemque
940 3068 1007 3130 sitii
1029 3067 1252 3145 inuentorem,
1274 3085 1405 3136 esruetn
1425 3066 1542 3131 seilicet

430 3163 571 3243 ¹peceati,
595 3165 823 3246 hominemque
843 3169 1041 3231 exteriorem
1062 3179 1205 3244 teneret,
1225 3171 1308 3233 ineo
1328 3168 1442 3233 ordine
1456 3165 1542 3230 resti·

438 3271 559 3341 tntum,
590 3282 696 3343 quos
729 3264 797 3341 Deo
819 3268 961 3347 primum
992 3266 1140 3331 conditos
1162 3267 1234 3333 iuit.
1260 3266 1448 3341 Praeterea,
1471 3283 1541 3329 enm

428 3374 549 3429 eontra
571 3364 824 3432 incarnationem
847 3369 991 3453 mysterii
1011 3368 1246 3433 obtrectatores
1259 3368 1373 3445 (veluti
1396 3369 1458 3431 hoo
1479 3364 1542 3427 Deo

433 3465 600 3551 indiguum
622 3468 820 3549 reputantes)
842 3468 1008 3552 Nyssenos
1028 3488 1134 3550 neque
1156 3470 1196 3532 de
1215 3470 1317 3533 coelis
1337 3487 1396 3533 neo
1416 3466 1542 3531 aliunde

436 3583 566 3631 earnem
587 3586 698 3633 seeum
721 3570 853 3635 trahere
874 3568 990 3643 Deum,
1013 3570 1149 3649 decere,
1171 3570 1353 3643 docuisset,
1371 3570 1426 3633 sed
1442 3570 1481 3631 de
1494 3586 1545 3629 eo·

437 3666 510 3733 dem
540 3668 615 3735 loeo
635 3678 669 3733 et
700 3672 850 3743 materia,
872 3670 913 3733 de
934 3678 1041 3731 nostra
1063 3672 1186 3735 scilieet
1209 3681 1337 3747 natura,
1359 3673 1481 3751 qnippe
1504 3667 1543 3729 ibi

436 3770 549 3834 sordes
571 3771 704 3851 vitiique
726 3771 964 3850 inquinamenta
985 3772 1171 3847 extiterant,
1189 3771 1300 3850 ibique
1314 3778 1544 3849 consequenter

437 3872 628 3937 instauratio
644 3870 780 3935 hominis
794 3878 857 3933 tom
877 3870 1068 3951 spiritualis,
1080 3888 1178 3952 quem
1199 3866 1542 3935 animalisinstitoeuda

436 3978 519 4050 erst;
541 3970 581 4035 ati
602 3979 711 4035 estem
734 3971 848 4035 transit
867 3972 946 4051 quin
967 3972 1008 4035 de
1026 3982 1137 4035 satana
1158 3970 1296 4052 ejusque
1315 3970 1444 4037 assertis
1471 3985 1543 4047 run

435 4066 532 4154 plinio
552 4081 711 4153 perpetuo
742 4072 912 4148 damnatis,
934 4072 974 4134 ao
997 4073 1226 4138 beatitudinem
1256 4072 1432 4154 aliquando
1457 4068 1543 4132 resti·

436 4173 574 4252 tuendis,
598 4173 732 4239 verbnm
747 4192 811 4239 non
833 4173 1115 4253 tantumhaberet3
1134 4174 1191 4240 aeti
1203 4192 1265 4249 neo
1278 4183 1421 4255 unquam
1435 4186 1541 4237 secam

436 4274 611 4353 cogitarem
634 4272 722 4354 quod
743 4280 814 4339 erat
834 4272 1131 4343 demonstrantium.

894 4509 1086 4541 ’.ΜΟ-
