<?xml version="1.0" encoding="UTF-8"?>
<!DOCTYPE html PUBLIC "-//W3C//DTD XHTML 1.0 Transitional//EN"
    "http://www.w3.org/TR/xhtml1/DTD/xhtml1-transitional.dtd">
<html xmlns="http://www.w3.org/1999/xhtml" xml:lang="en" lang="en">
 <head>
  <title>
</title>
<meta http-equiv="Content-Type" content="text/html;charset=utf-8" />
  <meta name='ocr-system' content='tesseract 3.04.00' />
  <meta name='ocr-capabilities' content='ocr_page ocr_carea ocr_par ocr_line ocrx_word'/>
</head>
<body>
  <div class='ocr_page' id='page_1' title='image "./insgregoriinyss02vincgoog/insgregoriinyss02vincgoog_0842.png"; bbox 0 0 3375 5567; ppageno 0'>
   <div class='ocr_carea' id='block_1_1' title="bbox 322 696 1602 4500">
    <p class='ocr_par' dir='ltr' id='par_1_1' title="bbox 402 663 1602 1886">
     <span class='ocr_line' id='line_1_1' title="bbox 404 696 1517 780; baseline 0.002 -20"><span class='ocrx_word' id='word_1_1' title='bbox 404 697 501 774; x_wconf 87' lang='lat' dir='ltr'><strong>cient,</strong></span> <span class='ocrx_word' id='word_1_2' title='bbox 523 697 598 777; x_wconf 80' lang='lat' dir='ltr'><strong>olus</strong></span> <span class='ocrx_word' id='word_1_3' title='bbox 618 714 637 758; x_wconf 87' lang='lat' dir='ltr'><strong>a</strong></span> <span class='ocrx_word' id='word_1_4' title='bbox 661 704 691 759; x_wconf 88' lang='lat' dir='ltr'><strong>te</strong></span> <span class='ocrx_word' id='word_1_5' title='bbox 712 702 785 776; x_wconf 82' lang='lat' dir='ltr'><strong>post</strong></span> <span class='ocrx_word' id='word_1_6' title='bbox 806 696 967 777; x_wconf 74' lang='lat' dir='ltr'><strong>eiusmodi</strong></span> <span class='ocrx_word' id='word_1_7' title='bbox 987 697 1161 764; x_wconf 85' lang='lat' dir='ltr'><strong>discessum</strong></span> <span class='ocrx_word' id='word_1_8' title='bbox 1183 698 1354 780; x_wconf 85' lang='lat' dir='ltr'><strong>adjuvati,</strong></span> <span class='ocrx_word' id='word_1_9' title='bbox 1376 716 1473 780; x_wconf 82' lang='lat' dir='ltr'><strong>quem</strong></span> <span class='ocrx_word' id='word_1_10' title='bbox 1494 702 1517 765; x_wconf 84' lang='lat' dir='ltr'><strong>si</strong></span> 
     </span>
     <span class='ocr_line' id='line_1_2' title="bbox 404 795 1602 879; baseline 0 -19"><span class='ocrx_word' id='word_1_11' title='bbox 404 815 480 861; x_wconf 89' lang='lat' dir='ltr'><strong>cum</strong></span> <span class='ocrx_word' id='word_1_12' title='bbox 501 797 566 861; x_wconf 91' lang='lat' dir='ltr'><strong>illis</strong></span> <span class='ocrx_word' id='word_1_13' title='bbox 587 798 803 860; x_wconf 78' lang='lat' dir='ltr'><strong>remansisses.</strong></span> <span class='ocrx_word' id='word_1_14' title='bbox 827 795 914 862; x_wconf 91' lang='lat' dir='ltr'><strong>Scies</strong></span> <span class='ocrx_word' id='word_1_15' title='bbox 935 800 1018 862; x_wconf 89' lang='lat' dir='ltr'><strong>enim</strong></span> <span class='ocrx_word' id='word_1_16' title='bbox 1044 807 1121 864; x_wconf 90' lang='lat' dir='ltr'><strong>tunc</strong></span> <span class='ocrx_word' id='word_1_17' title='bbox 1148 801 1264 872; x_wconf 88' lang='lat' dir='ltr'><strong>melius</strong></span> <span class='ocrx_word' id='word_1_18' title='bbox 1290 799 1454 879; x_wconf 90' lang='lat' dir='ltr'><strong>quomodo</strong></span> <span class='ocrx_word' id='word_1_19' title='bbox 1474 799 1517 860; x_wconf 90' lang='lat' dir='ltr'><strong>di·</strong></span> <span class='ocrx_word' id='word_1_20' title='bbox 1601 799 1602 846; x_wconf 57' lang='grc' dir='ltr'>ἐ</span> 
     </span>
     <span class='ocr_line' id='line_1_3' title="bbox 403 898 1517 980; baseline 0.002 -20"><span class='ocrx_word' id='word_1_21' title='bbox 403 898 524 978; x_wconf 78' lang='lat' dir='ltr'><strong>ligendi</strong></span> <span class='ocrx_word' id='word_1_22' title='bbox 544 905 641 977; x_wconf 77' lang='lat' dir='ltr'><strong>snnl3</strong></span> <span class='ocrx_word' id='word_1_23' title='bbox 663 906 695 962; x_wconf 89' lang='lat' dir='ltr'><strong>et</strong></span> <span class='ocrx_word' id='word_1_24' title='bbox 716 898 909 979; x_wconf 80' lang='lat' dir='ltr'><strong>prudentius</strong></span> <span class='ocrx_word' id='word_1_25' title='bbox 930 917 991 979; x_wconf 75' lang='lat' dir='ltr'><strong>pro</strong></span> <span class='ocrx_word' id='word_1_26' title='bbox 1013 899 1078 962; x_wconf 90' lang='lat' dir='ltr'><strong>illis</strong></span> <span class='ocrx_word' id='word_1_27' title='bbox 1099 901 1220 976; x_wconf 87' lang='lat' dir='ltr'><strong>orabis,</strong></span> <span class='ocrx_word' id='word_1_28' title='bbox 1241 901 1267 962; x_wconf 93' lang='lat' dir='ltr'><strong>si</strong></span> <span class='ocrx_word' id='word_1_29' title='bbox 1281 901 1473 980; x_wconf 73' lang='lat' dir='ltr'><strong>cognoveris</strong></span> <span class='ocrx_word' id='word_1_30' title='bbox 1486 899 1517 962; x_wconf 88' lang='lat' dir='ltr'><strong>d·</strong></span> 
     </span>
     <span class='ocr_line' id='line_1_4' title="bbox 403 999 1602 1075; baseline -0.007 -13"><span class='ocrx_word' id='word_1_31' title='bbox 403 999 467 1063; x_wconf 87' lang='lat' dir='ltr'><strong>lios</strong></span> <span class='ocrx_word' id='word_1_32' title='bbox 488 1006 563 1063; x_wconf 87' lang='lat' dir='ltr'><strong>tuos</strong></span> <span class='ocrx_word' id='word_1_33' title='bbox 583 1018 664 1075; x_wconf 87' lang='lat' dir='ltr'><strong>esse,</strong></span> <span class='ocrx_word' id='word_1_34' title='bbox 687 1018 750 1064; x_wconf 91' lang='lat' dir='ltr'><strong>nou</strong></span> <span class='ocrx_word' id='word_1_35' title='bbox 771 1018 882 1064; x_wconf 88' lang='lat' dir='ltr'><strong>semen</strong></span> <span class='ocrx_word' id='word_1_36' title='bbox 903 1006 1075 1064; x_wconf 77' lang='lat' dir='ltr'><strong>tantum.»</strong></span> <span class='ocrx_word' id='word_1_37' title='bbox 1601 1023 1602 1054; x_wconf 68' lang='lat' dir='ltr'><strong>t</strong></span> 
     </span>
     <span class='ocr_line' id='line_1_5' title="bbox 484 1099 1602 1186; baseline 0 -22"><span class='ocrx_word' id='word_1_38' title='bbox 484 1099 642 1164; x_wconf 75' lang='lat' dir='ltr'>Similiter</span> <span class='ocrx_word' id='word_1_39' title='bbox 660 1110 774 1165; x_wconf 86' lang='lat' dir='ltr'><strong>contra</strong></span> <span class='ocrx_word' id='word_1_40' title='bbox 788 1100 918 1165; x_wconf 82' lang='lat' dir='ltr'><strong>Celsum</strong></span> <span class='ocrx_word' id='word_1_41' title='bbox 942 1100 1039 1165; x_wconf 88' lang='lat' dir='ltr'><strong>Libro</strong></span> <span class='ocrx_word' id='word_1_42' title='bbox 1057 1100 1146 1165; x_wconf 91' lang='lat' dir='ltr'><strong>Vlll.</strong></span> <span class='ocrx_word' id='word_1_43' title='bbox 1170 1121 1201 1165; x_wconf 89' lang='lat' dir='ltr'><strong>n.</strong></span> <span class='ocrx_word' id='word_1_44' title='bbox 1220 1101 1272 1172; x_wconf 71' lang='lat' dir='ltr'><strong>ut.</strong></span> <span class='ocrx_word' id='word_1_45' title='bbox 1290 1103 1329 1166; x_wconf 92' lang='lat' dir='ltr'><strong>de</strong></span> <span class='ocrx_word' id='word_1_46' title='bbox 1345 1101 1465 1182; x_wconf 86' lang='lat' dir='ltr'><strong>angelis</strong></span> <span class='ocrx_word' id='word_1_47' title='bbox 1479 1103 1519 1164; x_wconf 91' lang='lat' dir='ltr'><strong>iu·</strong></span> <span class='ocrx_word' id='word_1_48' title='bbox 1601 1143 1602 1186; x_wconf 69' lang='lat'><strong>,</strong></span> 
     </span>
     <span class='ocr_line' id='line_1_6' title="bbox 405 1199 1602 1288; baseline 0.002 -24"><span class='ocrx_word' id='word_1_49' title='bbox 405 1203 638 1288; x_wconf 87' lang='lat' dir='ltr'><strong>tercessoribus</strong></span> <span class='ocrx_word' id='word_1_50' title='bbox 659 1203 795 1265; x_wconf 83' lang='lat' dir='ltr'><strong>scribit:</strong></span> <span class='ocrx_word' id='word_1_51' title='bbox 820 1199 948 1276; x_wconf 77' lang='lat' dir='ltr'><strong>«Quod</strong></span> <span class='ocrx_word' id='word_1_52' title='bbox 971 1204 998 1265; x_wconf 90' lang='lat' dir='ltr'><strong>si</strong></span> <span class='ocrx_word' id='word_1_53' title='bbox 1020 1204 1115 1266; x_wconf 90' lang='lat' dir='ltr'><strong>etiam</strong></span> <span class='ocrx_word' id='word_1_54' title='bbox 1138 1221 1254 1283; x_wconf 83' lang='lat' dir='ltr'><strong>magno</strong></span> <span class='ocrx_word' id='word_1_55' title='bbox 1276 1221 1416 1267; x_wconf 90' lang='lat' dir='ltr'><strong>numero</strong></span> <span class='ocrx_word' id='word_1_56' title='bbox 1437 1202 1520 1282; x_wconf 75' lang='lat' dir='ltr'><strong>enni·</strong></span> <span class='ocrx_word' id='word_1_57' title='bbox 1601 1207 1602 1212; x_wconf 76' lang='grc'>’</span> 
     </span>
     <span class='ocr_line' id='line_1_7' title="bbox 405 1303 1522 1384; baseline -0.004 -17"><span class='ocrx_word' id='word_1_58' title='bbox 405 1323 476 1368; x_wconf 92' lang='lat' dir='ltr'><strong>mus</strong></span> <span class='ocrx_word' id='word_1_59' title='bbox 490 1323 572 1379; x_wconf 90' lang='lat' dir='ltr'><strong>esse,</strong></span> <span class='ocrx_word' id='word_1_60' title='bbox 589 1322 671 1384; x_wconf 83' lang='lat' dir='ltr'><strong>qnos</strong></span> <span class='ocrx_word' id='word_1_61' title='bbox 687 1303 845 1367; x_wconf 82' lang='lat' dir='ltr'><strong>beneficos</strong></span> <span class='ocrx_word' id='word_1_62' title='bbox 861 1303 951 1366; x_wconf 92' lang='lat' dir='ltr'><strong>nobis</strong></span> <span class='ocrx_word' id='word_1_63' title='bbox 970 1303 1134 1382; x_wconf 81' lang='lat' dir='ltr'><strong>columns3</strong></span> <span class='ocrx_word' id='word_1_64' title='bbox 1150 1303 1309 1367; x_wconf 88' lang='lat' dir='ltr'><strong>docemur</strong></span> <span class='ocrx_word' id='word_1_65' title='bbox 1327 1304 1436 1368; x_wconf 85' lang='lat' dir='ltr'><strong>decies</strong></span> <span class='ocrx_word' id='word_1_66' title='bbox 1457 1303 1522 1366; x_wconf 89' lang='lat' dir='ltr'><strong>mll-</strong></span> 
     </span>
     <span class='ocr_line' id='line_1_8' title="bbox 405 1403 1602 1480; baseline 0 -14"><span class='ocrx_word' id='word_1_67' title='bbox 405 1404 476 1480; x_wconf 88' lang='lat' dir='ltr'><strong>lies,</strong></span> <span class='ocrx_word' id='word_1_68' title='bbox 498 1411 631 1468; x_wconf 87' lang='lat' dir='ltr'><strong>centena</strong></span> <span class='ocrx_word' id='word_1_69' title='bbox 652 1403 754 1467; x_wconf 91' lang='lat' dir='ltr'><strong>millia</strong></span> <span class='ocrx_word' id='word_1_70' title='bbox 776 1403 931 1466; x_wconf 78' lang='lat' dir='ltr'><strong>adsistere</strong></span> <span class='ocrx_word' id='word_1_71' title='bbox 953 1406 996 1480; x_wconf 90' lang='lat' dir='ltr'><strong>ei,</strong></span> <span class='ocrx_word' id='word_1_72' title='bbox 1013 1413 1046 1467; x_wconf 89' lang='lat' dir='ltr'><strong>et</strong></span> <span class='ocrx_word' id='word_1_73' title='bbox 1066 1404 1168 1468; x_wconf 91' lang='lat' dir='ltr'><strong>millia</strong></span> <span class='ocrx_word' id='word_1_74' title='bbox 1185 1403 1325 1468; x_wconf 89' lang='lat' dir='ltr'><strong>millium</strong></span> <span class='ocrx_word' id='word_1_75' title='bbox 1344 1403 1521 1466; x_wconf 84' lang='lat' dir='ltr'><strong>ministrare</strong></span> <span class='ocrx_word' id='word_1_76' title='bbox 1601 1441 1602 1448; x_wconf 28' lang='grc' dir='ltr'><strong>ι</strong></span> 
     </span>
     <span class='ocr_line' id='line_1_9' title="bbox 404 1503 1520 1585; baseline -0.001 -19"><span class='ocrx_word' id='word_1_77' title='bbox 404 1505 445 1567; x_wconf 89' lang='lat' dir='ltr'><strong>ei.</strong></span> <span class='ocrx_word' id='word_1_78' title='bbox 470 1503 553 1568; x_wconf 88' lang='lat' dir='ltr'><strong>Nam</strong></span> <span class='ocrx_word' id='word_1_79' title='bbox 571 1504 602 1565; x_wconf 90' lang='lat' dir='ltr'><strong>bi</strong></span> <span class='ocrx_word' id='word_1_80' title='bbox 618 1523 680 1567; x_wconf 90' lang='lat' dir='ltr'><strong>cen</strong></span> <span class='ocrx_word' id='word_1_81' title='bbox 694 1513 846 1584; x_wconf 84' lang='lat' dir='ltr'><strong>cognatos</strong></span> <span class='ocrx_word' id='word_1_82' title='bbox 868 1512 900 1568; x_wconf 87' lang='lat' dir='ltr'><strong>ot</strong></span> <span class='ocrx_word' id='word_1_83' title='bbox 916 1505 1036 1568; x_wconf 86' lang='lat' dir='ltr'><strong>amieos</strong></span> <span class='ocrx_word' id='word_1_84' title='bbox 1052 1503 1196 1568; x_wconf 83' lang='lat' dir='ltr'><strong>videntes</strong></span> <span class='ocrx_word' id='word_1_85' title='bbox 1211 1523 1279 1578; x_wconf 87' lang='lat' dir='ltr'><strong>eos,</strong></span> <span class='ocrx_word' id='word_1_86' title='bbox 1302 1505 1360 1585; x_wconf 92' lang='lat' dir='ltr'><strong>qni</strong></span> <span class='ocrx_word' id='word_1_87' title='bbox 1383 1505 1520 1583; x_wconf 82' lang='lat' dir='ltr'><strong>iosomm</strong></span> 
     </span>
     <span class='ocr_line' id='line_1_10' title="bbox 406 1603 1602 1686; baseline -0.001 -18"><span class='ocrx_word' id='word_1_88' title='bbox 406 1608 438 1669; x_wconf 93' lang='lat' dir='ltr'><strong>iu</strong></span> <span class='ocrx_word' id='word_1_89' title='bbox 461 1605 564 1673; x_wconf 87' lang='lat' dir='ltr'><strong>Oeum</strong></span> <span class='ocrx_word' id='word_1_90' title='bbox 587 1606 738 1686; x_wconf 83' lang='lat' dir='ltr'><strong>pietatem</strong></span> <span class='ocrx_word' id='word_1_91' title='bbox 759 1605 990 1680; x_wconf 89' lang='lat' dir='ltr'><strong>aemulantur,</strong></span> <span class='ocrx_word' id='word_1_92' title='bbox 1013 1623 1051 1668; x_wconf 88' lang='lat' dir='ltr'><strong>sc</strong></span> <span class='ocrx_word' id='word_1_93' title='bbox 1073 1603 1177 1668; x_wconf 85' lang='lat' dir='ltr'><strong>ileum</strong></span> <span class='ocrx_word' id='word_1_94' title='bbox 1201 1607 1373 1680; x_wconf 81' lang='lat' dir='ltr'><strong>invocant,</strong></span> <span class='ocrx_word' id='word_1_95' title='bbox 1399 1607 1520 1683; x_wconf 80' lang='lat' dir='ltr'><strong>riteque</strong></span> <span class='ocrx_word' id='word_1_96' title='bbox 1601 1613 1602 1676; x_wconf 70' lang='grc' dir='ltr'>ξ</span> 
     </span>
     <span class='ocr_line' id='line_1_11' title="bbox 405 1703 1602 1794; baseline -0.002 -28"><span class='ocrx_word' id='word_1_97' title='bbox 405 1706 500 1778; x_wconf 84' lang='lat' dir='ltr'><strong>illum</strong></span> <span class='ocrx_word' id='word_1_98' title='bbox 523 1713 721 1784; x_wconf 80' lang='lat' dir='ltr'><strong>precantur,</strong></span> <span class='ocrx_word' id='word_1_99' title='bbox 745 1723 862 1772; x_wconf 87' lang='lat' dir='ltr'><strong>eorum</strong></span> <span class='ocrx_word' id='word_1_100' title='bbox 889 1705 988 1768; x_wconf 85' lang='lat' dir='ltr'><strong>soluti</strong></span> <span class='ocrx_word' id='word_1_101' title='bbox 1013 1705 1240 1794; x_wconf 82' lang='lat' dir='ltr'><strong>collaborant,</strong></span> <span class='ocrx_word' id='word_1_102' title='bbox 1266 1705 1331 1767; x_wconf 92' lang='lat' dir='ltr'><strong>illis</strong></span> <span class='ocrx_word' id='word_1_103' title='bbox 1356 1709 1520 1786; x_wconf 80' lang='lat' dir='ltr'><strong>apparent,</strong></span> <span class='ocrx_word' id='word_1_104' title='bbox 1601 1703 1602 1748; x_wconf 61' lang='grc' dir='ltr'><strong>Τ</strong></span> 
     </span>
     <span class='ocr_line' id='line_1_12' title="bbox 402 1803 1520 1886; baseline -0.005 -14"><span class='ocrx_word' id='word_1_105' title='bbox 402 1813 584 1886; x_wconf 83' lang='lat' dir='ltr'><strong>putantque</strong></span> <span class='ocrx_word' id='word_1_106' title='bbox 599 1807 649 1873; x_wconf 84' lang='lat' dir='ltr'><strong>sui</strong></span> <span class='ocrx_word' id='word_1_107' title='bbox 664 1825 732 1868; x_wconf 88' lang='lat' dir='ltr'><strong>esse</strong></span> <span class='ocrx_word' id='word_1_108' title='bbox 746 1805 842 1870; x_wconf 82' lang='lat' dir='ltr'><strong>officii</strong></span> <span class='ocrx_word' id='word_1_109' title='bbox 857 1807 922 1870; x_wconf 88' lang='lat' dir='ltr'><strong>illis</strong></span> <span class='ocrx_word' id='word_1_110' title='bbox 934 1806 1128 1885; x_wconf 87' lang='lat' dir='ltr'><strong>obsequium</strong></span> <span class='ocrx_word' id='word_1_111' title='bbox 1145 1815 1313 1885; x_wconf 80' lang='lat' dir='ltr'><strong>praestare</strong></span> <span class='ocrx_word' id='word_1_112' title='bbox 1326 1813 1388 1868; x_wconf 89' lang='lat' dir='ltr'><strong>eto.</strong></span> <span class='ocrx_word' id='word_1_113' title='bbox 1403 1823 1421 1862; x_wconf 86' lang='grc' dir='ltr'><strong>ιι</strong></span> <span class='ocrx_word' id='word_1_114' title='bbox 1437 1803 1520 1868; x_wconf 86' lang='lat' dir='ltr'><strong>ideo·</strong></span> 
     </span>
    </p>

    <p class='ocr_par' dir='ltr' id='par_1_2' title="bbox 322 1902 1521 2188">
     <span class='ocr_line' id='line_1_13' title="bbox 322 1902 1520 1986; baseline -0.003 -17"><span class='ocrx_word' id='word_1_115' title='bbox 322 1969 331 1980; x_wconf 72' lang='grc'><em>,</em></span> <span class='ocrx_word' id='word_1_116' title='bbox 406 1924 472 1986; x_wconf 92' lang='lat' dir='ltr'><strong>que</strong></span> <span class='ocrx_word' id='word_1_117' title='bbox 486 1904 627 1968; x_wconf 84' lang='lat' dir='ltr'><strong>Humilia</strong></span> <span class='ocrx_word' id='word_1_118' title='bbox 651 1902 675 1965; x_wconf 91' lang='lat' dir='ltr'><strong>l.</strong></span> <span class='ocrx_word' id='word_1_119' title='bbox 698 1907 731 1968; x_wconf 92' lang='lat' dir='ltr'><strong>in</strong></span> <span class='ocrx_word' id='word_1_120' title='bbox 747 1905 950 1970; x_wconf 84' lang='lat' dir='ltr'><strong>lirecbielem</strong></span> <span class='ocrx_word' id='word_1_121' title='bbox 974 1924 1004 1967; x_wconf 92' lang='lat' dir='ltr'><strong>u.</strong></span> <span class='ocrx_word' id='word_1_122' title='bbox 1025 1903 1057 1970; x_wconf 88' lang='grc'><strong>6.</strong></span> <span class='ocrx_word' id='word_1_123' title='bbox 1081 1907 1189 1986; x_wconf 82' lang='lat' dir='ltr'><strong>ajebat</strong></span> <span class='ocrx_word' id='word_1_124' title='bbox 1207 1906 1382 1986; x_wconf 75' lang='lat' dir='ltr'><strong>Origenes:</strong></span> <span class='ocrx_word' id='word_1_125' title='bbox 1400 1926 1418 1966; x_wconf 87' lang='grc' dir='ltr'><strong>ιι</strong></span> <span class='ocrx_word' id='word_1_126' title='bbox 1434 1902 1520 1980; x_wconf 89' lang='lat' dir='ltr'><strong>Veni,</strong></span> 
     </span>
     <span class='ocr_line' id='line_1_14' title="bbox 406 2004 1521 2086; baseline 0 -20"><span class='ocrx_word' id='word_1_127' title='bbox 406 2005 532 2085; x_wconf 77' lang='lat' dir='ltr'><strong>angele,</strong></span> <span class='ocrx_word' id='word_1_128' title='bbox 552 2005 680 2084; x_wconf 83' lang='lat' dir='ltr'><strong>suscipe</strong></span> <span class='ocrx_word' id='word_1_129' title='bbox 699 2024 849 2070; x_wconf 89' lang='lat' dir='ltr'><strong>sermone</strong></span> <span class='ocrx_word' id='word_1_130' title='bbox 870 2023 1064 2070; x_wconf 81' lang='lat' dir='ltr'><strong>conuersum</strong></span> <span class='ocrx_word' id='word_1_131' title='bbox 1086 2007 1127 2071; x_wconf 86' lang='lat' dir='ltr'><strong>sb</strong></span> <span class='ocrx_word' id='word_1_132' title='bbox 1141 2025 1257 2070; x_wconf 83' lang='lat' dir='ltr'><strong>ersom</strong></span> <span class='ocrx_word' id='word_1_133' title='bbox 1270 2007 1425 2086; x_wconf 80' lang='lat' dir='ltr'><strong>pristino,</strong></span> <span class='ocrx_word' id='word_1_134' title='bbox 1438 2023 1457 2067; x_wconf 81' lang='lat' dir='ltr'><strong>a</strong></span> <span class='ocrx_word' id='word_1_135' title='bbox 1472 2004 1521 2067; x_wconf 90' lang='lat' dir='ltr'><strong>do·</strong></span> 
     </span>
     <span class='ocr_line' id='line_1_15' title="bbox 407 2107 1512 2188; baseline 0 -19"><span class='ocrx_word' id='word_1_136' title='bbox 407 2107 509 2169; x_wconf 81' lang='lat' dir='ltr'><strong>ctrina</strong></span> <span class='ocrx_word' id='word_1_137' title='bbox 533 2107 791 2184; x_wconf 87' lang='lat' dir='ltr'><strong>daemoniorum,</strong></span> <span class='ocrx_word' id='word_1_138' title='bbox 813 2109 854 2169; x_wconf 94' lang='lat' dir='ltr'><strong>ab</strong></span> <span class='ocrx_word' id='word_1_139' title='bbox 876 2109 1045 2187; x_wconf 83' lang='lat' dir='ltr'><strong>iniquitate</strong></span> <span class='ocrx_word' id='word_1_140' title='bbox 1067 2109 1098 2172; x_wconf 93' lang='lat' dir='ltr'><strong>in</strong></span> <span class='ocrx_word' id='word_1_141' title='bbox 1120 2108 1223 2172; x_wconf 88' lang='lat' dir='ltr'><strong>altum</strong></span> <span class='ocrx_word' id='word_1_142' title='bbox 1248 2108 1407 2188; x_wconf 86' lang='lat' dir='ltr'><strong>loquente</strong></span> <span class='ocrx_word' id='word_1_143' title='bbox 1426 2115 1512 2170; x_wconf 79' lang='lat' dir='ltr'><strong>eto.»</strong></span> 
     </span>
    </p>

    <p class='ocr_par' dir='ltr' id='par_1_3' title="bbox 407 2202 1602 2889">
     <span class='ocr_line' id='line_1_16' title="bbox 487 2202 1602 2287; baseline 0.004 -20"><span class='ocrx_word' id='word_1_144' title='bbox 487 2202 639 2271; x_wconf 76' lang='lat' dir='ltr'><strong>Attamen</strong></span> <span class='ocrx_word' id='word_1_145' title='bbox 659 2213 771 2270; x_wconf 82' lang='lat' dir='ltr'><strong>contra</strong></span> <span class='ocrx_word' id='word_1_146' title='bbox 793 2206 938 2285; x_wconf 78' lang='lat' dir='ltr'><strong>praelata</strong></span> <span class='ocrx_word' id='word_1_147' title='bbox 960 2206 1034 2287; x_wconf 90' lang='lat' dir='ltr'><strong>quis</strong></span> <span class='ocrx_word' id='word_1_148' title='bbox 1056 2208 1209 2271; x_wconf 90' lang='lat' dir='ltr'><strong>institerit</strong></span> <span class='ocrx_word' id='word_1_149' title='bbox 1228 2208 1390 2286; x_wconf 90' lang='lat' dir='ltr'><strong>inquiens,</strong></span> <span class='ocrx_word' id='word_1_150' title='bbox 1414 2204 1520 2284; x_wconf 85' lang='lat' dir='ltr'><strong>Orige-</strong></span> <span class='ocrx_word' id='word_1_151' title='bbox 1601 2241 1602 2272; x_wconf 50' lang='grc' dir='ltr'><strong>ι</strong></span> 
     </span>
     <span class='ocr_line' id='line_1_17' title="bbox 407 2302 1602 2387; baseline -0.002 -19"><span class='ocrx_word' id='word_1_152' title='bbox 407 2321 480 2373; x_wconf 82' lang='lat' dir='ltr'><strong>ocur</strong></span> <span class='ocrx_word' id='word_1_153' title='bbox 501 2304 533 2368; x_wconf 92' lang='lat' dir='ltr'><strong>iu</strong></span> <span class='ocrx_word' id='word_1_154' title='bbox 555 2303 652 2375; x_wconf 87' lang='lat' dir='ltr'><strong>Libro</strong></span> <span class='ocrx_word' id='word_1_155' title='bbox 675 2302 713 2367; x_wconf 91' lang='lat' dir='ltr'><strong>V.</strong></span> <span class='ocrx_word' id='word_1_156' title='bbox 735 2323 766 2368; x_wconf 91' lang='lat' dir='ltr'><strong>o.</strong></span> <span class='ocrx_word' id='word_1_157' title='bbox 788 2303 819 2372; x_wconf 89' lang='lat'><strong>5.</strong></span> <span class='ocrx_word' id='word_1_158' title='bbox 842 2323 962 2386; x_wconf 87' lang='lat' dir='ltr'><strong>negare</strong></span> <span class='ocrx_word' id='word_1_159' title='bbox 982 2305 1070 2387; x_wconf 92' lang='lat' dir='ltr'><strong>qnod</strong></span> <span class='ocrx_word' id='word_1_160' title='bbox 1092 2315 1185 2370; x_wconf 86' lang='lat' dir='ltr'><strong>antea</strong></span> <span class='ocrx_word' id='word_1_161' title='bbox 1207 2305 1361 2373; x_wconf 74' lang='lat' dir='ltr'><strong>firmavit.</strong></span> <span class='ocrx_word' id='word_1_162' title='bbox 1375 2303 1520 2384; x_wconf 83' lang='lat' dir='ltr'><strong>Namque</strong></span> <span class='ocrx_word' id='word_1_163' title='bbox 1601 2377 1602 2380; x_wconf 8' lang='grc' dir='ltr'><strong>Ἴ</strong></span> 
     </span>
     <span class='ocr_line' id='line_1_18' title="bbox 408 2402 1521 2486; baseline 0.002 -20"><span class='ocrx_word' id='word_1_164' title='bbox 408 2405 440 2466; x_wconf 93' lang='lat' dir='ltr'><strong>in</strong></span> <span class='ocrx_word' id='word_1_165' title='bbox 455 2402 587 2471; x_wconf 86' lang='lat' dir='ltr'><strong>Celsum</strong></span> <span class='ocrx_word' id='word_1_166' title='bbox 600 2409 666 2469; x_wconf 84' lang='lat' dir='ltr'><strong>ait:</strong></span> <span class='ocrx_word' id='word_1_167' title='bbox 684 2404 838 2471; x_wconf 81' lang='lat' dir='ltr'><strong>«Verum</strong></span> <span class='ocrx_word' id='word_1_168' title='bbox 859 2405 1004 2486; x_wconf 83' lang='lat' dir='ltr'><strong>angelos,</strong></span> <span class='ocrx_word' id='word_1_169' title='bbox 1028 2423 1173 2486; x_wconf 88' lang='lat' dir='ltr'><strong>quorum</strong></span> <span class='ocrx_word' id='word_1_170' title='bbox 1199 2406 1353 2486; x_wconf 90' lang='lat' dir='ltr'><strong>cognitio,</strong></span> <span class='ocrx_word' id='word_1_171' title='bbox 1375 2421 1521 2486; x_wconf 88' lang='lat' dir='ltr'><strong>quaesu-</strong></span> 
     </span>
     <span class='ocr_line' id='line_1_19' title="bbox 410 2505 1518 2587; baseline 0 -19"><span class='ocrx_word' id='word_1_172' title='bbox 410 2522 468 2586; x_wconf 82' lang='lat' dir='ltr'><strong>pru</strong></span> <span class='ocrx_word' id='word_1_173' title='bbox 489 2506 651 2571; x_wconf 88' lang='lat' dir='ltr'><strong>huminem</strong></span> <span class='ocrx_word' id='word_1_174' title='bbox 672 2514 740 2579; x_wconf 84' lang='lat' dir='ltr'><strong>evi,</strong></span> <span class='ocrx_word' id='word_1_175' title='bbox 762 2517 949 2587; x_wconf 83' lang='lat' dir='ltr'><strong>oomoorsta</strong></span> <span class='ocrx_word' id='word_1_176' title='bbox 971 2525 1035 2574; x_wconf 93' lang='lat' dir='ltr'><strong>non</strong></span> <span class='ocrx_word' id='word_1_177' title='bbox 1057 2506 1181 2584; x_wconf 88' lang='lat' dir='ltr'><strong>luerit,</strong></span> <span class='ocrx_word' id='word_1_178' title='bbox 1203 2525 1221 2570; x_wconf 91' lang='lat' dir='ltr'><strong>a</strong></span> <span class='ocrx_word' id='word_1_179' title='bbox 1244 2508 1337 2570; x_wconf 89' lang='lat' dir='ltr'><strong>nobis</strong></span> <span class='ocrx_word' id='word_1_180' title='bbox 1358 2505 1518 2579; x_wconf 79' lang='lat' dir='ltr'><strong>inveneri,</strong></span> 
     </span>
     <span class='ocr_line' id='line_1_20' title="bbox 409 2603 1519 2688; baseline 0.005 -23"><span class='ocrx_word' id='word_1_181' title='bbox 409 2610 498 2671; x_wconf 84' lang='lat' dir='ltr'><strong>reeta</strong></span> <span class='ocrx_word' id='word_1_182' title='bbox 516 2605 600 2670; x_wconf 86' lang='lat' dir='ltr'><strong>ratio</strong></span> <span class='ocrx_word' id='word_1_183' title='bbox 614 2623 677 2669; x_wconf 92' lang='lat' dir='ltr'><strong>non</strong></span> <span class='ocrx_word' id='word_1_184' title='bbox 698 2608 832 2686; x_wconf 80' lang='lat' dir='ltr'><strong>patitur.</strong></span> <span class='ocrx_word' id='word_1_185' title='bbox 856 2607 924 2686; x_wconf 78' lang='lat' dir='ltr'><strong>sige</strong></span> <span class='ocrx_word' id='word_1_186' title='bbox 946 2625 1047 2687; x_wconf 83' lang='lat' dir='ltr'><strong>porro</strong></span> <span class='ocrx_word' id='word_1_187' title='bbox 1067 2615 1255 2688; x_wconf 80' lang='lat' dir='ltr'><strong>comparata</strong></span> <span class='ocrx_word' id='word_1_188' title='bbox 1278 2606 1379 2672; x_wconf 85' lang='lat' dir='ltr'><strong>luerit</strong></span> <span class='ocrx_word' id='word_1_189' title='bbox 1396 2603 1519 2671; x_wconf 87' lang='lat' dir='ltr'><strong>...Sed</strong></span> 
     </span>
     <span class='ocr_line' id='line_1_21' title="bbox 409 2699 1602 2788; baseline 0.001 -20"><span class='ocrx_word' id='word_1_190' title='bbox 409 2705 472 2769; x_wconf 88' lang='lat' dir='ltr'><strong>boc</strong></span> <span class='ocrx_word' id='word_1_191' title='bbox 492 2705 598 2785; x_wconf 81' lang='lat' dir='ltr'><strong>ipsum</strong></span> <span class='ocrx_word' id='word_1_192' title='bbox 618 2707 837 2783; x_wconf 81' lang='lat' dir='ltr'><strong>absterrebit,</strong></span> <span class='ocrx_word' id='word_1_193' title='bbox 861 2726 900 2770; x_wconf 92' lang='lat' dir='ltr'><strong>ne</strong></span> <span class='ocrx_word' id='word_1_194' title='bbox 923 2725 1035 2788; x_wconf 82' lang='lat' dir='ltr'><strong>preces</strong></span> <span class='ocrx_word' id='word_1_195' title='bbox 1051 2708 1107 2771; x_wconf 87' lang='lat' dir='ltr'><strong>alii</strong></span> <span class='ocrx_word' id='word_1_196' title='bbox 1125 2707 1296 2782; x_wconf 84' lang='lat' dir='ltr'><strong>terantur,</strong></span> <span class='ocrx_word' id='word_1_197' title='bbox 1319 2724 1422 2787; x_wconf 89' lang='lat' dir='ltr'><strong>quam</strong></span> <span class='ocrx_word' id='word_1_198' title='bbox 1441 2703 1519 2770; x_wconf 84' lang='lat' dir='ltr'><strong>snii-</strong></span> <span class='ocrx_word' id='word_1_199' title='bbox 1601 2699 1602 2706; x_wconf 73' lang='grc'>’</span> 
     </span>
     <span class='ocr_line' id='line_1_22' title="bbox 409 2805 1518 2889; baseline -0.001 -19"><span class='ocrx_word' id='word_1_200' title='bbox 409 2807 505 2872; x_wconf 87' lang='lat' dir='ltr'><strong>ciculi</strong></span> <span class='ocrx_word' id='word_1_201' title='bbox 517 2806 557 2868; x_wconf 92' lang='lat' dir='ltr'><strong>ad</strong></span> <span class='ocrx_word' id='word_1_202' title='bbox 572 2808 677 2872; x_wconf 86' lang='lat' dir='ltr'><strong>omniu</strong></span> <span class='ocrx_word' id='word_1_203' title='bbox 695 2806 763 2872; x_wconf 89' lang='lat' dir='ltr'><strong>Oen</strong></span> <span class='ocrx_word' id='word_1_204' title='bbox 774 2826 833 2889; x_wconf 82' lang='lat' dir='ltr'><strong>per</strong></span> <span class='ocrx_word' id='word_1_205' title='bbox 845 2808 1050 2874; x_wconf 75' lang='lat' dir='ltr'><strong>salvotorem</strong></span> <span class='ocrx_word' id='word_1_206' title='bbox 1066 2817 1215 2872; x_wconf 91' lang='lat' dir='ltr'><strong>nostrum</strong></span> <span class='ocrx_word' id='word_1_207' title='bbox 1231 2805 1289 2872; x_wconf 88' lang='lat' dir='ltr'><strong>Osi</strong></span> <span class='ocrx_word' id='word_1_208' title='bbox 1306 2805 1429 2872; x_wconf 76' lang='lat' dir='ltr'><strong>Filium</strong></span> <span class='ocrx_word' id='word_1_209' title='bbox 1443 2814 1518 2872; x_wconf 76' lang='lat' dir='ltr'><strong>etc.»</strong></span> 
     </span>
    </p>

    <p class='ocr_par' dir='ltr' id='par_1_4' title="bbox 341 2906 1602 4500">
     <span class='ocr_line' id='line_1_23' title="bbox 470 2906 1518 2987; baseline -0.002 -17"><span class='ocrx_word' id='word_1_210' title='bbox 470 2906 621 2972; x_wconf 84' lang='lat' dir='ltr'><strong>Proiecto</strong></span> <span class='ocrx_word' id='word_1_211' title='bbox 635 2911 771 2980; x_wconf 81' lang='lat' dir='ltr'><strong>seorsim</strong></span> <span class='ocrx_word' id='word_1_212' title='bbox 786 2926 804 2972; x_wconf 89' lang='lat' dir='ltr'><strong>a</strong></span> <span class='ocrx_word' id='word_1_213' title='bbox 819 2917 977 2977; x_wconf 82' lang='lat' dir='ltr'><strong>contextu</strong></span> <span class='ocrx_word' id='word_1_214' title='bbox 992 2908 1202 2974; x_wconf 85' lang='lat' dir='ltr'><strong>consideratis</strong></span> <span class='ocrx_word' id='word_1_215' title='bbox 1218 2907 1337 2984; x_wconf 81' lang='lat' dir='ltr'><strong>verbis,</strong></span> <span class='ocrx_word' id='word_1_216' title='bbox 1349 2907 1518 2987; x_wconf 88' lang='lat' dir='ltr'><strong>quidquam</strong></span> 
     </span>
     <span class='ocr_line' id='line_1_24' title="bbox 409 3007 1602 3088; baseline -0.003 -18"><span class='ocrx_word' id='word_1_217' title='bbox 409 3008 639 3088; x_wconf 82' lang='lat' dir='ltr'><strong>suspicandum</strong></span> <span class='ocrx_word' id='word_1_218' title='bbox 650 3017 734 3073; x_wconf 89' lang='lat' dir='ltr'><strong>esset</strong></span> <span class='ocrx_word' id='word_1_219' title='bbox 745 3009 786 3072; x_wconf 90' lang='lat' dir='ltr'><strong>de</strong></span> <span class='ocrx_word' id='word_1_220' title='bbox 804 3009 906 3088; x_wconf 78' lang='lat' dir='ltr'><strong>ipsius</strong></span> <span class='ocrx_word' id='word_1_221' title='bbox 921 3008 1085 3087; x_wconf 87' lang='lat' dir='ltr'><strong>antilogia.</strong></span> <span class='ocrx_word' id='word_1_222' title='bbox 1098 3007 1131 3072; x_wconf 91' lang='lat' dir='ltr'><strong>Si</strong></span> <span class='ocrx_word' id='word_1_223' title='bbox 1148 3027 1236 3082; x_wconf 86' lang='lat' dir='ltr'><strong>vero,</strong></span> <span class='ocrx_word' id='word_1_224' title='bbox 1250 3011 1298 3072; x_wconf 93' lang='lat' dir='ltr'><strong>uti</strong></span> <span class='ocrx_word' id='word_1_225' title='bbox 1313 3007 1419 3084; x_wconf 85' lang='lat' dir='ltr'><strong>decet,</strong></span> <span class='ocrx_word' id='word_1_226' title='bbox 1432 3022 1520 3088; x_wconf 88' lang='lat' dir='ltr'><strong>quse·</strong></span> <span class='ocrx_word' id='word_1_227' title='bbox 1601 3015 1602 3028; x_wconf 62' lang='lat'>¹</span> 
     </span>
     <span class='ocr_line' id='line_1_25' title="bbox 409 3107 1602 3189; baseline -0.002 -19"><span class='ocrx_word' id='word_1_228' title='bbox 409 3108 521 3172; x_wconf 91' lang='lat' dir='ltr'><strong>stionis</strong></span> <span class='ocrx_word' id='word_1_229' title='bbox 541 3116 641 3189; x_wconf 76' lang='lat' dir='ltr'><strong>capnt</strong></span> <span class='ocrx_word' id='word_1_230' title='bbox 662 3109 888 3188; x_wconf 83' lang='lat' dir='ltr'><strong>investigetur,</strong></span> <span class='ocrx_word' id='word_1_231' title='bbox 910 3126 973 3172; x_wconf 91' lang='lat' dir='ltr'><strong>uon</strong></span> <span class='ocrx_word' id='word_1_232' title='bbox 994 3109 1040 3170; x_wconf 89' lang='lat' dir='ltr'><strong>sic</strong></span> <span class='ocrx_word' id='word_1_233' title='bbox 1062 3107 1235 3176; x_wconf 86' lang='lat' dir='ltr'><strong>habebitur</strong></span> <span class='ocrx_word' id='word_1_234' title='bbox 1257 3126 1318 3172; x_wconf 87' lang='lat' dir='ltr'><strong>res.</strong></span> <span class='ocrx_word' id='word_1_235' title='bbox 1336 3107 1428 3171; x_wconf 84' lang='lat' dir='ltr'><strong>Patet</strong></span> <span class='ocrx_word' id='word_1_236' title='bbox 1443 3108 1516 3172; x_wconf 87' lang='lat' dir='ltr'><strong>enim</strong></span> <span class='ocrx_word' id='word_1_237' title='bbox 1601 3163 1602 3168; x_wconf 75' lang='grc'>,</span> 
     </span>
     <span class='ocr_line' id='line_1_26' title="bbox 341 3200 1602 3300; baseline 0.002 -30"><span class='ocrx_word' id='word_1_238' title='bbox 341 3200 344 3207; x_wconf 72' lang='grc'><strong>“</strong></span> <span class='ocrx_word' id='word_1_239' title='bbox 411 3216 606 3275; x_wconf 84' lang='lat' dir='ltr'><strong>acontextu</strong></span> <span class='ocrx_word' id='word_1_240' title='bbox 628 3228 659 3270; x_wconf 93' lang='grc' dir='ltr'><strong>ιι.</strong></span> <span class='ocrx_word' id='word_1_241' title='bbox 679 3208 710 3274; x_wconf 87' lang='lat'><strong>3.</strong></span> <span class='ocrx_word' id='word_1_242' title='bbox 732 3209 762 3282; x_wconf 78' lang='lat' dir='ltr'><strong>l.</strong></span> <span class='ocrx_word' id='word_1_243' title='bbox 786 3209 967 3274; x_wconf 76' lang='lat' dir='ltr'><strong>Auctorem</strong></span> <span class='ocrx_word' id='word_1_244' title='bbox 988 3209 1160 3274; x_wconf 81' lang='lat' dir='ltr'><strong>contulere</strong></span> <span class='ocrx_word' id='word_1_245' title='bbox 1181 3209 1312 3274; x_wconf 85' lang='lat' dir='ltr'><strong>Celsum</strong></span> <span class='ocrx_word' id='word_1_246' title='bbox 1337 3215 1515 3288; x_wconf 78' lang='lat' dir='ltr'><strong>putantem,</strong></span> <span class='ocrx_word' id='word_1_247' title='bbox 1601 3263 1602 3300; x_wconf 44' lang='lat'>3</span> 
     </span>
     <span class='ocr_line' id='line_1_27' title="bbox 409 3307 1517 3388; baseline -0.005 -17"><span class='ocrx_word' id='word_1_248' title='bbox 409 3307 546 3388; x_wconf 87' lang='lat' dir='ltr'><strong>jndscos</strong></span> <span class='ocrx_word' id='word_1_249' title='bbox 566 3317 599 3372; x_wconf 84' lang='lat' dir='ltr'><strong>et</strong></span> <span class='ocrx_word' id='word_1_250' title='bbox 619 3309 813 3375; x_wconf 84' lang='lat' dir='ltr'><strong>christianos</strong></span> <span class='ocrx_word' id='word_1_251' title='bbox 835 3316 988 3388; x_wconf 89' lang='lat' dir='ltr'><strong>tauquam</strong></span> <span class='ocrx_word' id='word_1_252' title='bbox 1016 3309 1092 3374; x_wconf 89' lang='lat' dir='ltr'><strong>deos</strong></span> <span class='ocrx_word' id='word_1_253' title='bbox 1119 3309 1230 3374; x_wconf 87' lang='lat' dir='ltr'><strong>colere</strong></span> <span class='ocrx_word' id='word_1_254' title='bbox 1258 3309 1402 3388; x_wconf 85' lang='lat' dir='ltr'><strong>angelos.</strong></span> <span class='ocrx_word' id='word_1_255' title='bbox 1425 3308 1466 3374; x_wconf 85' lang='lat' dir='ltr'><strong>Et</strong></span> <span class='ocrx_word' id='word_1_256' title='bbox 1484 3307 1517 3370; x_wconf 90' lang='lat' dir='ltr'><strong>oi</strong></span> 
     </span>
     <span class='ocr_line' id='line_1_28' title="bbox 411 3408 1602 3490; baseline 0.003 -20"><span class='ocrx_word' id='word_1_257' title='bbox 411 3410 474 3472; x_wconf 88' lang='lat' dir='ltr'><strong>boc</strong></span> <span class='ocrx_word' id='word_1_258' title='bbox 493 3408 652 3488; x_wconf 86' lang='lat' dir='ltr'><strong>Origenes</strong></span> <span class='ocrx_word' id='word_1_259' title='bbox 673 3429 743 3474; x_wconf 89' lang='lat' dir='ltr'><strong>rem</strong></span> <span class='ocrx_word' id='word_1_260' title='bbox 767 3410 945 3490; x_wconf 82' lang='lat' dir='ltr'><strong>explanans</strong></span> <span class='ocrx_word' id='word_1_261' title='bbox 966 3411 1094 3490; x_wconf 86' lang='lat' dir='ltr'><strong>inquit:</strong></span> <span class='ocrx_word' id='word_1_262' title='bbox 1112 3430 1129 3470; x_wconf 84' lang='lat' dir='ltr'><strong>u</strong></span> <span class='ocrx_word' id='word_1_263' title='bbox 1147 3408 1302 3473; x_wconf 83' lang='lat' dir='ltr'><strong>Fatemnr</strong></span> <span class='ocrx_word' id='word_1_264' title='bbox 1316 3410 1447 3489; x_wconf 83' lang='lat' dir='ltr'><strong>angelos</strong></span> <span class='ocrx_word' id='word_1_265' title='bbox 1461 3425 1516 3472; x_wconf 84' lang='lat' dir='ltr'><strong>esse</strong></span> <span class='ocrx_word' id='word_1_266' title='bbox 1601 3471 1602 3474; x_wconf 74' lang='grc'>,</span> 
     </span>
     <span class='ocr_line' id='line_1_29' title="bbox 411 3510 1515 3592; baseline 0 -20"><span class='ocrx_word' id='word_1_267' title='bbox 411 3510 702 3576; x_wconf 82' lang='lat' dir='ltr'><strong>administratorios</strong></span> <span class='ocrx_word' id='word_1_268' title='bbox 721 3513 868 3592; x_wconf 77' lang='lat' dir='ltr'><strong>spiritus,</strong></span> <span class='ocrx_word' id='word_1_269' title='bbox 887 3513 918 3576; x_wconf 92' lang='lat' dir='ltr'><strong>iu</strong></span> <span class='ocrx_word' id='word_1_270' title='bbox 942 3511 1156 3580; x_wconf 84' lang='lat' dir='ltr'><strong>ministerium</strong></span> <span class='ocrx_word' id='word_1_271' title='bbox 1171 3512 1284 3574; x_wconf 89' lang='lat' dir='ltr'><strong>missos</strong></span> <span class='ocrx_word' id='word_1_272' title='bbox 1306 3518 1440 3590; x_wconf 85' lang='lat' dir='ltr'><strong>propter</strong></span> <span class='ocrx_word' id='word_1_273' title='bbox 1459 3527 1515 3580; x_wconf 82' lang='lat' dir='ltr'><strong>eos,</strong></span> 
     </span>
     <span class='ocr_line' id='line_1_30' title="bbox 412 3609 1517 3701; baseline -0.005 -26"><span class='ocrx_word' id='word_1_274' title='bbox 412 3613 471 3701; x_wconf 89' lang='lat' dir='ltr'><strong>qui</strong></span> <span class='ocrx_word' id='word_1_275' title='bbox 490 3612 725 3676; x_wconf 81' lang='lat' dir='ltr'><strong>haereditatem</strong></span> <span class='ocrx_word' id='word_1_276' title='bbox 747 3615 880 3692; x_wconf 76' lang='lat' dir='ltr'><strong>cupiunt</strong></span> <span class='ocrx_word' id='word_1_277' title='bbox 901 3611 1015 3677; x_wconf 88' lang='lat' dir='ltr'><strong>salutis</strong></span> <span class='ocrx_word' id='word_1_278' title='bbox 1036 3621 1099 3676; x_wconf 90' lang='lat' dir='ltr'><strong>etc.</strong></span> <span class='ocrx_word' id='word_1_279' title='bbox 1113 3657 1142 3675; x_wconf 88' lang='lat'><strong>..</strong></span> <span class='ocrx_word' id='word_1_280' title='bbox 1158 3656 1165 3674; x_wconf 91' lang='lat'><strong><em>.</em></strong></span> <span class='ocrx_word' id='word_1_281' title='bbox 1181 3609 1353 3690; x_wconf 80' lang='lat' dir='ltr'><strong>Nusquam</strong></span> <span class='ocrx_word' id='word_1_282' title='bbox 1369 3609 1517 3674; x_wconf 74' lang='lat' dir='ltr'><strong>masenili</strong></span> 
     </span>
     <span class='ocr_line' id='line_1_31' title="bbox 412 3709 1517 3794; baseline -0.001 -21"><span class='ocrx_word' id='word_1_283' title='bbox 412 3714 456 3786; x_wconf 79' lang='lat' dir='ltr'><strong>(in</strong></span> <span class='ocrx_word' id='word_1_284' title='bbox 477 3712 664 3792; x_wconf 78' lang='lat' dir='ltr'><strong>scripturis)</strong></span> <span class='ocrx_word' id='word_1_285' title='bbox 687 3713 831 3792; x_wconf 81' lang='lat' dir='ltr'><strong>renerius</strong></span> <span class='ocrx_word' id='word_1_286' title='bbox 846 3723 1069 3792; x_wconf 77' lang='lat' dir='ltr'><strong>praeceptum,</strong></span> <span class='ocrx_word' id='word_1_287' title='bbox 1087 3722 1137 3788; x_wconf 92' lang='lat' dir='ltr'><strong>ut,</strong></span> <span class='ocrx_word' id='word_1_288' title='bbox 1153 3715 1209 3794; x_wconf 92' lang='lat' dir='ltr'><strong>qui</strong></span> <span class='ocrx_word' id='word_1_289' title='bbox 1227 3709 1295 3776; x_wconf 90' lang='lat' dir='ltr'><strong>Oco</strong></span> <span class='ocrx_word' id='word_1_290' title='bbox 1311 3712 1447 3776; x_wconf 88' lang='lat' dir='ltr'><strong>debetur</strong></span> <span class='ocrx_word' id='word_1_291' title='bbox 1459 3709 1517 3774; x_wconf 89' lang='lat' dir='ltr'><strong>cul·</strong></span> 
     </span>
     <span class='ocr_line' id='line_1_32' title="bbox 412 3807 1517 3893; baseline -0.004 -20"><span class='ocrx_word' id='word_1_292' title='bbox 412 3819 478 3885; x_wconf 88' lang='lat' dir='ltr'><strong>tos,</strong></span> <span class='ocrx_word' id='word_1_293' title='bbox 500 3812 613 3875; x_wconf 89' lang='lat' dir='ltr'><strong>eodem</strong></span> <span class='ocrx_word' id='word_1_294' title='bbox 628 3831 868 3893; x_wconf 83' lang='lat' dir='ltr'><strong>prosequemur</strong></span> <span class='ocrx_word' id='word_1_295' title='bbox 883 3832 951 3888; x_wconf 91' lang='lat' dir='ltr'><strong>eos,</strong></span> <span class='ocrx_word' id='word_1_296' title='bbox 968 3831 1112 3892; x_wconf 90' lang='lat' dir='ltr'><strong>quorum</strong></span> <span class='ocrx_word' id='word_1_297' title='bbox 1126 3813 1217 3876; x_wconf 88' lang='lat' dir='ltr'><strong>uobis</strong></span> <span class='ocrx_word' id='word_1_298' title='bbox 1229 3811 1441 3886; x_wconf 82' lang='lat' dir='ltr'><strong>ministrandi,</strong></span> <span class='ocrx_word' id='word_1_299' title='bbox 1455 3807 1517 3872; x_wconf 88' lang='lat' dir='ltr'><strong>liei·</strong></span> 
     </span>
     <span class='ocr_line' id='line_1_33' title="bbox 412 3909 1517 3992; baseline -0.007 -16"><span class='ocrx_word' id='word_1_300' title='bbox 412 3929 477 3992; x_wconf 89' lang='lat' dir='ltr'><strong>que</strong></span> <span class='ocrx_word' id='word_1_301' title='bbox 499 3911 581 3974; x_wconf 91' lang='lat' dir='ltr'><strong>dona</strong></span> <span class='ocrx_word' id='word_1_302' title='bbox 602 3911 757 3975; x_wconf 86' lang='lat' dir='ltr'><strong>alierendi</strong></span> <span class='ocrx_word' id='word_1_303' title='bbox 779 3913 943 3992; x_wconf 86' lang='lat' dir='ltr'><strong>negotium</strong></span> <span class='ocrx_word' id='word_1_304' title='bbox 966 3921 1058 3974; x_wconf 79' lang='lat' dir='ltr'><strong>est.»</strong></span> <span class='ocrx_word' id='word_1_305' title='bbox 1083 3909 1169 3977; x_wconf 87' lang='lat' dir='ltr'><strong>idest</strong></span> <span class='ocrx_word' id='word_1_306' title='bbox 1190 3931 1228 3976; x_wconf 89' lang='lat' dir='ltr'><strong>ne</strong></span> <span class='ocrx_word' id='word_1_307' title='bbox 1251 3912 1400 3976; x_wconf 89' lang='lat' dir='ltr'><strong>colamus</strong></span> <span class='ocrx_word' id='word_1_308' title='bbox 1423 3913 1517 3974; x_wconf 89' lang='lat' dir='ltr'><strong>eosot</strong></span> 
     </span>
     <span class='ocr_line' id='line_1_34' title="bbox 410 4008 1516 4091; baseline -0.005 -17"><span class='ocrx_word' id='word_1_309' title='bbox 410 4013 501 4088; x_wconf 91' lang='lat' dir='ltr'><strong>deos,</strong></span> <span class='ocrx_word' id='word_1_310' title='bbox 523 4030 599 4076; x_wconf 90' lang='lat' dir='ltr'><strong>cum</strong></span> <span class='ocrx_word' id='word_1_311' title='bbox 619 4014 682 4075; x_wconf 89' lang='lat' dir='ltr'><strong>sint</strong></span> <span class='ocrx_word' id='word_1_312' title='bbox 702 4013 839 4076; x_wconf 89' lang='lat' dir='ltr'><strong>ministri</strong></span> <span class='ocrx_word' id='word_1_313' title='bbox 859 4011 939 4091; x_wconf 80' lang='lat' dir='ltr'><strong>Oei3</strong></span> <span class='ocrx_word' id='word_1_314' title='bbox 964 4031 1077 4077; x_wconf 82' lang='lat' dir='ltr'><strong>verum</strong></span> <span class='ocrx_word' id='word_1_315' title='bbox 1100 4019 1137 4077; x_wconf 90' lang='lat' dir='ltr'><strong>nt</strong></span> <span class='ocrx_word' id='word_1_316' title='bbox 1158 4013 1446 4077; x_wconf 88' lang='lat' dir='ltr'><strong>administratorios</strong></span> <span class='ocrx_word' id='word_1_317' title='bbox 1462 4008 1516 4086; x_wconf 81' lang='lat' dir='ltr'><strong>soi·</strong></span> 
     </span>
     <span class='ocr_line' id='line_1_35' title="bbox 411 4109 1517 4193; baseline -0.006 -16"><span class='ocrx_word' id='word_1_318' title='bbox 411 4115 495 4180; x_wconf 87' lang='lat' dir='ltr'><strong>ritus</strong></span> <span class='ocrx_word' id='word_1_319' title='bbox 514 4123 547 4178; x_wconf 92' lang='lat' dir='ltr'><strong>et</strong></span> <span class='ocrx_word' id='word_1_320' title='bbox 568 4115 641 4178; x_wconf 88' lang='lat' dir='ltr'><strong>binc</strong></span> <span class='ocrx_word' id='word_1_321' title='bbox 661 4117 902 4189; x_wconf 87' lang='lat' dir='ltr'><strong>intercessores,</strong></span> <span class='ocrx_word' id='word_1_322' title='bbox 924 4123 957 4180; x_wconf 91' lang='lat' dir='ltr'><strong>et</strong></span> <span class='ocrx_word' id='word_1_323' title='bbox 982 4115 1079 4178; x_wconf 86' lang='lat' dir='ltr'><strong>etiam</strong></span> <span class='ocrx_word' id='word_1_324' title='bbox 1100 4115 1243 4178; x_wconf 88' lang='lat' dir='ltr'><strong>secundo</strong></span> <span class='ocrx_word' id='word_1_325' title='bbox 1263 4115 1337 4178; x_wconf 90' lang='lat' dir='ltr'><strong>loco</strong></span> <span class='ocrx_word' id='word_1_326' title='bbox 1353 4119 1423 4193; x_wconf 79' lang='lat' dir='ltr'><strong>post</strong></span> <span class='ocrx_word' id='word_1_327' title='bbox 1436 4109 1517 4176; x_wconf 89' lang='lat' dir='ltr'><strong>Cbri·</strong></span> 
     </span>
     <span class='ocr_line' id='line_1_36' title="bbox 412 4211 1516 4294; baseline 0 -14"><span class='ocrx_word' id='word_1_328' title='bbox 412 4225 500 4280; x_wconf 91' lang='lat' dir='ltr'><strong>stom</strong></span> <span class='ocrx_word' id='word_1_329' title='bbox 525 4215 716 4279; x_wconf 87' lang='lat' dir='ltr'><strong>mediatores</strong></span> <span class='ocrx_word' id='word_1_330' title='bbox 737 4217 927 4280; x_wconf 87' lang='lat' dir='ltr'><strong>invocemus</strong></span> <span class='ocrx_word' id='word_1_331' title='bbox 957 4234 1022 4279; x_wconf 91' lang='lat' dir='ltr'><strong>cos.</strong></span> <span class='ocrx_word' id='word_1_332' title='bbox 1051 4213 1135 4280; x_wconf 91' lang='lat' dir='ltr'><strong>Cum</strong></span> <span class='ocrx_word' id='word_1_333' title='bbox 1161 4216 1262 4294; x_wconf 88' lang='lat' dir='ltr'><strong>igitur</strong></span> <span class='ocrx_word' id='word_1_334' title='bbox 1288 4215 1442 4294; x_wconf 79' lang='lat' dir='ltr'><strong>Origenes</strong></span> <span class='ocrx_word' id='word_1_335' title='bbox 1465 4211 1516 4274; x_wconf 81' lang='lat' dir='ltr'><strong>bu·</strong></span> 
     </span>
     <span class='ocr_line' id='line_1_37' title="bbox 408 4313 1515 4399; baseline -0.009 -18"><span class='ocrx_word' id='word_1_336' title='bbox 408 4317 552 4399; x_wconf 81' lang='lat' dir='ltr'><strong>jusmodi</strong></span> <span class='ocrx_word' id='word_1_337' title='bbox 574 4318 701 4382; x_wconf 88' lang='lat' dir='ltr'><strong>cultum</strong></span> <span class='ocrx_word' id='word_1_338' title='bbox 721 4317 782 4381; x_wconf 92' lang='lat' dir='ltr'><strong>soli</strong></span> <span class='ocrx_word' id='word_1_339' title='bbox 807 4313 876 4381; x_wconf 92' lang='lat' dir='ltr'><strong>Oeo</strong></span> <span class='ocrx_word' id='word_1_340' title='bbox 897 4317 1042 4381; x_wconf 88' lang='lat' dir='ltr'><strong>debitum</strong></span> <span class='ocrx_word' id='word_1_341' title='bbox 1066 4325 1265 4383; x_wconf 88' lang='lat' dir='ltr'><strong>removeata</strong></span> <span class='ocrx_word' id='word_1_342' title='bbox 1285 4314 1515 4380; x_wconf 86' lang='lat' dir='ltr'><strong>lidelibussicut</strong></span> 
     </span>
     <span class='ocr_line' id='line_1_38' title="bbox 413 4415 1513 4500; baseline -0.006 -19"><span class='ocrx_word' id='word_1_343' title='bbox 413 4424 506 4485; x_wconf 87' lang='lat' dir='ltr'><strong>autea</strong></span> <span class='ocrx_word' id='word_1_344' title='bbox 528 4434 546 4480; x_wconf 89' lang='lat' dir='ltr'><strong>a</strong></span> <span class='ocrx_word' id='word_1_345' title='bbox 565 4417 693 4498; x_wconf 81' lang='lat' dir='ltr'><strong>judaeis</strong></span> <span class='ocrx_word' id='word_1_346' title='bbox 713 4425 882 4483; x_wconf 86' lang='lat' dir='ltr'><strong>amoverat</strong></span> <span class='ocrx_word' id='word_1_347' title='bbox 904 4415 1032 4500; x_wconf 77' lang='lat' dir='ltr'><strong>Moyses</strong></span> <span class='ocrx_word' id='word_1_348' title='bbox 1043 4437 1054 4497; x_wconf 81' lang='lat'>3</span> <span class='ocrx_word' id='word_1_349' title='bbox 1079 4418 1165 4483; x_wconf 89' lang='lat' dir='ltr'><strong>baud</strong></span> <span class='ocrx_word' id='word_1_350' title='bbox 1189 4426 1295 4482; x_wconf 74' lang='lat' dir='ltr'><strong>umen</strong></span> <span class='ocrx_word' id='word_1_351' title='bbox 1310 4417 1351 4482; x_wconf 84' lang='lat' dir='ltr'><strong>sb</strong></span> <span class='ocrx_word' id='word_1_352' title='bbox 1368 4416 1437 4497; x_wconf 81' lang='lat' dir='ltr'><strong>ipsis</strong></span> <span class='ocrx_word' id='word_1_353' title='bbox 1451 4429 1513 4494; x_wconf 80' lang='lat' dir='ltr'><strong>oro·</strong></span> 
     </span>
    </p>
   </div>
   <div class='ocr_carea' id='block_1_2' title="bbox 0 0 1698 5567">
    <p class='ocr_par' dir='ltr' id='par_1_5' title="bbox 0 0 1698 5567">
     <span class='ocr_line' id='line_1_39' title="bbox 0 0 1698 5567; baseline 0 0"><span class='ocrx_word' id='word_1_354' title='bbox 0 0 1698 5567; x_wconf 95' lang='lat' dir='ltr'><strong> </strong></span> 
     </span>
    </p>
   </div>
  </div>
 </body>
</html>
