3375 5567
503 757 507 763 ¹
532 770 750 852 lincolinus,
773 771 842 848 nbi,
866 772 1009 855 inquam,
1036 774 1153 859 tenitas¹
1167 770 1331 839 lectionis?
1351 768 1439 853 Apol
1453 770 1535 837 lloll·

453 892 531 952 nneu
554 894 605 953 oe,
626 893 669 939 ao
695 876 782 957 apud
805 876 985 943 Auctorem
1017 874 1181 957 Epistolae
1201 884 1234 941 et
1256 894 1281 941 s.
1303 872 1538 958 flietonpunu'l

452 975 633 1045 Contentus
649 978 773 1059 tuone,
791 978 891 1042 veluti
914 977 945 1040 iu
966 976 1245 1059 praecedentibus,
1263 978 1365 1059 prima
1384 975 1539 1051 nomast,

454 1079 507 1143 cui
529 1078 646 1144 innixis
666 1080 707 1144 tle
727 1080 916 1160 quaestione
938 1079 1027 1143 uoltis
1042 1079 1320 1161 pronunciandum
1343 1085 1399 1141 cet.
1422 1076 1453 1139 ln
1466 1092 1540 1157 prae·

455 1182 557 1244 missis
571 1180 611 1245 tle
627 1178 726 1245 Verlti
738 1181 840 1245 ‹ttetot
854 1174 1019 1245 attributis
1033 1180 1191 1247 omnent
1204 1180 1424 1256 Adamantius,
1437 1188 1541 1242 scrun-

457 1289 526 1345 tuut
537 1280 819 1347 aubitSalosuouis
836 1283 934 1347 veroa
948 1301 990 1346 ex
1010 1278 1299 1363 Sapientiaelllco
1311 1302 1351 1346 c.·
1364 1278 1432 1345 tlt.
1444 1278 1490 1348 u.
1501 1277 1542 1345 ᾖ

453 1381 514 1449 tint
536 1384 576 1448 tle
596 1382 759 1466 Sapientia
777 1385 921 1450 loculos:
937 1392 1109 1465 caperest,
1127 1388 1184 1461 ait,
1205 1383 1338 1465 pultem
1352 1381 1473 1448 wione
1486 1381 1541 1459 liei,

453 1486 675 1567 etoporrioeo
694 1484 915 1568 omnipotentis
935 1484 1058 1567 plorioe
1075 1484 1272 1567 pecunioso,
1300 1494 1330 1550 ct
1352 1486 1490 1567 epleuoor
1507 1486 1546 1547 lo

452 1585 499 1650 ce‘s
513 1596 670 1665 aeternae,
691 1601 719 1652 et
729 1591 890 1670 speculum
905 1586 1147 1653 immacutatum
1160 1586 1405 1669 inoperationis,
1419 1585 1479 1649 tiee
1489 1585 1543 1649 oir-

453 1687 534 1782 ttetie
554 1686 623 1765 llee',
644 1699 673 1753 et
692 1688 798 1771 innopo
811 1688 962 1755 lenitatis
983 1687 1084 1755 illitae.
1100 1710 1118 1749 a
1141 1687 1177 1753 ln
1191 1692 1240 1753 lais
1261 1704 1338 1755 sane
1354 1688 1426 1755 Filii
1444 1688 1497 1753 llei
1509 1694 1547 1750 et·

455 1792 584 1855 tributis
604 1793 812 1856 enucleandis
835 1799 922 1856 totue
942 1800 992 1855 est
1012 1790 1178 1872 Origenes.
1203 1790 1243 1855 lit
1264 1793 1416 1871 primum
1433 1790 1545 1871 quiden

454 1893 495 1957 ie
515 1892 676 1974 Sapientia
697 1896 742 1958 ait
762 1894 807 1973 (n.
830 1889 894 1971 lille
913 1912 929 1953 s
950 1891 1012 1958 Sed
1033 1900 1067 1957 et
1086 1908 1172 1956 nnnc
1196 1894 1335 1957 strictim
1357 1892 1444 1967 licet,
1460 1900 1547 1955 tanen

454 1996 670 2060 neceesarium
685 1996 861 2061 admonere
883 2002 974 2076 puto,
990 1994 1144 2079 quoniam
1166 2010 1242 2059 sane
1255 1996 1405 2076 quaestio
1425 1990 1549 2057 nobisie

453 2096 612 2177 Sapientia
638 2098 801 2177 agitator,
833 2094 1109 2177 quomadmodum
1141 2096 1313 2178 epotatioeo
1343 2096 1385 2161 alt
1411 2094 1549 2177 Sapientia

453 2200 576 2277 gloriae
597 2198 824 2280 omnipotentis
845 2200 1041 2280 purissima,
1063 2217 1103 2263 ne
1129 2198 1279 2265 videatur
1306 2199 1406 2263 allcnl
1426 2196 1550 2262 anterior

454 2295 524 2362 cese
544 2300 577 2361 in
589 2296 658 2363 lieo
677 2297 897 2382 omnipotentie
917 2299 1093 2381 appellatio
1115 2299 1282 2363 nativitate
1302 2300 1492 2380 Sapientiae,
1505 2312 1552 2379 pec

452 2415 551 2479 quatu
576 2398 672 2464 Pater
692 2406 851 2477 vocator,
872 2401 1025 2483 quonlam
1046 2401 1131 2465 dieta
1154 2409 1202 2464 est
1225 2398 1403 2482 oporrloeo
1430 2398 1552 2479 omnipo·

452 2501 548 2565 tentis
568 2499 692 2582 gloriae
713 2502 884 2582 purissima
905 2520 974 2567 esso
987 2503 1162 2583 Sapientia,
1183 2510 1331 2583 quaeest
1348 2502 1450 2567 Filios
1464 2500 1550 2565 lle.»

535 2601 649 2667 Postea
669 2602 798 2667 sublit:
823 2624 840 2664 e
863 2602 926 2669 Per
946 2602 1143 2685 Sapientiam
1164 2608 1274 2682 enim,
1295 2622 1384 2687 quae
1409 2614 1456 2669 cst
1476 2602 1553 2669 ttet-

451 2711 533 2781 stna‚
557 2714 643 2771 tenet
664 2704 751 2771 Dono
765 2707 910 2779 omnium
933 2715 1148 2788 potentatum,
1166 2724 1230 2772 non
1251 2708 1361 2772 solnm
1377 2706 1550 2773 nominantis

452 2801 660 2885 auctoritate,
684 2809 917 2873 verumetiam
945 2808 1170 2891 subjectorum
1194 2813 1373 2891 spontaneo
1400 2808 1550 2873 inmolato.

456 2907 627 2974 litantem
658 2928 756 2975 unam
777 2918 812 2975 et
840 2911 987 2975 eamdem
1009 2914 1273 2992 omnipotentiam
1306 2910 1472 2976 Potuisse
1493 2906 1552 2971 lili

454 3030 525 3075 esee
545 3030 732 3093 cognoscas,
752 3015 838 3077 elcut
859 3030 942 3077 unus
963 3020 1061 3093 atque
1082 3012 1167 3077 idem
1188 3020 1238 3077 est
1256 3028 1335 3077 cum
1358 3012 1467 3091 Patre,
1482 3010 1554 3075 lleot

454 3123 486 3178 ct
500 3112 670 3190 Dominus,
686 3114 762 3178 andi
784 3115 846 3178 hoc
862 3114 959 3179 modo
971 3114 1129 3179 Joaouom
1144 3116 1175 3177 ln
1188 3112 1388 3199 Apocalypsi
1402 3115 1553 3179 dicentem:

452 3217 527 3279 loeo
544 3214 625 3279 elicit
645 3214 803 3280 Dominio
824 3215 920 3295 neo,
942 3215 1000 3299 qoe'
1019 3227 1076 3295 eet,
1100 3227 1129 3280 et
1147 3215 1205 3299 piei
1224 3224 1305 3295 eret,
1327 3228 1359 3281 at
1381 3214 1445 3298 qni
1464 3224 1555 3279 oeotte

452 3336 510 3381 ree
529 3327 574 3381 eet
585 3316 800 3397 omnipotens.
815 3364 822 3379 .
837 3366 845 3382 .
871 3316 912 3383 lte
926 3317 998 3383 ideo
1019 3320 1051 3382 ln
1066 3336 1106 3383 eo
1127 3320 1209 3401 ipso,
1226 3335 1293 3401 quo
1307 3320 1434 3385 obtinet
1449 3318 1552 3389 omnia,

454 3418 557 3500 pluria
578 3438 637 3484 sua
658 3428 707 3484 est
718 3440 730 3500 3
752 3426 785 3484 et
806 3420 886 3483 haec
907 3426 957 3483 est
976 3419 1226 3501 omnipotentiae
1247 3420 1423 3501 purissima
1448 3426 1480 3484 et
1497 3419 1556 3481 llu-

453 3519 615 3599 pitlisoima
637 3522 754 3602 glotitp
775 3536 852 3585 cum
875 3522 1000 3586 natione
1021 3528 1054 3585 et
1075 3519 1248 3602 Sapientia,
1265 3538 1328 3585 non
1353 3522 1385 3585 vi
1407 3540 1445 3586 ac
1464 3534 1557 3584 occec

369 3642 373 3648 ·
453 3621 560 3698 silete,
581 3631 698 3687 cuncta
718 3622 865 3714 conjecta
882 3630 967 3686 suot.
991 3622 1165 3688 Potissima
1190 3640 1269 3687 vero
1290 3640 1328 3687 ac
1350 3622 1556 3706 limpidissima

455 3723 561 3802 plocio
594 3720 775 3803 Sapientiae
803 3723 881 3787 satis
908 3724 1138 3789 convenienter
1166 3724 1289 3789 tiletum
1317 3730 1369 3791 est
1395 3726 1435 3789 aa
1464 3722 1558 3787 into

455 3824 592 3888 ctionem
614 3824 703 3887 illius
723 3824 870 3905 gloriae,
899 3838 985 3905 qnae
1015 3841 1078 3889 uon
1106 3842 1189 3908 pure
1220 3844 1279 3891 uec
1309 3826 1438 3892 sincere
1468 3822 1557 3907 gloria

453 3924 584 3990 elicitur.
608 3924 722 3990 Omnis
746 3940 824 3991 aeno
849 3932 989 4003 natura,
1012 3941 1096 4007 qnae
1116 3926 1337 3992 convertibilis
1360 3936 1410 3993 eet
1430 3934 1462 3993 et
1482 3942 1555 3991 com·

454 4024 632 4102 mutabilis,
653 4027 780 4090 etiamsi
804 4027 1009 4107 ploritlcatur
1029 4029 1060 4091 ln
1081 4028 1249 4110 operibus*
1261 4026 1425 4110 loetitiae,
1450 4028 1499 4091 ael
1516 4044 1557 4089 sa·

454 4127 604 4206 pientiae,
627 4142 687 4206 pec
706 4129 770 4191 ltoc
790 4129 897 4209 ipsunt
913 4135 1031 4205 tamen,
1053 4130 1141 4211 qnotl
1170 4128 1370 4195 accidentem
1391 4126 1558 4209 namatio·

453 4228 598 4302 etitiatn,
630 4227 682 4291 ecl
701 4228 914 4310 sapientium,
936 4238 969 4295 et
998 4230 1085 4310 qnotl
1110 4231 1183 4308 hoc,
1205 4230 1292 4312 qnotl
1314 4232 1451 4309 accidit,
1473 4230 1557 4292 etiam

452 4329 603 4394 iecitleee
622 4337 740 4409 potest,
757 4331 861 4412 glorio
877 4335 948 4415 eius
967 4336 1093 4397 sincera
1114 4352 1153 4397 ee
1174 4332 1396 4415 limpidissima
1418 4350 1486 4397 esee
1505 4346 1559 4393 nou

453 4438 568 4510 potest.
579 4429 753 4512 ·Sapientia
781 4450 860 4497 aeuo
881 4432 952 4511 llel,
975 4440 1128 4515 quaeest
1150 4434 1332 4516 unigenitus
1360 4433 1463 4499 Filius
1483 4432 1556 4513 ejus,

453 4532 606 4609 qnoniam
627 4530 659 4593 in
680 4531 830 4597 omuibus
853 4534 1106 4601 inconvertibilis
1128 4544 1196 4614 est,
1219 4546 1251 4602 et
1273 4534 1556 4605 incommutabilis,
