3375 5567
461 723 572 774 rxrtu

459 825 688 903 cumstantiis
716 826 752 901 in
780 827 960 903 nonnullis
989 828 1107 903 miuus
1136 827 1286 914 iaceret,
1319 828 1394 904 rive
1422 828 1526 904 minus

459 966 545 1051 apta
573 953 749 1029 scriberet
775 955 923 1030 invitus.
1441 1014 1444 1023 .

565 1081 618 1154 hc
636 1082 781 1157 interim
810 1082 839 1155 si
870 1082 1030 1167 illorum,
1050 1082 1109 1180 qui
1141 1093 1283 1156 textum
1302 1080 1469 1155 librorum
1486 1078 1528 1155 0·

458 1207 593 1304 rigcuis
619 1205 810 1294 falsarunt,
837 1220 902 1283 aut
929 1223 1069 1283 rectum
1099 1208 1193 1283 illius
1222 1231 1369 1283 sensum
1397 1228 1529 1306 perser-

460 1347 597 1421 terunt,
617 1356 749 1409 nomen
767 1334 896 1422 lateat,
914 1337 1081 1435 quamvis
1099 1336 1146 1411 ab
1165 1336 1279 1433 ipsius
1297 1358 1388 1410 aevo
1407 1348 1443 1409 et
1459 1356 1531 1409 suc-

458 1460 597 1535 cessive
617 1477 854 1535 numerentur
880 1462 1016 1560 plures,
1037 1475 1077 1536 ut
1104 1463 1155 1537 eit
1174 1486 1205 1535 s.
1222 1459 1459 1559 ¹Pamphilum
1482 1472 1530 1531 at-

372 1644 376 1652 .
459 1602 582 1663 tamen
610 1589 714 1665 nohis
737 1591 827 1666 satis
855 1605 1037 1677 coustant,
1056 1590 1208 1665 aliorum
1237 1604 1384 1687 praeter
1411 1586 1532 1663 lletho

458 1717 557 1793 dium
585 1720 744 1804 nomina,
772 1719 867 1793 idest
894 1717 1085 1816 Theophili
1114 1719 1273 1815 episcopi
1301 1714 1529 1795 alexandrini,

460 1868 492 1919 s.
513 1844 703 1945 Epiphanii
729 1860 778 1929 et,
792 1870 823 1918 s.
842 1844 1068 1942 Hieronymi:
1089 1846 1149 1943 qui
1165 1845 1294 1920 calami
1327 1842 1530 1920 fraudulenti

459 1972 570 2046 nescii
594 1975 689 2047 circa
717 1974 830 2048 seculi
850 1974 966 2071 quinti
996 1974 1152 2057 initium,
1174 1971 1431 2047 validissimam
1458 1993 1533 2067 ope·

460 2122 538 2173 ram
558 2107 750 2186 naverunt,
773 2114 816 2175 ut
835 2122 965 2175 nomen
994 2115 1032 2175 et
1050 2100 1185 2197 scripta
1204 2099 1370 2197 Origeuis
1390 2123 1454 2174 ceu
1478 2122 1534 2171 uo·

459 2227 533 2313 xia,
553 2226 735 2301 haeretica
766 2240 805 2302 et
832 2227 1046 2325 blasphema
1080 2227 1304 2301 anathemati
1325 2228 1532 2319 subiiceren-

460 2370 532 2438 tur,
560 2355 708 2429 censitis
733 2356 934 2443 erroribus,
961 2352 1113 2454 quorum
1143 2378 1326 2431 summam
1355 2354 1531 2454 speciatim

459 2481 619 2577 reperies
646 2504 756 2579 saepe
782 2482 858 2556 suis
879 2483 1053 2559 insertam
1080 2483 1197 2567 libris,
1221 2484 1419 2582 repetitam
1445 2482 1533 2557 dein·

460 2608 505 2683 de
537 2607 585 2682 ab
612 2608 829 2707 Antipatro,
858 2634 901 2685 ac
928 2614 1076 2686 demum
1104 2610 1252 2685 citatam
1282 2623 1321 2686 et
1348 2610 1531 2685 refutatam

461 2734 496 2808 in
525 2733 686 2832 Epistola
704 2734 897 2811 Justiuisni
926 2738 969 2811 ad
999 2736 1179 2814 Menuam.
1200 2734 1279 2826 Quo
1307 2761 1352 2812 ex
1384 2750 1533 2833 tempore

458 2861 507 2936 oh
533 2879 805 2963 praesumptam
834 2865 1000 2962 Origcnis
1036 2855 1305 2941 damnationem
1336 2866 1372 2939 in
1401 2862 1534 2961 Syncdo

462 2992 692 3083 oecumenica
722 2991 765 3067 V.
796 2993 871 3067 visa
900 3009 958 3069 est
986 2995 1099 3091 ipsius
1126 2993 1222 3070 lanta
1248 2994 1404 3071 cessisse
1431 2994 1535 3068 omni·

462 3141 510 3193 no
536 3118 817 3194 obtrectantium
847 3121 1000 3206 insidiis,
1030 3134 1067 3197 et
1091 3121 1280 3197 illusorum
1308 3118 1534 3219 simplicitati.

464 3244 512 3319 Et
538 3246 608 3321 hoc
634 3259 691 3321 est
720 3248 814 3344 quod
844 3249 1033 3345 speciatim
1061 3272 1092 3321 s.
1124 3246 1324 3344 Martyria
1355 3271 1423 3323 suc
1450 3258 1537 3320 ncta·

462 3373 516 3446 vit
542 3396 586 3446 ae
612 3373 803 3470 praemisit
832 3374 1080 3471 hpnlcgetico,
1108 3374 1287 3471 iuquiens,
1312 3374 1435 3472 plures
1454 3373 1536 3446 inve·

464 3499 532 3574 uiri
561 3499 726 3597 Origenis
745 3517 991 3587 accusatores,
1018 3526 1057 3577 se
1078 3524 1147 3575 uon
1176 3502 1305 3599 legisse
1321 3503 1356 3575 in
1387 3500 1535 3594 ejusdem

464 3627 610 3724 scriptis
624 3629 799 3720 ejusmodi
816 3630 1035 3726 sphalmata,
1055 3629 1117 3703 sed
1139 3629 1390 3704 tautummodo
1406 3626 1452 3701 nh
1469 3623 1537 3699 aliis

464 3755 657 3841 audivisse,
679 3757 854 3831 dicentes.
873 3758 924 3832 he
943 3758 1089 3855 iusuper
1109 3756 1199 3831 alios
1220 3758 1384 3855 reperiri,
1400 3756 1461 3856 qui
1479 3774 1536 3825 on·

462 3886 597 3959 cisum
624 3883 757 3958 libellos
775 3884 942 3961 aduersus
970 3909 1051 3959 cum
1079 3886 1308 3970 conscribere,
1332 3905 1458 3981 eosque
1477 3903 1536 3979 pu·

462 4012 625 4089 dlicnndo
652 4012 820 4111 derepere
852 4017 886 4089 ei
914 4017 1014 4096 viro,
1043 4016 1105 4113 qui
1133 4036 1198 4111 per
1225 4028 1275 4087 tot
1303 4036 1414 4087 nunes
1437 4005 1537 4104 diopi-

463 4156 536 4216 ster
547 4142 615 4239 snit
631 4138 826 4216 Ecclesiae:
845 4144 1029 4241 quinceio
1045 4140 1203 4217 Ecclesia
1219 4138 1401 4216 Catholicc
1414 4134 1532 4213 senuit.

463 4268 597 4359 Quales
616 4267 726 4343 libelli
761 4270 868 4342 iidem
898 4292 985 4343 sane
1013 4282 1130 4352 eraut,
1162 4288 1272 4364 super
1289 4288 1380 4363 quos
1413 4258 1537 4361 posteri

467 4396 709 4496 Epiphanius,
731 4396 968 4493 Theophilus,
996 4395 1237 4493 llierouymus
1271 4393 1401 4491 aliique
1430 4384 1538 4467 crimi-

467 4526 650 4601 nationem
666 4526 929 4610 instruxerunt,
938 4522 1195 4600 refutationem
1211 4536 1249 4597 et
1267 4519 1534 4615 damnationem.
