3375 5567
147 807 198 868 sne
216 787 293 852 lslss
308 790 339 851 in
361 787 426 854 101)
441 789 593 852 dixisset:
616 788 672 852 ille
689 787 773 850 euim
794 793 842 850 tot
858 793 1010 868 mutaque
1026 805 1148 866 possus,
1166 805 1241 861 oon,

149 900 177 952 ιιι
195 889 300 968 aiebat
322 889 542 962 adversarius,
566 889 599 951 io
625 888 739 951 taciem
766 887 930 952 benedixit
956 884 1043 963 1100,
1067 887 1242 951 sedetiam

149 990 271 1053 traditus
284 989 450 1065 tentatori,
467 986 574 1052 Deum
591 987 781 1052 benedicere
795 989 1029 1069 perseveravit,
1052 988 1246 1069 increparit·

148 1111 201 1171 que
219 1108 356 1154 uxorem
377 1091 556 1154 dicentem:
580 1087 838 1169 dicito-‘aliquod
864 1089 993 1154 sertum
1018 1087 1054 1152 s'n
1077 1087 1247 1152 Dominam

148 1204 171 1257 st
185 1211 307 1256 mere.
322 1191 595 1274 ...Quamquam
616 1193 701 1256 euim
722 1192 922 1256 atrocissima
944 1208 1096 1272 quaeque
1116 1207 1247 1271 perpes·

148 1313 205 1368 sus,
224 1297 445 1375 perseverarit
475 1294 555 1357 nibil
575 1295 733 1358 adsersus
754 1291 859 1357 Deum
888 1310 1023 1372 peccaro
1052 1290 1146 1356 labiis
1165 1291 1244 1355 suis.

148 1395 241 1460 Porro
259 1393 325 1460 101)
344 1395 474 1459 dnobus
494 1395 725 1460 certaminibus
749 1395 881 1460 iunctus
902 1402 935 1458 et
956 1402 1097 1473 utroquo
1120 1394 1246 1468 victor,

150 1497 270 1559 tertium
291 1503 353 1559 ete
377 1515 394 1553 s
416 1494 459 1560 Et
479 1497 560 1560 haec
580 1497 700 1570 omnia,
722 1499 772 1560 uti
792 1497 897 1562 cuiuis
918 1503 1022 1576 patet,
1042 1496 1138 1577 juxta
1160 1496 1247 1558 litte·

149 1615 195 1661 rte
212 1616 340 1662 mosum
362 1598 482 1673 trudit,
504 1596 670 1676 nullisque
691 1597 838 1660 insoluta
860 1597 1070 1676 metaphoris.
1093 1594 1248 1660 Similiter
1325 1585 1328 1593 ’

147 1698 292 1762 adsersus
312 1696 445 1764 Celsum
459 1695 662 1777 Scriptorum
683 1695 748 1759 101)
768 1698 862 1773 citat,
875 1697 1013 1779 ejusque
1030 1694 1135 1760 verbis
1154 1695 1250 1774 signi·

146 1799 314 1864 tentionem
334 1799 505 1862 concinnat
523 1798 709 1862 litteralem.

214 1899 389 1965 Praeterea
403 1897 545 1964 Romilia
558 1897 648 1962 Vlll.
670 1919 700 1962 o.
716 1895 766 1967 to.
783 1898 819 1962 in
834 1895 993 1972 Genesim,
1010 1898 1200 1978 centuplum
1215 1913 1251 1959 o·

147 2002 282 2064 stendens
296 2001 455 2080 Origenes
473 1999 577 2064 Deum
594 2001 753 2082 spondere
771 2004 814 2078 ei,
835 2002 892 2082 qui
910 2001 1032 2081 aliquid
1048 2018 1108 2081 pro
1127 1998 1196 2062 Duo
1216 2015 1252 2060 n·.

149 2105 272 2179 miserit,
286 2123 329 2166 ex
342 2101 408 2168 101)
421 2103 556 2166 historia
568 2104 670 2167 sumit
688 2103 877 2183 exemplum
891 2125 899 2166 :
916 2101 987 2167 «Et
1007 2102 1063 2167 ille
1077 2105 1162 2166 euim
1175 2103 1251 2182 prd-

148 2213 213 2285 ptcr
228 2203 333 2269 Deum
348 2205 488 2285 perdidit
507 2206 627 2279 omnia,
642 2222 719 2268 curn
733 2205 823 2268 dises
840 2211 934 2268 esset.
957 2201 1018 2267 Sed
1040 2206 1116 2285 quia
1139 2209 1250 2284 portu·

148 2306 183 2370 lit
200 2307 277 2369 beus
296 2323 415 2386 agones
436 2305 628 2385 patientiae,
658 2315 691 2368 01
714 2305 748 2368 iu
769 2304 917 2368 omuibus
939 2303 1024 2384 quus
1046 2322 1158 2384 passus
1180 2312 1247 2382 est,

149 2407 359 2486 magnanimus
374 2407 450 2482 tuit,
472 2413 504 2469 et
525 2406 626 2468 dixit:
644 2404 800 2470 Dominus
819 2403 920 2480 dedit,
936 2403 1089 2470 Dominus
1101 2405 1249 2471 adstulit:

148 2515 179 2569 st
197 2505 328 2570 domino
345 2506 481 2587 placuit,
502 2505 550 2570 ito
569 2509 688 2588 sactum
708 2517 764 2578 sst,
786 2505 830 2571 sit
851 2524 962 2571 noman
983 2505 1114 2571 Domini
1132 2506 1254 2571 bencdi-

145 2617 238 2670 cttsrn:
261 2607 333 2671 ride
352 2606 393 2669 ad
416 2607 567 2671 ultimum
586 2608 663 2686 quid
685 2608 726 2669 de
746 2625 786 2670 eo
801 2609 976 2671 scribitur:
994 2605 1120 2687 recepit,
1136 2607 1254 2690 inquit,

147 2709 247 2772 sistris
266 2709 471 2791 dapis,qssue
491 2707 652 2772 emiserat.
676 2706 769 2782 vine,
784 2709 863 2789 quid
891 2716 940 2773 est
960 2711 1110 2774 amittere
1130 2710 1253 2793 aliquid

151 2828 203 2888 pro
222 2807 303 2888 lieo,
324 2812 387 2874 boc
406 2817 456 2874 est
478 2809 693 2890 multiplicata
716 2811 863 2890 recipere
886 2811 941 2873 tibi
962 2817 1024 2874 etc.
1046 2830 1063 2868 )
1088 2808 1128 2873 Et
1148 2813 1193 2874 sic
1215 2811 1255 2876 de

150 2911 268 2987 esteris,
283 2929 370 2992 quse
388 2911 526 2991 sparsim
541 2911 697 2990 leguntur
710 2914 744 2974 io
765 2911 1174 2993 commentationisque
1191 2922 1256 2977 tru·
1348 2989 1350 2994 ¹

151 3013 291 3088 statibus,
313 3010 378 3077 Job
399 3013 585 3093 testimoniis
600 3015 641 3075 ab
656 3015 725 3093 ipso
745 3013 888 3092 Origene
910 3012 1061 3076 discussis
1081 3014 1177 3096 juxta
1202 3014 1255 3078 lit·

154 3118 235 3176 taras
252 3131 394 3178 sensum.
427 3111 496 3178 Nec
516 3114 613 3176 aliter
631 3132 708 3178 sanc
730 3116 800 3178 desi
822 3121 969 3195 poterat,
1001 3115 1136 3178 eumad
1161 3116 1257 3180 robo-

154 3215 243 3277 randa
264 3215 338 3279 tidei
359 3215 509 3296 dogmata
530 3223 643 3280 contra
665 3216 890 3294 udsersarios,
913 3217 1058 3298 ejusdem
1080 3217 1156 3281 libri
1177 3219 1256 3282 citu·

155 3317 193 3380 rit
210 3317 314 3380 dirius
332 3318 442 3381 rerba.

226 3416 445 3482 Nihilominus
465 3420 573 3482 celare
595 3419 693 3495 nolo,
721 3419 802 3483 alias
822 3421 950 3501 quotics
972 3429 1118 3500 tempus,
1140 3437 1259 3501 scopus

155 3531 383 3597 aspersum,
415 3519 535 3598 quibus
555 3520 799 3600 alloquebatur,
832 3521 1020 3601 exigebant,
1044 3521 1258 3601 allegoricum

155 3615 350 3699 investigasse
370 3637 512 3693 sensum,
535 3623 725 3699 praesertim
748 3624 779 3685 in
803 3620 963 3686 llomilise
985 3637 1101 3702 genere
1122 3622 1161 3685 ad
1183 3623 1260 3686 ddc-

156 3714 228 3778 iium
248 3721 400 3798 pietatem
421 3717 674 3783 aedificandum:
696 3739 840 3801 quorun:
855 3739 952 3784 sures
970 3723 1079 3802 potius
1100 3723 1147 3786 bb
1167 3724 1261 3788 locu-

157 3816 285 3883 tionibus
313 3819 563 3883 oblsctabantur
582 3819 804 3899 spiritalibus,
838 3821 940 3885 soluti
962 3825 1061 3901 paulo
1082 3830 1156 3886 ante
1177 3823 1257 3900 dixi,

155 3931 243 3994 quam
256 3937 294 3983 ea
309 3921 424 3982 sudirs
436 3920 503 4002 jam
519 3920 560 3983 ab
575 3923 612 3985 iis
626 3931 758 4001 accepta
770 3941 809 3984 ac
825 3930 956 4001 praeter
977 3941 1104 3986 omnem
1119 3923 1260 4003 disputa·

157 4016 264 4083 tiouom
278 4022 425 4100 probata.
442 4020 556 4097 Qualis
577 4023 738 4086 distinctio
753 4026 933 4088 necessario
952 4025 994 4089 ob
1013 4025 1127 4102 oculos
1145 4025 1263 4089 lrabsu·

157 4117 192 4179 da
212 4130 258 4183 est
278 4125 311 4184 in
331 4120 482 4200 Origeuis
502 4123 703 4203 perlegendis
723 4124 825 4186 libris.
844 4123 906 4187 Ex.
924 4143 954 4204 g.
982 4124 1155 4204 allegorica
1181 4123 1262 4188 Eze-

155 4219 257 4285 chielis
279 4221 378 4288 rerba
399 4224 439 4287 de
460 4222 665 4289 Hierusalem
686 4243 873 4306 exponens:
905 4226 939 4290 in
960 4245 1025 4306 quo
1045 4225 1192 4290 dienato
1217 4245 1264 4301 ss,

154 4335 212 4381 son
230 4333 272 4387 cst
291 4325 416 4388 excisus
436 4323 606 4389 umbilicus
626 4335 723 4401 tuus,
744 4327 900 4390 nonnulla
922 4317 1000 4391 citat
1021 4327 1059 4390 de
1080 4327 1147 4392 suis
1170 4325 1265 4392 Com-

156 4427 308 4491 mentariis
329 4427 363 4490 in
384 4425 469 4506 lob:
492 4445 577 4510 quae
598 4428 697 4508 buius
719 4432 845 4510 noueris
867 4438 964 4493 sunt:
989 4451 1005 4490 n
1028 4427 1194 4510 Scriptum
1216 4437 1266 4494 est
1303 4489 1305 4494 ,

157 4519 184 4582 iu
202 4521 261 4589 101)
280 4528 321 4593 de
342 4526 512 4612 Dracone:
543 4530 645 4595 uirtus
665 4529 734 4612 010)
761 4528 798 4592 in
827 4530 1000 4606 umbilico,
1021 4543 1049 4596 st
1071 4531 1174 4596 oirtsss
1194 4530 1264 4614 cjsss
