3375 5567
148 791 355 867 argumentum
374 782 469 862 redit,
488 792 520 849 et
539 783 624 849 unde
645 784 780 850 tortasse
798 784 898 865 mame
916 802 1028 849 senam
1042 784 1161 865 patebit
1181 806 1235 851 eu-

148 906 229 967 ram,
249 906 333 974 quae
361 890 512 971 superins
542 887 624 953 dixit
649 888 859 954 Adamantius
883 889 924 953 da
949 888 1073 969 origine
1091 888 1235 969 magiae:

147 990 278 1057 «Postea
293 993 395 1057 risum
410 1000 459 1057 est
472 988 566 1057 Celso
587 991 757 1057 chaldaeos
780 1009 899 1057 uocare
912 998 1037 1071 gentem
1055 991 1123 1075 jam
1137 1010 1155 1055 a
1170 994 1234 1072 pri·

143 1096 192 1158 mis
212 1095 406 1175 temporibus
421 1113 555 1175 prorsus
570 1094 722 1169 divinam,
739 1095 824 1161 unde
844 1105 949 1159 tamen
969 1096 1001 1157 io
1019 1095 1161 1159 homines
1178 1094 1233 1158 de·

144 1196 231 1259 rirata
252 1204 300 1259 est
314 1195 415 1259 ialiaa
430 1215 473 1261 ex
493 1196 591 1259 natali
605 1196 656 1259 die
671 1196 832 1259 divinandi
848 1196 1024 1277 disciplina.
1038 1194 1161 1259 Eodem
1182 1196 1230 1259 io·

142 1316 175 1361 co
192 1302 222 1359 et
241 1314 376 1360 numero
398 1298 494 1361 babet
515 1316 636 1378 magos,
657 1299 808 1380 aquibus
828 1316 882 1362 ars
902 1297 1024 1379 magica
1044 1316 1160 1362 nomeu
1180 1316 1234 1361 sn·

143 1418 190 1463 um
211 1402 331 1480 traxit3
352 1408 385 1463 ct
399 1402 430 1462 iu
451 1408 574 1465 ceteras
595 1407 704 1479 gentes
724 1400 764 1463 ad
780 1401 916 1465 exitium
938 1417 976 1464 ea
997 1400 1168 1473 utentium,
1191 1398 1239 1460 di·

143 1501 281 1564 manarit.
297 1520 314 1557 a
331 1498 471 1565 Tandem
492 1500 630 1565 Humilia
654 1500 743 1564 xtlt.
765 1520 795 1565 n.
816 1498 847 1565 5.
868 1499 906 1563 ia
925 1498 1098 1576 Numeros,
1118 1501 1158 1564 de
1175 1498 1240 1564 Ba·

140 1602 227 1678 taam,
248 1621 346 1683 quom
367 1604 453 1665 misit
472 1600 592 1667 Balach
609 1603 648 1667 ad
672 1602 925 1669 maledicendum
948 1602 1072 1677 israeli,
1095 1604 1138 1666 ita
1158 1605 1237 1665 scri·

142 1704 180 1766 bit
199 1704 342 1769 Auctor:
360 1726 377 1765 a
393 1704 461 1770 Nec
475 1706 601 1770 mireris
621 1706 647 1769 si
668 1714 716 1770 est
730 1708 761 1771 iu
780 1706 904 1786 magica
918 1713 989 1768 arte
1011 1705 1074 1767 tale
1088 1706 1234 1785 aliquid:

141 1824 200 1867 esse
219 1808 303 1871 euim
324 1808 406 1871 hauc
434 1815 537 1871 artem
558 1807 701 1887 designat
721 1808 816 1871 etiam
837 1804 1023 1889 Scriptura,
1051 1807 1106 1871 sad
1127 1808 1177 1871 uti
1195 1826 1234 1872 ea

141 1907 289 1985 prohibat.
305 1906 389 1973 Nam
403 1916 435 1973 et
455 1909 624 1973 daemones
643 1906 809 1988 Scriptura
830 1927 900 1973 ease
920 1907 1081 1987 designat3
1095 1906 1150 1971 aed
1172 1908 1236 1971 coti

140 2025 186 2071 eos
205 2016 236 2073 et
256 2013 389 2075 exorari
410 2016 505 2074 vetet.
536 2008 636 2073 Recte
660 2028 738 2090 ergo
759 2012 855 2075 etiam
876 2010 978 2091 magia
998 2011 1048 2073 uti
1068 2009 1237 2089 prohibet;

140 2114 205 2191 qnia
225 2128 395 2191 magorum
418 2111 551 2175 ministri
571 2120 647 2175 snut
667 2113 772 2191 augeli
792 2112 942 2191 rciugae,
964 2119 997 2175 et
1016 2111 1149 2192 spiritua
1172 2128 1238 2175 ma·

141 2215 218 2294 ligni,
233 2222 269 2277 et
287 2213 453 2277 daemonia
470 2213 644 2277 immunda.
660 2212 781 2278 Nniina
802 2214 886 2277 euim
901 2220 1087 2279 sanctorum
1106 2214 1238 2294 spiritu·

139 2333 186 2377 um
205 2314 407 2395 obtemperat
436 2331 539 2394 mago.
570 2312 643 2379 Nou
664 2321 769 2394 potest
788 2315 939 2379 inuocare
959 2332 1072 2395 magns
1093 2312 1235 2379 Michae-

138 2414 212 2492 lem‚
233 2434 341 2497 neque
369 2414 565 2496 liaphaelena
577 2435 589 2495 5
621 2416 725 2479 multo
746 2416 845 2497 magis
866 2435 929 2480 non
958 2425 1062 2497 potest
1082 2419 1235 2481 invocare

140 2513 234 2583 lienam
257 2518 517 2597 omnipotentens,
533 2534 590 2581 uec
611 2515 729 2581 Filium
743 2518 814 2599 eiua
835 2515 1008 2582 Dominum
1023 2526 1169 2583 nostrum
1183 2516 1240 2583 Je-

139 2634 201 2680 snm
221 2616 401 2694 Christum,
423 2635 481 2681 nec
501 2617 653 2683 Sanctum
669 2615 823 2699 Spiritum
844 2617 917 2700 ejus
929 2660 1028 2681 .....
1043 2616 1132 2699 Magi
1151 2626 1239 2695 snut,

139 2721 187 2797 qni
206 2721 358 2783 invocant
371 2716 573 2783 Beelzebub.
587 2765 596 2782 .
611 2763 640 2779 ..
657 2715 747 2783 Unde
768 2726 894 2783 contat
911 2737 980 2783 esse
994 2719 1150 2798 quosdam
1164 2719 1240 2783 dae·

139 2834 238 2883 nones
261 2819 382 2897 malos,
405 2822 462 2901 qni
483 2820 623 2885 invocati
642 2836 661 2883 a
682 2819 802 2900 magis,
824 2820 941 2883 adsunt
964 2821 1010 2883 eis
1031 2820 1072 2883 ad
1094 2820 1238 2894 matum,

139 2936 191 2981 nou
211 2920 252 2982 ad
276 2919 405 2985 bouum.
439 2918 547 2983 Parati
567 2920 651 2983 enim
671 2925 746 2985 suot
766 2918 805 2982 ad
838 2919 1124 2999 malefaciendum
1156 2920 1238 2983 bene

138 3028 237 3085 autem
261 3020 369 3085 iacere
389 3021 544 3086 nesciunt.
578 3018 631 3084 tati
653 3037 731 3101 ergo
754 3020 925 3085 daemones
954 3029 1026 3084 arte
1046 3021 1187 3101 quadam
1207 3028 1241 3086 et

139 3124 362 3203 compositione
384 3122 558 3187 uerborum
573 3124 606 3186 iu
626 3122 792 3198 amicitias,
815 3131 852 3187 ut
872 3124 915 3185 ita
936 3122 1053 3200 dimas,
1074 3133 1238 3188 cenamus

140 3218 276 3287 hinem.
299 3244 316 3281 n

215 3323 290 3399 Ubi,
307 3326 362 3391 ubi
383 3344 461 3407 ergo
475 3326 701 3407 patrocinium,
716 3326 804 3408 quod
825 3325 981 3407 Origenes
994 3326 1137 3407 magicae
1150 3341 1242 3406 prae·

138 3424 212 3487 stitit
231 3423 325 3489 arti?
344 3424 404 3491 Ubi
424 3426 527 3503 liber,
549 3426 606 3489 ubi
628 3433 805 3503 tractatus,
829 3427 883 3490 obi
908 3425 1027 3500 rerba,
1049 3424 1239 3505 inquibus,

141 3525 195 3589 hoc
209 3525 404 3607 tiagitiosnm
417 3526 589 3591 artificium
609 3527 749 3591 adstruit
763 3524 998 3591 Adamantius?
1011 3523 1174 3607 Quodque
1188 3542 1243 3587 ne·

138 3625 210 3691 dnm
232 3629 409 3709 probaret,
430 3629 484 3693 sed
506 3637 539 3693 et
561 3646 595 3693 sa
617 3628 777 3694 iuniorem
798 3628 1008 3709 profiteretur
1039 3627 1242 3710 hujuscemo-

138 3725 166 3787 di
185 3726 462 3809 praestigiorum?
484 3728 581 3793 Plana
601 3728 884 3810 comprehendistis
905 3727 1051 3811 eiusdem
1073 3728 1188 3809 tidemg
1209 3734 1243 3791 et

139 3828 253 3905 quibus
269 3829 368 3892 armis
381 3828 509 3894 sortiter
528 3846 563 3893 se
576 3829 672 3908 gessit
682 3837 793 3893 contra
815 3829 1065 3893 christianorum
1081 3828 1243 3891 obtrecta-

140 3934 233 4005 tores,
255 3931 313 4009 qui
333 3946 502 4010 magorum
523 3930 701 4011 praestigiis
722 3940 754 3993 et
774 3927 887 3994 Jesnm
916 3938 949 3993 et
968 3929 1133 4011 apostotos
1152 3926 1244 3997 eth-

136 4027 218 4094 de1es
239 4048 349 4093 omncs
369 4030 553 4111 culparunt.
573 4030 716 4095 Audistis
737 4030 826 4110 quali
846 4031 1014 4093 alacritate
1034 4029 1152 4092 restitit
1165 4025 1240 4091 Ori·

138 4145 227 4206 ganea
242 4132 274 4193 in
288 4128 417 4196 Celsum
432 4148 470 4194 ac
490 4132 522 4193 iu
535 4148 645 4197 omncs
664 4129 780 4197 Christi
797 4134 915 4208 hostes,
930 4131 973 4194 ob
988 4132 1049 4194 hoc
1063 4129 1239 4195 calumnia·

139 4245 206 4291 rum
221 4248 323 4309 genus
344 4248 458 4295 nomen
471 4231 718 4297 christianorum
740 4232 929 4295 intentantes
943 4232 976 4293 io
997 4229 1127 4293 muodo.
1149 4226 1238 4292 Nihil

137 4344 210 4408 ergo
234 4348 290 4395 vos
303 4331 384 4396 latet
403 4331 544 4395 derecta
559 4332 712 4397 Auctoris
728 4332 934 4413 professione.
951 4327 1159 4408 Quapropter
1174 4346 1239 4391 non

136 4431 352 4511 conlaudatur
367 4427 529 4513 Origenes,
553 4443 589 4498 nt
609 4436 653 4497 ait
676 4431 888 4516 Theophilus,
903 4430 957 4494 sed
979 4432 1046 4510 ipse
1067 4426 1243 4491 contunda-

139 4536 211 4608 tnr,
232 4551 291 4598 san
312 4532 419 4614 potins
439 4534 462 4596 ii
491 4534 662 4614 ignominia
682 4532 864 4600 afficiantur
894 4538 927 4595 et
950 4529 1163 4606 contusione,
1183 4529 1241 4608 qni
