3375 5567
432 662 493 739 ddi

515 765 565 831 iix
587 768 635 832 bis
656 770 767 849 itnque
787 777 820 833 et
839 768 1023 853 similibus,
1054 784 1141 851 quae
1159 768 1344 833 eunomios
1371 766 1535 847 tegemm,

435 878 572 948 constat,
588 871 667 952 quid
688 870 844 952 Origenes
863 870 984 935 relitin
1005 873 1140 956 mystice
1155 871 1373 952 explicatione
1385 885 1534 948 aquarum

433 987 519 1052 qnae
538 992 637 1053 snpru
661 974 711 1037 vei
743 973 827 1037 inire
847 983 924 1038 suut
952 974 1036 1037 eoeii
1057 973 1320 1051 firmamentum,
1351 970 1408 1034 ubi
1425 970 1537 1033 seiiioet

436 1080 500 1135 tam
522 1073 694 1153 perspicuo
714 1091 774 1154 per
794 1075 900 1155 ipsunt
928 1074 1098 1138 medetur
1116 1075 1326 1139 bumouitatis
1356 1072 1537 1137 eonditioin

436 1172 498 1237 boo
519 1175 650 1237 mundo.
673 1173 709 1237 ln
730 1192 797 1255 quo
818 1182 980 1256 perpetuo
999 1176 1148 1241 decertat
1166 1173 1266 1239 bomo
1285 1181 1398 1238 noster
1416 1172 1539 1235 interior

435 1290 512 1339 oum
533 1275 715 1352 exteriori,
746 1276 829 1341 idest
848 1293 926 1341 earo
947 1286 1057 1341 nostro
1079 1293 1155 1342 oum
1176 1278 1318 1357 spiritu;
1349 1276 1425 1340 vitis
1445 1274 1539 1336 urnis

437 1382 567 1439 nostroe
588 1392 645 1439 uos
664 1375 829 1452 detinent,
854 1376 1059 1455 prohibentia
1085 1386 1225 1441 mentem
1244 1393 1381 1441 sunum
1402 1372 1538 1438 aseende

437 1492 492 1537 res
515 1475 693 1553 quinimmo
724 1476 878 1541 deorsum
906 1486 966 1541 aut
985 1480 1018 1542 in
1038 1494 1140 1557 aquus
1160 1477 1267 1561 abyssi
1289 1477 1443 1550 trabunt,
1464 1492 1538 1554 quae

435 1583 512 1639 suut
532 1574 724 1639 daemonnm
747 1585 866 1641 motus.
893 1576 1000 1655 Quom
1022 1580 1191 1663 mystionm
1215 1577 1453 1659 expositionem
1472 1573 1538 1638 aiibi

436 1674 577 1739 Romilia
601 1678 642 1739 ΙΙ.
662 1676 701 1739 iss
732 1676 878 1742 Psalmos
897 1698 931 1743 u.
952 1676 983 1742 5.
1006 1698 1048 1743 ox
1070 1676 1172 1743 isaiae
1192 1679 1321 1743 serbis:
1353 1678 1408 1740 sed
1423 1684 1538 1757 peresis

436 1786 539 1841 miro
563 1788 713 1858 soporasti
732 1781 819 1843 iuter
839 1796 895 1844 eos
923 1788 953 1843 ei
972 1778 1096 1857 stum,
1120 1781 1335 1845 instaurate«
1348 1777 1412 1843 Sed
1431 1779 1472 1841 eb
1489 1778 1538 1839 ini

439 1880 496 1956 tio,
512 1880 629 1961 inquit,
651 1889 821 1946 creaturae
843 1900 906 1945 aon
924 1884 994 1945 siue
1012 1882 1123 1963 aliqua
1146 1884 1280 1966 mystice
1301 1880 1429 1944 ratione
1443 1878 1539 1941 drme·

347 1998 351 2005 ·
437 1989 582 2045 mentum
604 1982 725 2047 ieotum
746 2002 816 2047 ease
839 1982 972 2058 dieitur,
993 1984 1082 2063 quod
1102 1991 1271 2063 superaret
1291 1983 1380 2045 inter
1399 1996 1496 2061 equas
1510 1986 1538 2041 et

436 2099 558 2163 equas,
581 2090 614 2145 et
633 2083 792 2147 divideret
813 2084 1036 2148 temnentem
1050 2083 1240 2147 morteiium
1260 2081 1428 2147 aestibus
1441 2086 1473 2143 et
1492 2078 1538 2139 bs

436 2182 585 2249 bitnenlis
605 2184 809 2264 augelorum.
842 2184 895 2247 Ex
917 2186 980 2249 boo
998 2202 1079 2264 ergo
1098 2184 1193 2248 ioons
1212 2184 1305 2247 nobis
1326 2180 1538 2263 peecatoribus

436 2282 527 2345 eride
549 2284 640 2361 boec,
662 2302 762 2365 quam
783 2286 881 2349 etium
903 2291 1024 2349 terram
1045 2284 1284 2367 cognominavit
1303 2282 1474 2357 domiuus,
1493 2280 1538 2342 de

435 2392 548 2462 putata
569 2392 628 2448 est.
645 2385 706 2451 Sed
728 2394 761 2449 et
775 2387 838 2451 alie
854 2388 1015 2467 quendam
1037 2388 1109 2451 tooe
1125 2388 1335 2450 nominentur
1343 2402 1464 2467 aquae,
1476 2381 1537 2462 qni

436 2486 497 2550 bns
515 2486 698 2566 superierri
712 2488 852 2568 Spiritus
873 2488 993 2553 dicitnr
1014 2488 1151 2553 Domini.
1168 2487 1210 2553 Et
1231 2489 1295 2551 eiia
1316 2487 1476 2567 quaedam
1498 2485 1537 2546 io

433 2602 473 2649 ea
494 2586 628 2667 abyssus
649 2588 877 2665 nominentur,
898 2589 1019 2669 quibus
1040 2589 1192 2653 tenebrae
1223 2588 1449 2669 superpositae
1467 2584 1537 2649 reie

438 2693 558 2749 ruuinr
579 2697 674 2752 etc.»

476 2816 480 2824 ·
515 2786 725 2867 Quapropter
745 2790 853 2868 quivis
873 2789 948 2853 iude
966 2807 992 2853 s.
1015 2788 1125 2854 Basilii
1146 2790 1243 2853 ritate
1266 2787 1367 2851 serbe
1389 2784 1537 2870 potaverit

437 2884 611 2966 Origouem
634 2890 828 2969 pertingere,
849 2890 942 2971 qussi
964 2890 1024 2954 isto
1044 2891 1120 2953 taiia
1148 2897 1361 2954 commentus
1372 2892 1415 2953 sit
1434 2882 1536 2951 esde

438 3005 549 3052 neseos
569 2989 682 3053 dietis:
705 2992 762 3071 piot
775 2992 1011 3071 firmamentum
1023 2990 1062 3054 ist
1080 2991 1183 3054 medio
1203 3010 1307 3073 opum
1326 2998 1390 3055 ete.
1411 3005 1536 3052 summo

406 3154 411 3165 ,
436 3107 515 3170 pero
547 3090 684 3155 iaiiitnr.
707 3091 779 3157 Non
810 3096 895 3156 enim
920 3092 1078 3174 Origenes
1105 3099 1238 3173 pruetar
1256 3109 1296 3155 en
1325 3109 1427 3172 supra
1446 3088 1537 3166 iimpi·

437 3190 566 3255 dissime
595 3192 695 3255 aiiete
723 3199 756 3255 et
779 3193 944 3269 discussa,
966 3195 1086 3271 sensit;
1108 3210 1168 3255 nee
1187 3191 1261 3255 ideo
1280 3210 1325 3254 ex
1354 3192 1395 3254 iis
1416 3189 1474 3253 init
1495 3203 1536 3247 as·

436 3294 629 3369 serentibus,
647 3292 805 3373 potentias
824 3296 981 3373 paestano
1002 3292 1188 3373 spirituales
1207 3303 1238 3355 et
1255 3290 1397 3373 eorporis
1415 3296 1537 3369 sepem

435 3390 553 3471 tropice
571 3391 755 3473 sipuifieori
770 3412 828 3474 per
848 3400 969 3476 optim
984 3403 1014 3458 et
1030 3412 1166 3474 superne
1183 3392 1313 3474 quidese
1331 3412 1432 3472 supro
1443 3392 1535 3468 firmo·

435 3503 572 3559 mutam
588 3493 847 3572 proertobiiiores
866 3494 1036 3559 meurisse:
1057 3495 1184 3576 inserere
1203 3514 1278 3558 oero
1302 3488 1488 3559 interrasit
1503 3504 1535 3549 σθ

435 3592 650 3658 medaridus
678 3595 755 3658 ineis
782 3596 975 3670 subsedisse,
1001 3614 1082 3677 paor
1101 3608 1195 3659 mest
1220 3596 1393 3677 metipsos.
1413 3592 1481 3658 Non
1497 3590 1533 3651 itt

437 3696 569 3760 locutus
587 3702 638 3758 est
652 3695 885 3760 Adamantius:
906 3698 1061 3761 sedatius
1084 3698 1241 3776 iesoinso
1255 3696 1398 3774 Braiiio)
1417 3694 1471 3774 qui
1488 3686 1534 3749 ab

438 3795 614 3859 nrovioodo
635 3806 667 3859 ot
693 3799 934 3877 corrumpendo
961 3801 1117 3879 genuinos
1146 3798 1297 3879 Origenis
1326 3814 1457 3866 seusus,
1478 3788 1531 3851 ¹⁸¹⁰

439 3897 530 3961 nobis
546 3896 675 3961 tradidit
690 3909 909 3963 commentum
926 3918 1058 3978 vanum,
1071 3909 1104 3965 et
1124 3901 1166 3963 ab
1180 3901 1280 3979 ipsius
1296 3908 1404 3963 mente
1421 3893 1532 3957 otiosis

432 3999 562 4062 simum.
584 3998 613 4062 is
629 4016 719 4077 sane,
736 4008 773 4063 ut
789 4001 940 4077 vidimus,
956 4002 988 4065 in
1010 4000 1151 4065 Romilia
1173 4002 1307 4084 mystice
1325 4000 1464 4068 loeutus,
1478 4004 1533 4053 tm

436 4100 582 4163 distinxit
610 4100 818 4164 rationalium
839 4108 956 4178 status,
971 4103 1055 4165 idest
1067 4103 1259 4183 augelorum
1274 4102 1471 4167 coelestium,
1485 4094 1532 4153 bt*

438 4200 560 4263 minum
582 4210 614 4263 et
634 4200 838 4265 daemonnm.
857 4202 891 4265 iu
912 4202 993 4265 loeis
1013 4202 1095 4266 ooeii
1117 4203 1364 4268 sublimioribus
1383 4190 1530 4264 constitnit

434 4300 596 4379 spiritales
617 4303 808 4381 angelorum
831 4303 1042 4378 substantioe,
1063 4305 1096 4366 iu
1116 4306 1223 4369 medio
1245 4304 1390 4367 homiues
1407 4308 1530 4376 corpore

437 4410 469 4462 et
491 4402 595 4464 auimo
617 4412 783 4481 compotes
794 4423 805 4483 ς
835 4404 974 4484 locaque
995 4406 1149 4469 iuferiora
1170 4405 1347 4469 daemoniis
1366 4396 1527 4479 animarit.

439 4499 474 4563 in
495 4520 558 4581 qua
589 4503 789 4569 distinetione
819 4522 880 4586 pro
911 4524 1003 4569 more
1031 4524 1094 4572 suo
1119 4506 1311 4589 spirituliter
1333 4495 1525 4570 menteris
