3375 5567
422 790 520 844 cutus
543 779 629 843 lorct
650 778 729 844 sant
749 782 826 844 bum
856 778 997 845 Jouatba
1019 778 1089 843 lilio
1108 797 1180 842 sno.
1202 774 1274 842 lloe
1291 784 1397 841 antem
1413 754 1512 849 nobis.

422 883 517 945 sicuti
539 880 643 944 eldam
663 878 837 945 Enstntbio
855 881 1006 964 iudicatu
1026 881 1103 945 satis
1121 879 1262 944 arduom
1282 890 1339 943 est.
1360 877 1423 943 Nee
1440 880 1513 941 esim

424 983 515 1046 nobis
536 1000 594 1045 nee
615 984 675 1046 ulli
697 984 774 1047 licet
795 982 933 1047 tidenter
952 985 993 1047 de
1014 984 1064 1046 bis
1084 983 1275 1062 disquirere.
1297 982 1361 1047 Soli
1390 998 1513 1062 namque
1593 1031 1594 1078 ¹

424 1083 492 1148 lien
509 1084 685 1149 visentium
706 1102 744 1148 ac
760 1092 968 1150 mortuorum
981 1084 1084 1169 iudici
1105 1085 1283 1149 mandanda
1297 1090 1346 1147 est
1364 1084 1513 1147 onustis.
1593 1089 1594 1162 l

423 1185 640 1251 Nihilominus
656 1186 819 1267 Propheta
834 1189 879 1251 ita
894 1187 1041 1263 locutus,
1057 1188 1101 1251 ibi
1117 1186 1247 1253 ridetur
1261 1186 1378 1249 intueri
1393 1192 1516 1249 tantum·

421 1286 516 1350 modo
539 1288 638 1351 totius
651 1288 860 1352 humanitatis
877 1288 1051 1353 terminum
1066 1290 1099 1351 in
1122 1288 1188 1351 sita
1206 1286 1331 1363 lutura,
1345 1304 1410 1367 quo
1423 1304 1515 1349 essm
1593 1291 1594 1376 j

422 1386 565 1468 sopimur
584 1388 652 1449 aire
674 1388 761 1462 boui,
782 1390 852 1451 sisa
872 1388 961 1451 mali.
1593 1383 1594 1430 l

501 1487 674 1551 Praeterea
696 1508 722 1553 s.
740 1488 931 1552 Eustatblus
944 1487 1192 1569 ventriloquam
1215 1486 1327 1551 Endos
1345 1502 1518 1567 mnparsrs
1593 1495 1594 1558 l

423 1588 531 1652 stndet
552 1590 805 1654 incantatoribus
821 1580 1064 1674 aegyptiorum,
1085 1589 1261 1670 dequibus
1283 1587 1410 1671 Moyses
1427 1588 1458 1649 in
1477 1584 1519 1649 bi·

423 1689 484 1752 bro
499 1686 615 1752 Exodi.
641 1689 694 1751 dit
715 1691 798 1753 enim
820 1705 850 1753 n.
876 1688 940 1753 llis
958 1711 975 1750 s
991 1689 1275 1767 Quemadmodum
1291 1700 1324 1754 et
1339 1690 1409 1751 baie
1428 1688 1520 1749 incas·
1593 1693 1594 1732 l

424 1798 566 1855 totorum
597 1793 724 1855 nomine
744 1802 776 1855 et
798 1794 923 1872 magiae
948 1791 1064 1857 studiis
1084 1810 1123 1855 ac
1143 1792 1269 1855 artibus
1290 1791 1457 1873 propositis
1474 1788 1519 1851 de

424 1894 637 1966 monstravit,
659 1894 789 1957 omnino
810 1893 1023 1958 dubitandum
1044 1911 1108 1956 non
1128 1912 1216 1971 esse²
1231 1894 1339 1957 omnia
1354 1892 1408 1953 illa
1429 1909 1446 1953 a
1464 1908 1519 1953 ma·
1593 1897 1594 1978 l

422 1994 469 2071 pis
490 1996 711 2072 superstitiosa
727 1996 916 2057 curiositate
931 1995 1073 2073 perlecta
1089 1994 1200 2073 luisse;
1220 1993 1338 2057 similia
1352 2000 1385 2056 et
1401 1990 1520 2072 buiusra
1593 1997 1594 2068 l

424 2093 577 2155 historiae
590 2102 677 2172 gesta
700 2103 997 2174 repraesentantur.
1015 2090 1098 2158 Nam
1115 2093 1379 2177 Eupastrimytbo
1393 2091 1520 2163 iudaeis.
1593 2077 1594 2148 i

424 2193 572 2272 deinceps
595 2193 718 2275 magiae
738 2196 865 2261 ortibus
887 2196 991 2277 impiis
1005 2196 1211 2276 deprebensis
1231 2204 1265 2258 et
1286 2210 1433 2275 persona,
1450 2208 1522 2271 curs
1593 2183 1594 2246 l

424 2295 571 2356 vaticinia
595 2297 724 2374 petebat
745 2297 971 2373 daemoniaca,
993 2297 1126 2359 omnino
1146 2297 1286 2359 ostendit
1306 2294 1522 2374 imaginationi·

423 2394 483 2455 bus
504 2404 535 2456 et
559 2396 633 2475 ipsis
654 2397 825 2471 ementitis,
850 2399 957 2459 omnia
981 2397 1081 2461 inisse
1110 2407 1240 2477 peracta
1272 2406 1335 2461 etc.
1358 2416 1375 2454 s
1398 2394 1471 2457 itam
1496 2395 1523 2455 ia
1593 2415 1594 2420 ¹

424 2512 455 2555 n.
482 2493 569 2559 xvi.
593 2498 753 2561 Samuelis
778 2498 924 2561 vaticinia
947 2499 979 2560 in
1000 2517 1060 2561 ore
1081 2498 1338 2584 Enpastrimptbi
1358 2500 1445 2579 pouit
1463 2494 1525 2575 Epi

422 2611 549 2677 scopus.
1593 2615 1594 2682 1

502 2694 592 2761 Haec
621 2716 697 2761 sane
718 2698 901 2779 suspicatus
931 2707 980 2763 est
1001 2697 1194 2765 Eustatbius
1223 2699 1265 2763 de
1284 2697 1449 2779 Origene3
1476 2693 1522 2759 ssd
1593 2709 1594 2778 ᾗ

424 2806 556 2879 praeter
575 2800 668 2865 istius
680 2818 822 2863 sensuro.
838 2798 975 2865 Diverso
993 2801 1126 2880 quidem
1139 2802 1429 2880 comprehenditur
1441 2800 1525 2863 bisto

423 2900 472 2963 ria
488 2915 658 2980 magorum
680 2904 907 2986 aegyptiorum
922 2902 964 2965 ab
976 2903 1027 2976 iis,
1045 2919 1131 2981 quae
1151 2910 1333 2967 narrantur
1346 2904 1377 2965 io
1398 2899 1488 2964 Libro
1500 2896 1521 2959 l.

421 3000 572 3083 Repum3
594 3012 627 3066 et
646 3005 689 3065 ob
710 3006 791 3067 hanc
808 3004 996 3068 summatem
1019 3006 1225 3069 imminuitur
1241 3004 1407 3069 Eustatbii
1427 3010 1526 3067 aucto·

424 3106 500 3167 ritas
521 3104 678 3169 adversos
698 3104 847 3185 Origeuis
868 3107 1177 3187 interpretationem.
1192 3105 1275 3171 Cum
1296 3109 1383 3171 enlm
1396 3104 1525 3169 studiose

421 3200 611 3285 Scripturas
633 3206 731 3287 hujus
751 3208 917 3269 enarratio
938 3208 1170 3286 investigetur,
1197 3207 1366 3287 quomodo
1387 3207 1524 3270 nimirum

421 3306 503 3369 baec
525 3306 711 3382 laetasint,
734 3309 829 3387 plura
852 3310 929 3372 mibi
951 3310 994 3372 ibi
1018 3310 1168 3373 sidentur
1189 3311 1312 3384 deesse,
1338 3320 1375 3373 ut
1393 3308 1523 3376 dicatur,

422 3406 690 3470 incantationibus
711 3426 769 3470 usa
792 3406 1005 3488 Ventriloqua
1038 3409 1189 3472 eduxisse
1212 3410 1253 3472 ab
1274 3409 1387 3473 inieris
1407 3406 1524 3471 &mue

420 3506 497 3569 lem.
523 3507 577 3569 dil
606 3506 793 3587 Scriptura:
818 3531 833 3567 c
856 3519 884 3571 st
904 3507 992 3571 dixit
1011 3511 1127 3574 mulier
1158 3507 1298 3586 (Sosii)
1319 3528 1411 3593 quem
1428 3522 1524 3571 wss-

420 3609 491 3671 dare
509 3608 629 3688 facicm
650 3608 708 3673 tibi
716 3606 736 3671 P
756 3621 785 3672 et
803 3610 891 3675 distr
911 3608 1014 3675 Saul:
1034 3609 1208 3675 Samum
1226 3614 1394 3675 murm
1409 3612 1460 3691 [ee
1476 3604 1526 3669 ω’·

420 3706 475 3771 lsi:
497 3719 525 3771 ct
544 3708 627 3772 vidit
647 3710 762 3775 mulier
782 3710 958 3776 Samuelem
962 3731 978 3786 ;
994 3724 1024 3775 et
1043 3712 1196 3776 ammonit
1215 3730 1287 3775 noce
1305 3730 1426 3792 mopso
1443 3720 1525 3775 ete·

421 3807 578 3872 Ostendat
598 3811 725 3875 interim
747 3812 820 3891 quis
842 3814 919 3877 mibi
934 3833 975 3877 ex
998 3814 1060 3877 boe
1081 3814 1270 3894 colloquio:
1291 3832 1381 3893 quaa
1400 3814 1470 3877 iden
1488 3809 1526 3871 ie·

421 3910 465 3971 eit
486 3906 608 3989 Magri
628 3912 818 3990 quesierit,
839 3930 925 3993 quaa
943 3912 1135 3994 praemisiti
1149 3932 1292 3995 qnorum
1314 3915 1440 3979 nomina
1460 3912 1525 3974 dae·

420 4027 553 4074 monum
575 4012 750 4090 invocavit,
774 4022 810 4077 ut
831 4018 982 4089 animam,
1005 4024 1064 4077 aut
1083 4026 1272 4094 spectrum,
1288 4025 1348 4079 aut
1367 4028 1524 4095 pomonam

419 4110 579 4175 Samuelis
593 4113 632 4175 ad
654 4132 689 4177 se
703 4114 881 4179 evocaret?
904 4116 1025 4179 indicet
1039 4134 1161 4195 quaeso
1183 4118 1260 4179 mibi
1275 4136 1317 4180 en
1331 4118 1435 4179 citatis
1449 4113 1525 4177 Scri·

420 4221 538 4292 pturae
562 4214 668 4279 verbis
682 4216 894 4280 artificiosum
913 4226 1107 4299 apparatum
1130 4217 1352 4299 Pythonissae,
1366 4235 1423 4281 seu
1437 4215 1523 4283 diets,

424 4315 475 4377 vel
502 4314 629 4377 nomios
652 4317 827 4393 latebrosa,
849 4328 908 4382 aut
926 4338 1044 4384 sonum
1058 4320 1159 4401 ipsius
1179 4321 1389 4395 comitantis,
1406 4318 1453 4380 rel
1471 4313 1526 4376 sir·

423 4414 600 4479 solutorias
623 4418 830 4497 praestigias:
857 4421 1053 4499 quibuscum
1073 4421 1296 4486 invitabantur
1309 4421 1524 4483 defunctorun

422 4514 548 4579 animno
572 4518 765 4597 respondero
788 4520 1097 4600 interrogationibus
1124 4528 1158 4586 et
1178 4522 1262 4587 sotis
1286 4514 1522 4587 aemulantium·
