3375 5567
176 715 221 788 iit,
239 712 446 795 idguirqnam
467 713 589 780 dixerit
603 713 766 794 indignum
787 713 858 780 ileo
873 733 956 794 erre,
977 716 1171 785 diaeolutum
1183 739 1256 785 eor·

173 834 218 895 pne
232 817 422 880 exsuscitare
445 824 480 878 et
500 815 665 895 colligere.
684 813 765 878 Nam
781 817 807 878 ei
829 817 975 884 deterior
994 818 1076 884 idert
1095 823 1259 903 corrupti·

174 916 221 976 iiie
238 925 266 977 et
287 915 419 996 patibile
438 935 562 997 corpur
582 917 690 982 iacere
711 919 875 999 indiguum
887 937 937 1007 ‘eo
963 939 1029 986 nou
1050 921 1258 1002 tni13mnlto

173 1017 249 1096 nege
266 1018 481 1096 prueetautinr
503 1019 622 1096 iacere,
639 1020 722 1084 idest
736 1021 983 1102 incorruptibile
1003 1030 1038 1086 et
1055 1022 1220 1102 apatibiie.
1239 1042 1256 1082 r

171 1115 244 1191 Quoi
264 1117 345 1182 tde‘m
367 1128 416 1184 eat
437 1139 476 1182 ec
496 1120 620 1186 diceret
642 1121 783 1186 ireeium

230 1217 262 1282 ln
280 1219 341 1284 line
355 1222 490 1302 inruper
510 1221 684 1285 admodum
698 1221 901 1302 euliregatnr
920 1222 1011 1286 nobie
1022 1220 1257 1300 Tertullianum,

170 1321 222 1398 uui,
236 1323 276 1384 uti
295 1320 469 1402 Origeeea,
491 1323 522 1386 io
546 1323 793 1387 rerurrectionis
814 1341 994 1404 corporeae
1007 1324 1116 1388 lroetea
1136 1342 1257 1406 pugua-

172 1425 246 1485 vitet
265 1424 407 1486 marimo
427 1431 541 1488 contre
558 1422 769 1488 Marcionem:
786 1425 906 1486 molum
922 1441 986 1486 erre
1004 1432 1194 1501 materen,
1209 1443 1261 1492 ae·

170 1529 313 1588 emon.
347 1523 379 1588 le
400 1541 542 1603 namque
562 1541 609 1588 ec.
626 1523 665 1586 V.
684 1521 739 1588 Vl.
762 1523 807 1588 lic
828 1521 1067 1588 Πειιιποοιιοιιι
1085 1525 1195 1590 cornis
1213 1529 1261 1592 ric

171 1625 321 1689 tomum
342 1643 468 1706 corpur
488 1625 640 1689 extollit:
665 1647 682 1686 n
705 1624 747 1690 Et
776 1625 869 1690 duxlt
897 1623 984 1692 oeni
1013 1627 1197 1702 hominen,
1219 1629 1259 1693 li·

170 1741 237 1786 uam
253 1725 292 1788 ie
313 1734 417 1790 terra.
446 1726 522 1792 dare
543 1726 653 1803 leonto,
683 1729 742 1807 qui
762 1727 872 1794 adhuc
891 1728 1000 1792 limuc
1022 1726 1064 1792 iit
1085 1726 1258 1794 inaniiiarit

170 1826 310 1890 hiidem
333 1828 410 1909 aina
430 1826 542 1891 datum
565 1829 667 1904 niteo,
689 1835 722 1894 et
743 1828 849 1894 iactor
869 1837 919 1893 ert
940 1829 1039 1893 homo
1059 1829 1141 1892 ideet
1160 1829 1258 1894 iirnue

170 1927 191 1987 io
207 1929 332 1990 raimam
368 1930 501 1992 viram:
532 1938 559 1988 et
576 1925 687 2007 peracit
707 1925 791 1992 [ieet
814 1926 973 1992 ioman
996 1946 1087 2011 puero
1106 1926 1204 2010 fierit
1224 1928 1261 1992 ιἰι

168 2026 303 2104 meam.
328 2028 426 2091 Adeo
447 2030 544 2094 homo
578 2027 765 2108 ligneorum
787 2029 911 2108 primo,
932 2027 1049 2093 deliine
1070 2036 1168 2094 tolno.
1191 2026 1263 2093 iloc

170 2145 198 2189 eo
214 2129 485 2202 commendarim,
514 2130 561 2192 uti
584 2129 741 2209 quidquid
763 2131 894 2193 omniuo
914 2129 1036 2194 homini
1056 2147 1075 2193 a
1097 2126 1167 2194 ileo
1187 2146 1263 2212 pro·

170 2237 289 2306 mium
301 2240 406 2312 etque
420 2231 612 2314 premiorum
625 2240 687 2306 eet,
704 2249 769 2294 uno
782 2231 844 2296 auli
859 2231 996 2308 animae,
1014 2249 1129 2296 rerum
1144 2237 1177 2295 et
1190 2247 1262 2294 cur·

170 2329 277 2394 titciua
295 2331 470 2410 debitum
494 2338 542 2407 ut,
563 2333 589 2396 ei
611 2349 674 2396 nou
688 2350 730 2394 ex
751 2332 916 2396 consortio
937 2334 1076 2413 genecio,
1099 2337 1189 2398 certe
1210 2331 1262 2398 rel

170 2447 200 2490 ex
211 2431 374 2513 priuilegio
390 2432 538 2498 mmiala.
561 2431 745 2512 Persequar
759 2433 861 2512 igitur
875 2434 1092 2514 propositum,
1112 2433 1140 2497 si
1155 2440 1261 2499 temen

171 2536 270 2596 tartum
290 2532 412 2612 poesim
443 2533 532 2600 cerni
555 2532 735 2608 uindicare,
755 2541 914 2613 qnantum
937 2534 1078 2598 coutniit
1098 2534 1178 2609 ilie,
1204 2533 1262 2614 qui

170 2647 222 2694 ean
240 2633 313 2696 ιιι-,ιι
329 2635 401 2716 iem
423 2641 501 2698 tunc
521 2633 737 2713 gloriantem,
759 2635 847 2716 quod
867 2635 927 2700 illa
948 2635 1129 2719 purillitar,
1149 2635 1260 2712 limite,

170 2731 192 2792 in
209 2751 310 2800 minue
331 2733 406 2809 liei,
427 2752 656 2816 quaecumque
675 2745 764 2811 sont,
787 2736 955 2815 perrenit,
975 2737 1053 2801 retia
1072 2735 1180 2801 lemur
1200 2737 1261 2800 etei

168 2831 348 2898 tolumnio
378 2842 561 2900 contuetur.
591 2826 781 2912 Quidenim
812 2837 840 2902 ei
862 2836 956 2900 nullo
979 2837 1121 2916 emplius
1141 2853 1261 2918 opere,

169 2932 254 2998 tutin
273 2935 465 3015 figmentum
485 2935 526 2998 de
546 2945 700 3002 contactu
715 2934 773 3003 Dei
793 2935 1013 3003 conatitioeot?
1032 2936 1126 3002 Adeo
1145 2954 1260 3018 magna

171 3047 209 3094 rer
225 3036 400 3114 agebatur,
423 3053 490 3115 que
512 3036 571 3098 irtu
594 3041 730 3100 materie
759 3035 987 3102 extruebatur.
1011 3035 1125 3117 loque
1147 3037 1263 3102 totiens

171 3130 339 3212 immine,
361 3139 513 3217 quotient
535 3155 649 3202 menon
666 3135 724 3202 liei
747 3138 883 3217 patitur,
902 3137 982 3201 dum
1005 3140 1161 3218 tangitur,
1182 3137 1261 3201 duur

170 3233 345 3316 decerpitur,
373 3239 453 3302 dou
473 3237 672 3314 deducitur,
695 3237 958 3318 ‹tumeffingttor
972 3281 1085 3300 .....
1099 3236 1153 3302 Sic
1177 3237 1263 3302 enim

170 3338 303 3413 inedito
325 3337 434 3404 Patris
454 3340 493 3400 ad
517 3336 653 3402 Filium:
676 3338 1009 3419 satannianorum
1028 3339 1071 3403 ud
1095 3337 1263 3419 imaginem

170 3435 431 3502 «similitudieem
451 3437 662 3504 nostramet
684 3439 759 3502 iecit
774 3439 936 3504 hominem
959 3436 1060 3514 liene,
1081 3438 1112 3500 id
1135 3440 1260 3519 ntique,

169 3539 370 3616 prodierit,
403 3540 443 3602 ad
465 3541 634 3620 imaginem
657 3538 715 3604 liei
738 3539 814 3604 iecit
834 3540 945 3612 iilum,
965 3538 1047 3604 ideet
1065 3539 1196 3606 Christi.
1219 3536 1262 3604 Et

170 3653 254 3703 runo
267 3643 350 3706 euim
367 3639 467 3715 Deua,
489 3642 545 3722 nni
560 3643 600 3703 *iu
620 3639 724 3720 elligie
739 3639 796 3704 liei
818 3642 1007 3714 costitutus,
1026 3657 1093 3702 noc
1111 3638 1263 3720 rupinum

170 3737 338 3808 υίιιιιαιιίι
354 3740 487 3824 puriori
518 3741 589 3806 Deo.
614 3741 659 3805 lta
681 3743 779 3806 litune
808 3740 865 3806 iile
883 3741 952 3822 jam
981 3748 1059 3806 tone
1091 3742 1261 3822 imaginem

172 3837 423 3912 clementini
445 3847 548 3913 loturi
569 3845 601 3908 lo
622 3861 732 3918 carue,
748 3861 812 3910 nou
834 3850 959 3908 tentum
981 3839 1050 3906 lieo
1070 3859 1154 3924 opua
1174 3851 1260 3917 eret,

172 3939 257 4008 odat
283 3947 410 4028 pignere
445 3945 520 4024 Quo
541 3962 626 4012 nuuc
654 3943 750 4020 iacit,
779 3942 820 4007 ed
852 3942 1073 4009 iniercaudem
1104 3943 1262 4021 originem

173 4045 264 4119 ttru'a,
278 4065 396 4112 nomeu
412 4055 518 4112 terrae
541 4047 710 4122 ventilare,
732 4054 769 4111 nt
789 4043 961 4119 eordeotie,
983 4050 1021 4109 nt
1037 4042 1176 4122 iacentis
1196 4041 1261 4104 eia·

175 4145 361 4214 uentiieum
384 4151 444 4214 etri
464 4149 526 4212 alie
543 4151 678 4212 moterlo
701 4146 893 4214 excudendo
906 4143 1028 4209 homiui
1040 4140 1257 4224 competierat

175 4243 282 4312 aurien
295 4249 460 4331 ineligium
482 4251 656 4330 recogitari
673 4255 856 4329 oporteret,
875 4247 933 4327 gui
954 4244 1046 4312 iliam
1061 4252 1093 4309 ot
1113 4241 1262 4322 eligenda

175 4339 276 4424 litua·
293 4350 484 4432 judicarent,
506 4358 539 4417 et
560 4349 731 4416 tracteudo
752 4347 929 4414 sedetet.»
