3375 5567
152 777 340 843 dubitandum
363 787 522 861 superest,
539 778 704 845 {tullinum
725 779 874 860 origenis
890 786 1013 842 testum
1033 778 1248 844 diversimode

150 900 204 944 esse
222 881 468 961 interpretatum
483 883 523 945 ab
543 883 693 964 originali
707 900 835 963 graeco.
860 883 894 947 ld
918 887 1001 949 enim
1027 885 1055 948 ci
1074 890 1245 966 repugnat,

149 981 218 1061 qnod
237 981 276 1044 de
295 1001 357 1046 sua
376 985 521 1047 versione
542 985 706 1065 professus
720 994 769 1049 est
786 984 955 1050 diuiduas:
978 984 1125 1066 Origcnis
1148 1003 1247 1065 repu-

148 1091 208 1162 gnat
225 1085 408 1165 argumenti
428 1086 532 1150 ordini
553 1105 591 1150 ac
614 1090 773 1164 termino,
796 1087 876 1150 alias
898 1089 1131 1168 inconsequens
1152 1085 1246 1148 deret

147 1203 238 1248 sermo
252 1183 428 1265 ductorisj
443 1188 593 1268 Origeuis
614 1189 744 1253 demum
760 1199 920 1270 repugnat
935 1189 1021 1266 lidei,
1038 1207 1135 1270 quam
1150 1205 1246 1267 saepe

147 1287 305 1368 stultique
324 1288 392 1351 suis
413 1289 575 1369 inscripsit
595 1290 687 1354 libris
716 1291 757 1354 de
788 1289 917 1355 Christo
940 1290 1179 1372 Redemptore:
1204 1285 1247 1351 Et

152 1383 262 1449 indum
281 1407 358 1451 caro
376 1391 498 1467 sectam
520 1399 575 1467 ert,
596 1397 626 1453 et
645 1390 799 1454 dodilonis
818 1391 856 1454 in
876 1389 976 1456 nodis.

211 1487 393 1553 Novissime
412 1492 452 1554 de
474 1489 546 1554 Filii
574 1492 754 1569 divinitate,
777 1493 915 1575 ejusque
936 1513 1011 1558 cum
1036 1492 1130 1557 Patre
1151 1509 1245 1556 cnse·

147 1591 291 1666 territate,
315 1609 414 1670 quam
436 1592 557 1673 ubique
577 1592 732 1671 Origenes
753 1592 899 1673 Operum
921 1611 1057 1658 suornm
1080 1592 1245 1656 confessus
1276 1625 1278 1632 ·

146 1699 196 1763 ert,
214 1695 365 1757 coureuit
378 1693 527 1759 Socrates
546 1695 577 1756 in
599 1693 697 1757 Libro
714 1691 783 1757 vlt.
807 1713 836 1758 c.
852 1693 884 1758 tl.
908 1693 1068 1759 Historiae
1085 1691 1244 1757 Ecclesia·

147 1793 251 1856 stirne:
275 1795 330 1856 ubi
345 1803 457 1858 narrat
472 1796 554 1859 duos
570 1805 646 1859 tunc
668 1798 822 1874 temporis
837 1803 1035 1877 praestantes
1053 1798 1138 1859 viros
1160 1795 1245 1857 aria·

147 1911 248 1957 norum
268 1903 378 1959 sectee
398 1897 536 1960 adscitos
558 1897 675 1975 luisse,
701 1893 907 1961 Timotheum
930 1907 962 1962 el
984 1897 1185 1976 Georgium
1207 1897 1248 1958 do

146 1995 247 2073 quidus
269 1998 350 2060 haec
363 1997 496 2062 scribite
514 1997 649 2074 «Quam
670 2000 713 2062 ob
728 2016 858 2062 cansam
885 1999 994 2062 mirari
1012 2000 1088 2061 satis
1105 1999 1160 2062 vix
1175 2015 1248 2079 pos·

144 2113 222 2168 sum,
243 2099 379 2162 curisti
401 2099 467 2162 duo
490 2101 550 2161 riri
572 2102 603 2162 in
625 2102 735 2162 ariana
765 2109 851 2163 secte
874 2106 1141 2180 perseverareu13
1169 2115 1244 2161 cum

147 2196 217 2259 alter
237 2206 399 2279 perpetuo
426 2207 545 2263 tereret
567 2201 755 2280 Platonem3
783 2201 870 2263 alter
889 2198 1042 2280 origeni,
1065 2198 1247 2262 evolvendo

147 2297 331 2376 ejuslibros,
350 2319 385 2363 se
407 2308 510 2364 totum
531 2299 664 2364 dicaret.
686 2299 769 2364 Nam
791 2320 896 2381 neque
918 2300 1012 2365 Plato
1032 2301 1203 2364 secundnm
1217 2308 1247 2362 et

146 2397 255 2461 tertiam
275 2419 410 2463 consum
431 2403 489 2479 (sic
506 2421 560 2465 ens
580 2403 747 2481 appellare
767 2403 861 2480 solet)
885 2403 1077 2483 principium
1093 2399 1249 2466 essentiae

146 2498 279 2564 induisse
300 2500 449 2565 allirmat.
466 2501 508 2566 Et
526 2501 684 2584 Origenes
706 2501 828 2566 Filium
844 2501 941 2566 Petri
960 2511 1157 2565 coaeternum
1181 2499 1248 2565 ndi·

145 2619 192 2678 pnc
206 2603 335 2679 (utetur.
353 2601 394 2665 Et
414 2622 612 2685 quamquam
629 2608 660 2667 in
681 2623 739 2669 sna
759 2603 903 2685 ipsorum
927 2611 1174 2685 permanserunt
1194 2621 1246 2666 ec·

147 2699 241 2775 cleris,
266 2709 372 2764 umen
392 2711 499 2766 sectae
519 2705 708 2768 arianorum
729 2706 911 2785 opinionem
935 2703 1128 2783 pedetentim
1149 2709 1182 2766 et
1203 2722 1245 2766 ex

146 2802 261 2866 ecculm
291 2811 532 2884 correxerunt3
563 2805 682 2886 quippe
703 2825 774 2869 eam
807 2805 917 2869 multis
939 2805 1009 2868 Arii
1039 2804 1246 2884 blasphemiis

147 2919 194 2963 sue
212 2901 358 2967 doctriua
381 2915 633 2985 perpurgarunt.
654 2927 671 2964 n

212 3004 263 3067 Ob
283 3025 319 3069 ea
342 3025 455 3088 porro,
474 3026 560 3087 quae
580 3008 621 3072 de
642 3007 723 3072 lesu
739 3008 905 3073 divinitate
927 3005 1092 3072 rarimnde
1108 3011 1243 3068 tractata

148 3115 210 3169 sunt
229 3108 269 3170 ab
287 3107 440 3189 Origene,
454 3118 614 3190 perpetuo
635 3110 776 3190 dogmati
792 3110 953 3174 catholico
970 3109 1169 3185 inhaerentc3
1186 3123 1245 3168 nec
1361 3107 1365 3115 '

149 3209 220 3272 istud
236 3210 463 3285 omittendum,
478 3212 566 3289 qnod
586 3211 658 3274 ideo
671 3213 902 3276 sanctissimam
926 3209 1089 3290 Virginem
1104 3209 1245 3289 glorioso

145 3309 283 3390 Θκιοτόκος
304 3311 401 3373 titulo
420 3312 594 3376 decorarit.
619 3311 654 3374 ld
675 3322 784 3375 autem
808 3320 947 3375 testatur
970 3311 1120 3376 Socrates
1142 3313 1173 3372 in
1196 3307 1247 3371 Li·

148 3409 196 3470 lro
217 3409 286 3474 Vll.
307 3409 359 3478 32.
382 3412 533 3475 aduersus
553 3409 745 3488 Nestorium,
769 3414 950 3485 osteudens,
974 3412 1036 3474 hoc
1066 3411 1160 3473 titulo
1179 3408 1246 3489 jam

149 3520 210 3572 aute
229 3512 309 3574 illud
331 3509 472 3576 Nestorii
491 3533 608 3577 aerum
631 3514 832 3578 cumulatam
856 3513 953 3576 luisse
970 3510 1121 3575 Mariam:
1146 3507 1249 3572 nlloc

150 3607 268 3675 loannis
290 3614 483 3689 testimonio,
501 3614 560 3689 ait,
583 3614 657 3678 lreti
682 3616 778 3696 prisci
800 3616 992 3693 interpretes
1015 3610 1153 3674 Mariam
1177 3608 1250 3673 Dei·

147 3727 246 3786 porum
266 3714 375 3777 dicere
403 3732 466 3776 nou
486 3715 687 3779 dubitarunt.
709 3715 792 3779 Nom
822 3724 855 3777 et
878 3711 1038 3777 Eusebius
1060 3712 1248 3793 Pamphilus

150 3813 284 3877 interlin
314 3813 413 3879 Libro
437 3815 481 3878 Dc
508 3813 575 3878 l'itn
607 3812 810 3878 Constantini
830 3815 869 3875 ad
896 3813 1029 3876 verbum
1059 3812 1101 3874 ita
1124 3812 1246 3876 scribit.

151 3912 258 3976 «Nam
278 3925 311 3978 et
332 3914 524 3979 Emmanuel
546 3925 597 3980 etc
600 3961 699 3979 .....
716 3915 777 3978 Sed
800 3923 831 3977 et
844 3913 1002 3994 Origenes
1024 3915 1129 3994 primo
1145 3909 1248 3975 Temo

151 4011 449 4080 Commentariorum
474 4015 510 4079 in
534 4017 713 4098 Epictetum
739 4018 782 4079 cd
806 4015 963 4080 Romanos
992 4017 1247 4094 interpretatus,

151 4131 203 4192 qua
216 4120 335 4180 ratione
346 4118 475 4180 dicetur
487 4115 643 4198 Θεοτόκος
655 4119 809 4179 latissime
821 4117 1011 4196 disquisivit.
1025 4135 1041 4172 n
1055 4115 1159 4176 Porro
1171 4133 1246 4177 cnm

150 4214 241 4278 adhuc
260 4217 464 4281 desideretur
487 4228 594 4281 textus
615 4235 752 4298 graecus
774 4218 892 4280 horum
916 4217 1245 4289 Commentariorum,

152 4331 275 4396 comque
291 4316 439 4382 Rudinus
461 4321 491 4382 in
508 4320 729 4394 translatione,
752 4319 867 4381 omissa
885 4317 1006 4393 littera,
1028 4333 1156 4378 sensum
1174 4315 1248 4377 bre·

154 4417 221 4480 riter
247 4437 437 4500 expressum
458 4421 587 4485 dederit
612 4421 759 4496 illorum,
782 4421 845 4485 lroc
867 4436 981 4484 nomen
1013 4433 1074 4481 non
1096 4425 1243 4514 apparet.
