3375 5567
453 782 563 862 iecore,
586 781 725 862 pluvias,
747 792 867 858 aestus.
885 788 1045 868 procellos
1069 790 1277 870 praedicere,
1299 789 1373 854 itero
1390 807 1430 853 ax
1448 787 1541 853 diriut

452 883 659 962 dispositione
681 888 765 965 ipsos
784 889 921 952 laudare
937 887 1039 954 Deum
1053 911 1064 969 ;
1087 910 1128 954 ex
1143 891 1288 974 ejusdem
1302 889 1447 956 mandato
1467 889 1541 952 rani·

455 987 510 1046 tati
524 985 685 1066 subiectas
699 1007 788 1069 esse,
801 1009 843 1053 ex
857 990 912 1054 [tet
927 991 1093 1055 voluntate
1106 1011 1195 1072 spem
1210 994 1298 1056 alere
1311 992 1466 1055 libertatis
1477 1001 1542 1066 etc..

451 1085 529 1162 qnid
549 1085 638 1149 aliod
660 1088 791 1164 indicat,
811 1091 869 1154 nisi
892 1091 1009 1154 horum
1032 1101 1156 1155 motum
1176 1093 1367 1156 rationalem
1388 1091 1544 1171 gubernari

449 1200 466 1245 a
487 1203 642 1265 supremo
662 1187 828 1254 Creatoris
849 1192 1062 1273 beneplacito,
1085 1193 1167 1256 adeo
1189 1199 1226 1256 nl
1247 1193 1342 1256 nntni
1365 1193 1460 1271 ipsius
1478 1192 1544 1255 resi·

451 1294 538 1348 stara
559 1289 748 1368 nequeant?
779 1289 865 1367 Quia
887 1310 945 1356 nec
967 1294 1098 1373 insuper
1119 1296 1150 1357 in
1170 1313 1206 1360 se
1226 1294 1439 1376 experiantur
1456 1293 1545 1372 legen

452 1385 529 1448 hnic
548 1389 654 1452 ordini
676 1395 885 1456 contrariam.

535 1487 622 1554 lluie
646 1500 756 1556 antem
780 1495 962 1572 assertioni,
986 1503 1024 1559 nt
1046 1497 1145 1576 magis
1171 1515 1221 1562 res
1247 1501 1368 1579 pateat,
1382 1501 1547 1578 opportune

449 1591 552 1668 aptari
576 1599 700 1670 potest,
718 1595 804 1674 qnod
826 1597 893 1676 ipse
914 1605 1025 1660 contra
1048 1597 1178 1664 Celsum
1200 1596 1298 1663 Libro
1320 1599 1376 1662 tv.
1399 1618 1430 1661 ιι.
1449 1595 1495 1664 83.
1513 1596 1545 1660 da

450 1690 603 1768 formicis,
619 1712 704 1773 qnae
726 1703 833 1759 terroe
855 1697 981 1761 fructus
1000 1699 1059 1761 sibi
1073 1707 1247 1779 seponunt,
1263 1701 1330 1762 ait:
1356 1721 1373 1760 ιι
1395 1697 1492 1780 Cujus
1506 1698 1543 1758 rei

448 1809 511 1854 non
532 1795 780 1860 existimandum
802 1806 863 1874 cst,
886 1817 1016 1862 cansam
1033 1800 1063 1860 in
1087 1800 1229 1863 formicis
1250 1819 1319 1864 esse
1343 1799 1544 1871 ratiocinium,

445 1892 501 1956 sed
524 1895 778 1975 omniparentem
800 1908 963 1975 naturam,
980 1917 1065 1980 quaa
1079 1901 1175 1964 etiam
1191 1901 1303 1964 brutas
1318 1903 1492 1964 animantes
1508 1899 1545 1961 sic

446 1997 629 2073 exornavit,
646 2006 682 2059 ut
703 2017 743 2060 ne
765 1999 893 2062 minima
916 2001 1045 2080 quidem
1058 2001 1171 2064 relicta
1192 2001 1303 2078 inerit,
1319 2019 1408 2081 qnae
1428 2002 1545 2080 impres·

444 2112 512 2158 sae
534 2104 650 2160 natura
672 2117 735 2163 oon
751 2100 854 2165 ferret
876 2103 1009 2165 rationis
1026 2103 1168 2182 vestigia.
1193 2101 1253 2167 Sed
1272 2103 1413 2166 sortasse
1434 2101 1544 2174 Celsus,

445 2200 503 2278 qni
526 2195 692 2264 Platonem
714 2203 745 2264 in
769 2201 932 2283 plerisque
954 2203 1074 2267 imitari
1096 2211 1204 2278 amat,
1235 2221 1294 2282 per
1316 2204 1399 2266 haec
1423 2203 1545 2266 obscure

446 2298 586 2376 indicat,
607 2302 727 2366 similes
748 2322 818 2368 esse
838 2321 949 2367 omnes
971 2303 1114 2380 animas,
1145 2321 1205 2366 nec
1226 2304 1404 2366 humanam
1426 2303 1504 2365 inter
1519 2307 1545 2361 et

446 2400 657 2466 formicarum
671 2411 730 2469 ant
748 2422 848 2485 apum
866 2405 1004 2468 animam
1020 2405 1124 2468 ullum
1147 2423 1216 2468 esse
1229 2403 1415 2468 discrimen.
1431 2421 1447 2462 ι
1463 2399 1545 2479 Quod

446 2502 616 2567 discrimen
638 2503 796 2586 Origenes
820 2506 942 2586 ultique
962 2507 1028 2569 suis
1053 2506 1184 2587 seriptis
1202 2507 1392 2586 conseruit,
1425 2523 1480 2567 nec
1499 2519 1546 2566 nn·

445 2621 544 2683 quam
564 2606 634 2668 sire
655 2609 822 2681 materiae,
842 2608 912 2670 sire
932 2609 1163 2684 animantium,
1186 2625 1245 2672 seu
1266 2618 1437 2672 astrorum
1457 2622 1546 2669 essen·

446 2705 523 2766 tiam
544 2705 692 2769 confudit
711 2725 786 2770 cnm
809 2709 974 2771 hominum
998 2719 1127 2783 natura,
1150 2727 1190 2772 eo
1206 2703 1373 2800 lepecpafi
1393 2706 1546 2771 ratiocinio

445 2806 603 2881 obstante,
626 2826 692 2887 qno
713 2810 811 2874 homo
832 2809 922 2874 solos
943 2810 982 2872 ed
1006 2810 1173 2889 imaginem
1196 2807 1254 2872 llei
1275 2809 1443 2886 conditus,
1464 2807 1546 2889 plane

444 2926 462 2969 a
482 2907 616 2989 reliquia
636 2912 820 2975 secernitur
832 2911 1007 2985 creaturis,
1023 2911 1135 2991 eisque
1151 2910 1331 2985 antecellit,
1348 2929 1413 2974 non
1435 2917 1495 2974 tam
1512 2907 1546 2970 ol

444 3008 543 3090 hujus
565 3011 721 3075 ratiocinii
753 3029 848 3074 usum
871 3018 904 3074 et
930 3011 1107 3074 arbitratus
1125 3011 1202 3092 ius,
1234 3026 1335 3090 qnam
1359 3011 1545 3092 potissimum

443 3108 547 3173 relate
566 3109 606 3172 sd
629 3110 728 3173 divini
749 3111 880 3174 luminis
901 3111 1225 3174 communicationem
1245 3109 1335 3172 etad
1358 3110 1466 3186 tinem,
1484 3107 1545 3188 qni·

446 3208 507 3274 bns
529 3208 617 3274 llens
640 3211 800 3275 hominem
822 3211 957 3274 creavit.

524 3312 595 3378 lloe
610 3331 711 3393 porro
725 3323 955 3392 argumentum
969 3312 1084 3377 sedulo
1099 3330 1137 3376 ae
1153 3311 1319 3393 speciatim
1336 3313 1369 3374 io
1386 3310 1482 3374 Libro
1497 3304 1542 3370 ll.

442 3425 554 3480 contra
576 3413 706 3480 Celsum
720 3417 825 3495 ipsum
848 3415 931 3494 egit3
956 3414 1009 3478 nbi
1027 3415 1058 3476 in
1081 3413 1263 3477 hominibus
1277 3413 1388 3476 solnm
1411 3412 1496 3476 norit
1513 3427 1544 3470 ιι

445 3524 557 3580 tuetur
577 3516 717 3579 liberum
732 3515 928 3594 arbitrinm3
950 3533 988 3578 ac
1003 3515 1034 3576 in
1054 3514 1217 3597 cuiusque
1238 3513 1410 3578 voluntate
1426 3514 1470 3576 ait
1482 3528 1546 3574 eru·

442 3634 511 3679 sem
527 3614 668 3678 malitiae
678 3633 757 3678 snae
772 3633 842 3678 esse
857 3634 899 3678 ax
914 3634 980 3696 quo
995 3615 1061 3695 ipsa
1077 3613 1296 3676 convertibilis
1311 3623 1372 3678 est.
1387 3613 1428 3678 Et
1444 3613 1483 3677 ob
1496 3613 1545 3672 lton

443 3718 558 3780 deinde
589 3716 800 3780 dittsreottsm
822 3717 989 3780 constituit
1018 3718 1103 3780 inter
1123 3733 1222 3796 opera
1254 3712 1353 3806 λόγου
1382 3716 1503 3778 ratione
1520 3721 1546 3774 et

441 3815 602 3910 λογισμόυ
622 3818 791 3882 ratiocinio
806 3819 949 3898 expleta,
965 3834 1050 3898 qnae
1072 3817 1209 3880 hominis
1223 3816 1394 3882 exclusive
1407 3825 1492 3890 sunt,
1511 3811 1545 3873 ab

443 3921 515 3983 aliis
535 3919 807 3984 irrationabilium
839 3919 986 3993 actibus,
1017 3936 1102 3998 qnae
1123 3917 1163 3980 ad
1185 3917 1322 3980 hominis
1345 3915 1546 3981 ministeriun

442 4029 552 4086 creata
572 4027 668 4094 suot,
697 4022 793 4100 eique
822 4027 975 4101 tanquam
1003 4020 1215 4083 instrumenta
1249 4018 1435 4082 mechanica
1456 4017 1544 4078 inser

446 4123 559 4200 vinnt3
580 4129 615 4184 et
634 4121 708 4184 hine
728 4121 902 4186 numanam
923 4128 1073 4185 naturam
1097 4119 1288 4182 rationalem
1309 4119 1414 4182 solnm
1436 4115 1545 4180 bonita-

443 4228 483 4289 tis
503 4232 536 4288 et
550 4223 692 4287 malitiae
712 4240 782 4286 esse
796 4239 970 4303 capacem:
993 4222 1089 4286 sicuti
1106 4229 1215 4301 postea
1237 4220 1278 4282 ab
1299 4237 1363 4282 una
1379 4227 1412 4282 et
1432 4219 1472 4280 ab
1491 4216 1544 4278 stix

443 4325 600 4389 decedere
623 4342 682 4404 per
700 4323 846 4388 eamdem
868 4325 1026 4386 rationem
1048 4339 1154 4402 posse,
1176 4341 1214 4385 ae
1236 4339 1294 4403 per
1315 4321 1410 4384 liberi
1431 4314 1545 4381 arbitrii

443 4445 551 4492 nsum.
574 4423 690 4507 ltaque
708 4424 746 4488 ia
765 4423 920 4489 Ioannem
948 4423 1050 4488 Tomo
1073 4424 1097 4488 l.
1120 4443 1152 4487 ιι.
1174 4421 1224 4494 34.
1246 4421 1337 4515 γένος
1359 4411 1487 4513 λογικὸν
1503 4435 1546 4496 ct·

443 4545 504 4590 ιιιιι
524 4525 682 4590 rationale
701 4527 832 4608 angelos
853 4534 885 4591 et
908 4527 1050 4591 homines
1073 4525 1295 4590 tantummodo
1320 4531 1433 4588 vocat:
1458 4543 1472 4580 e
1493 4515 1542 4581 Sol
