3375 5567
444 683 511 852 {⁵12
530 784 581 853 l‘l.
598 781 756 866 iuquiens:
767 805 784 844 v
796 783 892 862 Quod
909 802 989 850 vero
1007 786 1054 848 stt
1067 783 1244 866 apostotus
1262 780 1429 878 inimoco
1452 784 1536 856 duci

446 888 529 951 idest
542 885 579 950 iu
592 883 751 966 agnitione
764 885 834 968 εἰπε
846 885 978 968 quidam
999 887 1045 949 sic
1060 885 1255 966 intelligunt,
1277 893 1316 949 ut
1335 886 1418 948 inter
1434 884 1536 977 poian

442 1001 476 1054 ot
494 984 674 1078 ἐπίγνωσιν,
689 987 750 1052 boc
765 995 814 1052 est
829 989 914 1051 luter
926 984 1082 1052 sotionem
1096 995 1130 1051 at
1146 986 1340 1068 agnitionem
1356 986 1437 1052 illud
1452 988 1537 1050 inter·

444 1091 508 1170 alt;
523 1088 612 1170 quod
626 1089 715 1154 notio
730 1107 845 1154 eornm
865 1093 920 1166 sit,
935 1108 1021 1170 quaa
1035 1099 1109 1153 anta
1123 1108 1187 1154 non
1206 1089 1371 1162 scivimus,
1385 1093 1418 1149 et
1435 1103 1472 1150 ea
1489 1104 1538 1166 po·

442 1201 510 1254 atea
522 1190 605 1254 scire
617 1190 793 1270 caepimus.
808 1188 939 1270 Agnitio
955 1209 1034 1254 vero
1047 1208 1163 1254 eorum
1179 1192 1233 1264 sit,
1245 1207 1331 1271 quaa
1347 1191 1438 1271 prius
1449 1190 1537 1251 seien-

443 1299 491 1355 tes
511 1290 661 1372 deinceps
681 1294 766 1355 scire
787 1291 982 1371 desivimns3
1005 1309 1187 1373 eorumque
1208 1301 1318 1372 postea
1341 1289 1538 1354 recordamur

441 1400 475 1456 et
497 1392 640 1472 priorem
661 1391 835 1472 qnamdam
859 1393 957 1456 vitam
977 1395 1009 1457 iu
1030 1393 1225 1458 coelestibus
1241 1393 1447 1474 auspicamur
1465 1397 1539 1470 post·

442 1511 542 1574 quam
558 1494 594 1556 in
615 1511 753 1574 corpora
769 1496 829 1557 ista
851 1492 980 1576 dejecti,
1001 1502 1035 1557 et
1054 1493 1146 1558 obliti
1161 1488 1220 1556 liei
1242 1491 1359 1568 Patris,
1379 1507 1538 1555 nnncann

441 1613 500 1673 per
521 1596 752 1659 revelationem
773 1597 996 1675 cognovimus,
1021 1596 1201 1659 secundum
1221 1594 1325 1660 illud:
1350 1591 1539 1657 semisism-

440 1703 495 1758 tur
515 1705 544 1759 at
556 1704 776 1776 conculcator
795 1696 838 1759 od
850 1694 1019 1760 dominnm
1038 1714 1143 1760 omuss
1163 1698 1243 1776 fiaes
1261 1706 1381 1770 tenne,
1394 1702 1428 1760 et
1445 1701 1540 1758 catera

443 1796 628 1861 bis-similia
651 1798 854 1878 replicantes.
877 1815 894 1854 s
917 1793 1073 1870 Quamvis
1094 1805 1203 1862 antem
1223 1815 1287 1861 non
1307 1796 1395 1860 idem
1413 1794 1454 1859 sit
1476 1793 1540 1858 0ri·

443 1898 531 1976 genis
551 1916 663 1961 sensns
683 1915 722 1960 ac
743 1898 821 1974 illa,
843 1913 942 1978 quom
963 1896 1006 1959 ibi
1031 1897 1130 1961 tradit
1151 1895 1390 1981 Hieronymus,
1414 1901 1541 1958 stenen

443 1995 543 2078 bujus
553 1996 792 2076 significationis
808 1999 946 2060 varietm
959 2002 1024 2061 stat
1038 2014 1140 2077 prope
1154 2015 1288 2075 grsecos
1297 1995 1463 2060 Ecclesiae
1475 1994 1542 2056 scri·

440 2105 563 2179 plorem
585 2101 633 2163 uti
657 2105 745 2163 rocta
765 2101 796 2162 ln
811 2101 874 2162 boc
896 2100 969 2163 loco
984 2100 1203 2164 consideravit
1220 2098 1379 2177 Origenes
1388 2117 1402 2177 ;
1415 2111 1541 2175 eamque

443 2195 558 2262 deinde
580 2206 672 2278 vetus
695 2199 858 2279 Interpres
880 2199 1017 2280 genuine
1038 2199 1204 2264 transtulit
1224 2199 1255 2262 in
1276 2200 1416 2264 latinum
1435 2213 1543 2262 sarno

443 2317 535 2376 nem,
564 2300 760 2364 verbotenus
786 2301 818 2362 in
848 2308 914 2364 tota
939 2302 1092 2381 pericope
1120 2307 1263 2364 sectatus
1291 2300 1446 2365 ductoris
1468 2315 1544 2361 nven-

444 2407 522 2479 tem3
540 2401 626 2465 unde
647 2402 799 2482 discipuli
816 2419 900 2466 nnus
921 2419 1000 2482 prae
1021 2400 1218 2466 alioCbristi
1239 2402 1405 2466 notionem
1416 2398 1542 2464 assecuti

442 2507 531 2577 aunt,
553 2502 690 2566 indicata
712 2502 894 2566 dibereutia
908 2521 968 2584 par
989 2503 1149 2568 vocabula
1162 2500 1352 2584 monitionis
1373 2498 1544 2583 stagnilio-

442 2602 506 2666 πίει
529 2606 561 2667 in
582 2607 688 2684 primo
709 2605 940 2686 comprehensa
961 2604 1150 2686 imperfecta
1171 2605 1366 2685 cognitione,
1388 2605 1423 2666 in
1449 2603 1544 2665 altero

444 2704 588 2784 perlecta
610 2725 627 2764 a
649 2711 686 2768 ut
706 2711 797 2785 puta„
815 2706 932 2787 lnquit,
953 2706 1027 2786 quis
1046 2706 1174 2786 sapiens
1195 2706 1259 2770 non
1279 2705 1452 2787 intelliget,
1473 2720 1543 2783 qno·

442 2804 528 2867 niam
558 2802 747 2868 Timotheus
767 2821 962 2884 cognosceus
992 2803 1106 2870 lasum
1127 2806 1405 2882 Gbrlstnm,.non
1432 2811 1545 2870 tantun

443 2905 475 2967 in
496 2906 657 2985 agnitione
677 2905 749 2987 ojus
769 2915 841 2970 erat
861 2906 1077 2981 illuminatus,
1098 2915 1257 2988 qnantum
1279 2905 1433 2972 Paulus?
1453 2926 1470 2965 a

521 3005 580 3070 llis
611 3007 760 3072 omnibus
780 3007 820 3070 nd
848 3007 993 3072 litteram
1024 3010 1147 3073 exactis
1171 3009 1316 3074 aratori
1346 3007 1545 3091 Interprete,

442 3102 672 3187 Transcriptor
691 3123 847 3188 graecus,
869 3125 998 3172 semum
1021 3109 1244 3173 tantummodo
1263 3109 1422 3191 colligum
1444 3108 1548 3174 verbo

443 3211 518 3269 inm
529 3206 693 3288 Origenis,
710 3209 833 3273 unllam
848 3208 1000 3290 apposuit
1012 3226 1206 3289 graecorum
1222 3209 1461 3281 rumbolorum
1478 3203 1551 3301 psai·

445 3329 500 3386 σις
523 3317 557 3373 ot
584 3304 754 3404 colpum
781 3307 921 3391 cognitio
942 3317 975 3374 et
996 3309 1142 3390 agnitio,
1164 3311 1439 3392 discrepantiam,
1461 3325 1549 3373 unsn

444 3428 556 3476 vocam
588 3410 717 3491 ublqns.
729 3407 898 3502 γινώσκειν
920 3427 1100 3491 cognoscere
1126 3410 1334 3492 praeterens:
1358 3432 1375 3470 e
1399 3410 1548 3479 Advorte,

442 3529 522 3592 ergo
545 3511 670 3588 scribit,
692 3528 770 3574 num
791 3512 901 3576 dicare
921 3516 1034 3594 possis,
1057 3512 1145 3578 credl
1160 3510 1273 3578 lesum
1291 3510 1547 3578 esserristum·

444 3613 549 3677 miuus
574 3629 763 3692 essequam
784 3615 956 3694 cognosci,
985 3613 1075 3694 quod
1095 3613 1261 3679 creditur:
1289 3614 1429 3678 lortassa
1447 3618 1550 3676 auten

440 3719 473 3776 et
495 3715 527 3776 in
547 3713 728 3792 cognitione
748 3713 831 3790 bae,
853 3711 967 3778 Iesum
985 3716 1109 3781 scilicet
1127 3715 1387 3790 essellbrlstnm,
1407 3712 1550 3777 litteren·

444 3814 521 3875 tiam
542 3830 624 3892 esse,
646 3831 722 3878 cum
746 3813 894 3894 quisquis
917 3816 1082 3896 cognoscit
1105 3817 1213 3891 illuns,
1239 3815 1352 3880 andern
1374 3814 1473 3879 modo
1493 3827 1550 3874 non

442 3922 627 3994 cognoscat.
650 3912 746 3979 Credi
768 3933 847 3997 ergo
867 3918 937 3981 sine
957 3917 1139 3998 cognitione
1158 3924 1255 3982 etc.»
1278 3915 1331 3982 Sic
1352 3916 1502 3994 delnceps
1514 3912 1551 3975 de

442 4017 559 4079 ceteris
579 4014 775 4092 discutiens,
795 4035 871 4081 cnm
894 4018 1010 4083 nullibi
1030 4019 1218 4100 reperiatur
1238 4017 1436 4082 vocabulum
1457 4012 1553 4106 inapt-

438 4109 582 4194 voicttstv,
606 4133 668 4178 sno
688 4115 796 4179 lubltn
817 4116 967 4196 Origonis
995 4118 1193 4183 locutionem
1225 4118 1474 4197 interpretatus,
1494 4133 1551 4178 non

440 4214 572 4291 eisdem,
587 4215 643 4278 sed
660 4215 730 4280 aliis
752 4216 848 4297 plane
863 4219 1061 4296 graecanicis
1077 4217 1184 4281 verbis
1197 4216 1455 4293 commiscendo,
1471 4233 1550 4278 men·

327 4377 331 4386 .
443 4323 506 4378 tam
528 4317 628 4396 ipsius
649 4315 786 4396 caligine
807 4315 977 4396 obvolvit,
1007 4327 1041 4382 et
1060 4317 1251 4399 praesertim
1272 4317 1305 4378 in
1325 4316 1381 4393 iis,
1403 4314 1549 4397 quaesit

441 4411 482 4478 de
503 4413 684 4496 Apostoliss
709 4437 726 4476 (ι
747 4413 781 4481 st
801 4423 911 4482 antem
933 4423 1021 4482 recte
1040 4436 1059 4481 a
1079 4417 1172 4482 nobis
1199 4416 1287 4482 dicta
1304 4424 1401 4489 snut,
1425 4417 1507 4480 scies
1524 4415 1549 4476 si

442 4516 614 4582 duodecim
628 4517 769 4600 primum
781 4518 991 4594 credideriut,
1005 4537 1069 4585 non
1082 4519 1318 4603 cognoscebant
1329 4527 1452 4584 autenm
1467 4517 1551 4625 dein-¹
