3375 5567
433 720 546 769 moran
566 704 687 770 bomini
709 707 799 773 virus
820 694 1027 773 mortiterum
1048 707 1215 790 injecerat.
1237 706 1477 789 Quamobrem,
1497 712 1552 792 qut

434 808 549 871 mortis
567 812 687 871 evertit
707 809 893 889 imperium,
908 811 990 885 mm,
1009 812 1141 891 quaein
1162 812 1269 891 capite
1287 813 1449 891 serpentis
1470 820 1552 888 erat,

436 912 475 970 nt
494 908 540 971 ait
561 905 736 987 Propheta,
759 909 929 990 confregit.
954 910 1086 992 Reliqui
1109 929 1189 976 vero
1204 911 1298 975 ierini
1318 914 1471 991 corporis
1493 921 1556 975 tra·

434 1016 507 1073 otus
527 1009 561 1071 in
582 1010 681 1089 genus
703 1011 884 1073 humanum
905 1010 1053 1091 dispersi,
1076 1012 1184 1092 quoad
1200 1013 1344 1076 bomines
1358 1014 1391 1074 in
1411 1012 1557 1075 obesitas

435 1111 618 1173 vitiositatis
639 1107 779 1175 motibus
799 1114 998 1189 excitantur,
1020 1115 1175 1178 continno
1195 1132 1256 1194 per
1275 1114 1366 1176 iliam
1386 1130 1556 1194 squamam

435 1212 558 1290 peccati
582 1213 679 1273 sitam
702 1212 854 1286 irritant,
880 1229 1096 1291 asperumque
1117 1213 1279 1291 reddunt,
1309 1212 1463 1292 quamvis
1482 1229 1554 1274 sana

436 1312 558 1375 virtute
580 1320 731 1375 mortuus
752 1314 794 1375 sit
815 1329 961 1392 serpens,
983 1314 1087 1393 capite
1101 1323 1249 1379 contuso.
1267 1314 1485 1394 Posteaquam
1507 1332 1557 1375 ve·

434 1430 473 1476 ro
496 1421 622 1492 tempus
644 1413 820 1487 transierit,
837 1420 871 1476 et
890 1428 941 1487 ea,
957 1432 1043 1492 qnae
1063 1416 1264 1489 excitantur,
1281 1415 1487 1477 constiterint
1503 1429 1557 1492 per

434 1530 518 1587 eam,
541 1529 626 1591 quae
651 1521 870 1591 expectatur,
892 1513 991 1592 bajus
1013 1515 1099 1578 vitae
1120 1516 1457 1585 consummationem,
1481 1524 1555 1577 tnnc

392 1620 396 1627 '
433 1621 467 1677 et
486 1613 590 1676 canda
612 1618 644 1675 et
664 1622 811 1677 extrema
834 1631 909 1692 pars
929 1614 1050 1677 inimici
1070 1598 1154 1678 idest
1175 1633 1264 1678 mors
1284 1616 1489 1680 destruetur.
1511 1615 1558 1676 do

433 1715 480 1777 ita
500 1713 684 1777 omnimode
705 1714 871 1795 dissipatio
892 1714 954 1793 τῆς
975 1711 1099 1796 κακίας
1122 1716 1304 1781 vitiositatis
1325 1716 1397 1790 iiet,
1411 1714 1559 1779 omuibus

435 1814 617 1879 bominibus
638 1812 794 1877 advitam
811 1832 870 1895 per
884 1817 1158 1879 resurrectionem
1175 1817 1358 1895 revocatis;
1379 1817 1477 1879 exiis
1489 1814 1558 1895 qui-

402 1948 404 1954 .
434 1916 508 1979 dem
530 1916 586 1997 qui
601 1916 681 1997 justi
702 1924 791 1991 sunt,
814 1916 845 1978 in
868 1917 1042 1980 coelestem
1063 1916 1207 1997 quietem
1221 1916 1400 1993 translatis,
1423 1917 1481 1996 qui
1507 1932 1557 1978 ve-

434 2032 473 2081 ro
495 2016 634 2097 peccatis
655 2018 810 2092 obnoxii,
824 2018 857 2078 in
879 2016 1056 2095 gebennam
1077 2018 1159 2096 iguis
1183 2016 1354 2079 tractentur
1374 2034 1406 2077 a.

516 2116 590 2180 Pari
618 2104 745 2181 satione
773 2118 806 2179 in
825 2115 986 2181 Oratione
1009 2114 1053 2179 Dr
1073 2114 1212 2181 Mortuis
1233 2117 1386 2196 quamvis
1418 2115 1556 2181 scribat:

437 2238 454 2277 a
476 2218 532 2281 sed
554 2234 631 2282 cnm
652 2233 756 2281 nuum
776 2216 909 2296 quidem
931 2215 1033 2280 inerit
1053 2215 1107 2296 (in
1126 2216 1391 2291 resurrectione}
1417 2216 1558 2281 omnium

435 2332 536 2397 genus
546 2336 558 2395 ;
580 2334 656 2381 cum
678 2316 781 2381 noum
803 2332 924 2395 corpus
940 2314 1060 2382 Christi
1079 2334 1192 2383 omnes
1212 2318 1349 2396 eminus,
1366 2320 1469 2383 nnius
1488 2316 1560 2381 cira·

436 2416 572 2481 cacteris
593 2416 732 2482 formam
753 2417 987 2497 praeferentes,
1009 2434 1074 2481 nou
1094 2418 1289 2499 ambigimus
1302 2420 1384 2499 quin
1406 2420 1440 2482 in
1460 2416 1559 2482 emni-

435 2516 498 2580 bus
519 2516 641 2596 pariter
660 2516 768 2582 diviua
789 2516 917 2597 tutgeat
936 2517 1044 2597 imago
1065 2534 1082 2574 s
1103 2524 1246 2582 attamen
1265 2519 1299 2581 in
1319 2518 1469 2600 ejusdem
1489 2516 1558 2581 Ser·

435 2617 538 2681 monis
559 2620 634 2694 tine,
650 2616 840 2697 Scripturas
863 2617 1015 2681 iormutis
1033 2634 1112 2682 nans
1126 2618 1236 2699 queat
1254 2619 1376 2682 variam
1395 2620 1559 2701 iustorum

436 2734 683 2799 pravorumque
702 2726 826 2783 sortem
847 2720 881 2781 in
905 2718 1010 2781 attera
1030 2719 1110 2796 vita,
1127 2719 1239 2783 tideies
1259 2720 1430 2799 bortatur,
1450 2726 1489 2784 ut
1509 2719 1558 2781 iu·

436 2824 493 2883 ctu
508 2818 618 2883 mundi
639 2837 700 2901 pro
715 2819 875 2883 defunctis
888 2819 993 2883 veluti
1012 2822 1098 2883 inani
1120 2818 1312 2896 abstineant,
1329 2821 1453 2902 quippe
1474 2834 1556 2883 mor·

437 2920 479 2982 tis
500 2935 632 2985 cansam
653 2927 686 2983 et
708 2918 921 2984 damnationis
941 2918 1053 2998 aiier13
1078 2919 1259 2999 quinimmo
1283 2936 1355 2984 eam
1379 2926 1558 3002 sequantur

391 3026 395 3033 '
436 3020 652 3096 moestitiam,
684 3020 780 3101 cujus
801 3018 872 3081 iinis
892 3025 942 3082 est
960 3020 1060 3081 animi
1080 3020 1180 3083 salus.
1203 3020 1285 3084 aisis
1306 3034 1443 3101 qnoque
1465 3020 1558 3101 hujus

436 3122 563 3201 generis
583 3120 740 3201 exemptis
765 3120 887 3200 scripta
910 3116 1048 3201 Nysseni
1073 3120 1327 3200 insperguntnr3
1343 3122 1467 3201 quibus
1486 3118 1557 3183 satis

438 3221 651 3300 distinguitur
670 3220 810 3284 bominis
839 3225 944 3283 status
974 3220 1007 3282 id
1037 3220 1277 3283 resurrectione
1299 3220 1377 3300 (ubi
1406 3237 1467 3302 per
1491 3234 1557 3283 eam

437 3328 555 3386 natura
575 3329 712 3398 nostra,
734 3322 767 3385 in
794 3322 965 3401 imaginem
988 3320 1045 3385 iiei
1070 3321 1104 3383 in
1129 3320 1322 3384 diviniorem
1343 3322 1555 3385 conditionem

438 3440 553 3503 nempe
573 3440 671 3503 qnam
693 3438 778 3485 unoc
799 3430 859 3497 est,
880 3419 1142 3485 commutandam
1164 3438 1234 3484 esse
1254 3421 1318 3499 atti
1337 3422 1379 3484 ab
1401 3424 1481 3497 alio,
1502 3416 1556 3499 qui

437 3529 511 3605 post
533 3522 695 3605 judicium
723 3522 833 3601 probis
860 3539 900 3584 ac
919 3519 1069 3601 reprobis
1089 3520 1240 3597 instabit,
1268 3523 1300 3583 in
1321 3538 1390 3601 qno
1412 3523 1508 3604 juata
1526 3516 1557 3578 iu

440 3620 505 3685 vita
526 3627 619 3685 actus
640 3622 763 3700 absque
787 3619 858 3682 uiia
880 3619 912 3680 ia
941 3626 1109 3697 posterum
1134 3619 1393 3684 commutatione
1415 3632 1559 3700 perimu-

438 3721 508 3785 suri
536 3728 613 3784 sunt
634 3727 793 3800 perpetuo
821 3735 925 3798 propa
952 3717 1033 3783 iaso
1061 3715 1180 3782 Christi
1210 3718 1426 3782 sententiams
1461 3714 1557 3781 Verrito

438 3819 591 3889 benedieti
607 3819 716 3884 Putria
734 3818 796 3883 met
815 3828 876 3882 etse
891 3818 938 3882 Ite
961 3817 1123 3883 maledieti
1143 3817 1179 3880 ia
1201 3817 1308 3896 ipsam
1327 3828 1501 3883 minuam.

518 3920 676 3999 Quamvis
691 3937 804 4001 porro,
822 3926 860 3984 ut
873 3919 1037 3983 noonniiis
1054 3918 1157 3983 videri
1171 3920 1305 3999 poterit,
1321 3918 1487 4004 iipssenna
1501 3914 1555 3979 ubi

439 4038 522 4099 opus
548 4019 661 4083 inisset
682 4019 722 4082 de
739 4018 865 4100 jndicio
886 4019 994 4095 iiaaii,
1022 4018 1131 4097 deque
1148 4017 1317 4099 iustorum
1337 4036 1377 4083 ao
1397 4014 1556 4099 improbo

440 4139 515 4186 rum
539 4126 627 4185 statu
653 4121 685 4186 in
706 4121 810 4186 altera
833 4122 899 4185 vita
920 4128 993 4201 post
1012 4120 1305 4194 resurrectionem,
1326 4117 1554 4200 pronunciare,

440 4223 550 4287 stubi
576 4222 743 4302 speciatim
764 4222 912 4305 ejusdem
934 4221 1182 4284 resurrectionis
1202 4218 1320 4300 dogma
1341 4212 1556 4302 propugnavit

440 4330 553 4386 eontra
577 4323 803 4404 adversarioa'3
825 4324 897 4399 etsi,
920 4322 1065 4401 iuquam,
1088 4321 1150 4385 boo
1169 4321 1278 4398 adeat,
1300 4339 1378 4386 eum
1400 4330 1504 4386 maren
1522 4328 1554 4374 a·

440 4422 621 4503 pertissima
641 4424 719 4489 alibi
740 4423 772 4487 id
797 4422 910 4504 ipanm'
925 4420 1049 4500 docuit,
1071 4421 1190 4487 nemini
1210 4424 1332 4489 mirum
1354 4422 1411 4499 ait,
1430 4414 1556 4487 camsi
