3375 5567
422 752 599 814 miserant:
623 748 757 816 forsitan
777 750 861 814 enim
883 756 1017 829 propter
1038 744 1222 829 hujusmodi
1245 739 1450 805 infirmitatem
1462 735 1507 816 lin·

421 852 650 917 continentium
671 852 859 922 hominnm,
882 850 1030 930 pejorum
1051 847 1312 928 comparatione,
1335 861 1413 924 qnae
1437 841 1508 902 malr

422 961 508 1026 tunt,
525 954 740 1032 permiserunt
754 953 910 1016 aduersus
925 971 976 1026 ee,
992 970 1075 1032 quae
1087 951 1127 1014 ab
1142 949 1232 1011 initio
1245 943 1509 1022 inernntacriptr:

420 1053 499 1119 Dice
514 1063 618 1118 eutem
632 1054 729 1116 mete:
742 1054 895 1135 quonium
908 1051 1094 1132 quicumque
1112 1048 1267 1113 dimiserit
1285 1063 1413 1109 uxorem
1423 1063 1513 1116 tuom,

420 1155 486 1220 uiri
506 1155 542 1216 ot
562 1175 689 1220 causum
709 1155 945 1238 fornicationis,
969 1166 997 1217 et
1016 1153 1116 1218 utiam
1137 1149 1276 1226 duxerit,
1301 1150 1485 1212 moechetur.

482 1257 654 1322 «Forsitan
666 1260 774 1325 audax
785 1259 902 1338 uliquis
914 1265 944 1320 el
959 1257 1109 1338 judaiuns
1124 1259 1172 1320 vir
1184 1255 1355 1316 adversans
1367 1251 1518 1314 doetrinae

421 1356 598 1421 Salvatoria
618 1361 731 1433 nostri,
753 1360 849 1433 dicei,
866 1359 1018 1438 quoniam
1040 1355 1182 1437 etv-iesus
1198 1355 1326 1418 diceus:
1343 1351 1520 1432 quicumque

423 1458 577 1524 dimiserit
598 1479 728 1522 umorem
746 1477 849 1534 auom,
871 1469 997 1539 eccepto
1012 1477 1111 1522 caure
1123 1452 1363 1540 fornicationne,
1374 1453 1521 1536 [ociteon

422 1560 590 1635 metari,
605 1565 749 1642 permisit
763 1583 901 1626 uxorem
917 1564 1079 1626 dimittere
1094 1561 1366 1642 quemadmodum
1380 1557 1520 1639 Moysen

422 1680 520 1743 quam
542 1664 654 1726 retulit
675 1674 808 1744 propter
822 1665 975 1728 duritiam
991 1664 1096 1728 cordia
1108 1663 1304 1744 judaeorum
1322 1663 1384 1724 hoe
1399 1679 1520 1740 praece·

423 1767 526 1846 pisse:
549 1773 581 1828 et
603 1767 684 1828 haue
705 1771 818 1846 ipsein,
841 1769 964 1847 inquiet
985 1770 1053 1830 es'se
1074 1783 1203 1828 eausam
1220 1765 1451 1837 inculcationis,
1469 1781 1520 1843 per

423 1885 520 1948 quam
529 1867 617 1948 juste
632 1885 747 1930 uxorn
761 1871 832 1931 uiro
848 1868 1040 1932 dimittitur:
1057 1867 1232 1930 seeundum
1247 1883 1344 1946 quam
1357 1875 1390 1928 et
1402 1863 1520 1946 Moyses

423 1970 586 2048 praecepit
607 1970 769 2032 dimittere
785 1988 936 2046 uxorem,
950 1970 977 2032 si
992 1972 1117 2034 inventa
1135 1969 1233 2033 luerit
1249 1970 1278 2030 in
1292 1986 1329 2030 ea
1346 1985 1399 2030 res
1417 1968 1521 2046 turpia.

423 2066 484 2134 seu
505 2070 544 2130 ad
568 2070 628 2132 hoc
649 2077 697 2132 est
718 2071 988 2150 respondendum,
1007 2071 1160 2149 quoniam
1174 2072 1199 2130 si
1215 2069 1392 2132 seeundum
1414 2063 1522 2145 Legem

424 2169 571 2233 ndultera
593 2169 769 2248 lapidatur,
793 2170 997 2233 manifestum
1019 2178 1078 2244 est,
1100 2170 1252 2249 quoniam
1275 2167 1519 2230 nonaecnadnm

424 2272 487 2337 hoc
506 2272 698 2350 intelligitur
718 2288 769 2334 rea
791 2273 904 2349 turpis.
928 2269 995 2334 Nee
1009 2274 1095 2344 euim¹
1109 2272 1140 2330 tn
1155 2287 1251 2332 causa
1267 2268 1421 2331 adulterii
1435 2283 1519 2346 opor·

426 2382 471 2438 tet
489 2375 568 2436 dare
587 2373 734 2436 libellum
757 2375 893 2452 repudii.
909 2392 925 2430 a

504 2473 546 2538 Et
558 2475 670 2554 paucis
692 2475 867 2554 interiectis
891 2476 930 2537 de
955 2476 1059 2538 causis
1076 2474 1281 2537 dimittendae
1303 2471 1428 2546 uxoria,
1443 2470 1518 2532 circi

426 2574 644 2638 ioruieatiooie
665 2593 795 2640 causam
815 2577 945 2639 subdite
969 2574 1136 2656 uliieputo
1157 2594 1235 2656 ergo
1256 2575 1331 2654 quia
1356 2591 1419 2637 uon
1441 2589 1520 2653 prae·

425 2676 549 2755 ceptire
570 2675 744 2750 mandavit,
767 2685 805 2739 ut
824 2695 918 2740 nemo
940 2677 1079 2740 dimittat
1101 2694 1250 2750 uxorem,
1275 2683 1410 2754 excepta
1432 2673 1518 2736 iorni·

424 2780 557 2843 cationis
577 2795 697 2850 eausa,
719 2779 773 2842 aed
795 2781 886 2862 quasi
908 2795 1071 2858 exponent
1093 2797 1160 2842 rem
1182 2778 1283 2842 dixit:
1306 2775 1363 2858 qui
1376 2771 1520 2838 diminuit

421 2898 573 2955 weram,
594 2888 721 2960 eccepto
739 2899 837 2943 caure
856 2878 1100 2960 fornicationis,
1121 2877 1203 2961 fucit
1222 2899 1289 2942 enm
1309 2877 1469 2942 moecliari.
1487 2875 1521 2939 Et

425 2999 502 3046 vere
522 2991 679 3062 quantum
700 2983 739 3045 nd
754 3001 801 3056 ee,
820 2983 896 3048 iacit
916 3001 986 3046 eam
1009 2982 1184 3057 moechari,
1206 2983 1369 3044 dimittens
1383 3000 1451 3044 eam
1466 2996 1519 3040 uon

427 3085 658 3147 moechantem.
682 3083 820 3147 sienim
842 3087 969 3148 vivente
992 3087 1062 3147 viro
1077 3086 1226 3147 adultera
1245 3085 1432 3158 vocatonai
1449 3082 1520 3144 tacu
1606 3081 1607 3088 ’

426 3184 525 3248 inerit
545 3187 639 3248 alteri
662 3188 745 3260 viro,
765 3189 834 3250 aine
856 3187 955 3249 dubio
976 3187 1033 3267 qui
1053 3186 1195 3259 dimittit,
1212 3184 1266 3247 dat
1280 3187 1308 3246 ei
1331 3185 1518 3247 occasionem

425 3286 640 3350 secundarum
662 3289 862 3367 nuptiarum,
886 3297 917 3352 et
939 3297 1072 3368 propter
1093 3287 1154 3350 lrou
1174 3287 1251 3350 lacit
1270 3305 1341 3350 eam
1358 3285 1518 3350 moecliari.

425 3386 485 3451 Sed
511 3389 749 3468 unquentum
770 3390 809 3450 ad
832 3408 878 3463 se,
903 3407 1040 3454 uxorem
1063 3389 1223 3452 dimittens
1248 3389 1325 3451 lacit
1345 3387 1517 3454 moecliari,

426 3499 540 3566 utputa
564 3490 749 3564 veneticam,
773 3491 825 3553 vel
839 3491 1030 3556 homicidam
1046 3501 1104 3553 aut
1117 3477 1240 3571 aliquid
1254 3491 1438 3572 hujusmodi
1455 3503 1516 3549 eon·

426 3591 584 3664 stitutum,
605 3591 632 3653 ei
650 3591 771 3672 juetam
791 3594 1030 3656 exeusationem
1054 3591 1149 3654 habat
1173 3592 1259 3671 apud
1278 3589 1394 3666 Deum,
1417 3599 1519 3654 tracta·

429 3691 575 3752 bia.....·
599 3691 671 3768 Qua
693 3695 776 3756 enim
797 3694 922 3758 ratione
943 3695 1090 3756 adultera
1113 3703 1161 3756 est
1182 3695 1312 3768 mulier,
1328 3696 1471 3775 quamvis
1484 3693 1520 3754 le·

428 3793 535 3871 gitime
556 3795 679 3855 nubere
702 3795 862 3870 ridentur,
887 3795 955 3857 viro
980 3797 1129 3859 vivente:
1153 3796 1266 3860 eadem
1288 3799 1411 3860 ratione
1425 3807 1455 3863 ct
1469 3797 1518 3864 tir·

429 3893 577 3972 quamvis
598 3892 740 3972 legitime
757 3897 905 3975 accipere
923 3895 1245 3962 videatnrdimisenm
1260 3899 1426 3978 abaliquo
1442 3898 1520 3972 riro;

428 4011 491 4056 nou
510 3995 627 4073 accipit
646 3994 788 4074 legitime
808 3997 986 4062 secundnm
1006 4001 1194 4064 sententiam
1215 3999 1347 4079 curtem
1365 4001 1418 4062 sed
1435 3999 1521 4076 magis

427 4095 630 4170 moechatur,
650 4098 743 4176 quasi
764 4098 901 4160 alienam
922 4099 1129 4176 accipiens.»

506 4193 549 4258 Et
567 4215 607 4258 en
629 4197 816 4276 perspicuos
827 4217 938 4264 sunaus
953 4199 1123 4279 Origeuis3
1137 4218 1195 4264 uec
1210 4202 1306 4265 aliter
1321 4203 1467 4282 proiecto
1487 4203 1523 4263 ab

428 4296 476 4356 iria
496 4315 592 4360 auum
613 4300 768 4376 potuisset
788 4301 954 4362 instituere
973 4301 1131 4381 judicium
1155 4303 1194 4364 de
1210 4303 1351 4384 conjugii
1365 4305 1519 4368 christiani

426 4398 672 4462 insolubilitate:
693 4401 778 4479 quod
801 4398 881 4463 moe
901 4400 1080 4482 conjunxit,
1103 4402 1191 4468 ieme
1204 4421 1277 4466 ‘nnn
1295 4416 1427 4482 reperet,
1441 4407 1521 4466 loun·

428 4507 479 4563 tus
499 4512 548 4564 eat
566 4499 672 4566 ierac.
697 4499 738 4564 tm
753 4507 960 4582 quantumvis
977 4501 1199 4584 Evangeliatue
1220 4510 1373 4572 tentantia
1388 4507 1518 4588 quidm
