3375 5567
156 782 209 861 quit
225 777 394 843 inocculto
408 794 477 841 esse
497 778 650 852 unimam,
673 782 705 838 et
720 774 792 839 ideo
806 774 966 839 israelitas
979 774 1141 854 spiritales
1155 794 1237 851 esse,

155 883 251 963 qnippe
275 889 385 944 ortum
410 879 584 942 habuerint
611 878 654 942 ah
678 878 866 953 Ahrsham,
888 886 921 940 et
948 878 1008 940 istc
1028 879 1069 940 ah
1091 878 1237 952 iidemu,

154 1003 229 1063 qoem
250 983 422 1064 Apostolus
441 981 552 1046 scrihit
566 1000 635 1045 esse
650 978 829 1056 Christum,
847 981 944 1044 sicuti
958 987 991 1043 st
1008 978 1108 1043 Eram
1128 980 1239 1045 [locle-

151 1087 203 1147 siae
225 1084 381 1164 liguram,
406 1084 445 1146 ad
471 1100 569 1164 quam
593 1102 704 1145 omnes
731 1082 930 1163 pertinerent
953 1091 1078 1161 gentes:
1097 1102 1113 1140 u
1129 1082 1241 1147 Omnis

153 1187 218 1248 cuim
230 1187 318 1265 origo
336 1185 551 1258 familiarum,
566 1203 652 1266 quae
664 1186 702 1247 ad
718 1185 863 1249 omnium
877 1181 982 1247 Deum
1004 1184 1240 1260 relerentur,a

150 1282 257 1349 Christo
272 1287 402 1367 incepit,
421 1288 478 1366 qui
500 1286 678 1350 secuudum
696 1286 926 1349 universorum
948 1284 1050 1349 Deum
1070 1302 1108 1349 ac
1127 1284 1243 1350 l'aren-

152 1388 263 1463 temris
279 1392 450 1452 nnlrersae
465 1390 590 1451 animae
602 1394 694 1467 pater
706 1398 767 1463 est,
781 1395 817 1451 ut
830 1387 933 1451 Adam
949 1396 1041 1467 pater
1055 1395 1103 1452 est
1115 1389 1246 1453 univer·

150 1507 243 1552 somm
254 1490 433 1554 hominum.
446 1487 579 1566 Quodsi
590 1487 735 1552 etEram
748 1488 886 1560 [eliciter
896 1487 1072 1567 Apostolus
1081 1489 1119 1551 sd
1132 1488 1244 1554 Eccle-

152 1591 217 1653 siam
237 1592 365 1668 retulit,
387 1590 468 1653 nihil
489 1591 608 1653 mirum
629 1599 696 1665 est,
719 1588 799 1653 Cain
818 1606 861 1651 ex
883 1586 950 1651 Eva
974 1598 1189 1669 proprisium,
1212 1601 1246 1655 et

150 1692 278 1773 deinceps
290 1711 419 1766 omncs,
433 1696 491 1775 qui
505 1693 545 1755 sd
562 1690 664 1754 Evam
684 1691 888 1766 referuntur,
904 1690 1024 1770 ligurus
1044 1710 1112 1756 esse
1134 1692 1246 1759 Eccle-

149 1794 212 1869 siae,
230 1812 304 1857 cnm
325 1811 437 1855 omnes
457 1806 508 1856 er
523 1791 683 1866 Ecclesia,
706 1792 875 1872 principali
899 1793 1021 1855 ratione
1043 1795 1108 1857 nati
1130 1795 1203 1857 sint.
1227 1814 1243 1852 n

213 1894 255 1958 lta
277 1897 458 1977 procedens
478 1893 605 1959 ductor
625 1894 665 1958 dc
685 1912 803 1975 genere
816 1896 998 1959 animarum
1018 1897 1158 1960 ostendit
1177 1916 1246 1962 esse

152 1995 281 2061 lsraelem
303 1998 445 2077 ideoque
464 1996 655 2078 spiritalem,
672 2003 705 2059 et
723 1994 929 2059 Hierusalem
952 1998 1157 2078 metropolim
1178 2017 1247 2063 esse

150 2099 327 2178 coelestem
352 2107 386 2163 et
406 2099 538 2180 insuper
567 2115 631 2161 nou
653 2106 779 2161 tantum
803 2096 976 2173 lsraelem,
998 2097 1062 2161 'sed
1084 2108 1117 2162 et
1137 2117 1248 2164 omnes

152 2210 257 2278 gentes,
272 2202 320 2265 nti
339 2199 467 2265 ddamo
486 2210 631 2275 exortas,
646 2200 766 2281 quihus
780 2201 958 2280 prophetae
975 2202 1137 2264 vaticinati
1158 2208 1246 2276 sunt,

151 2303 304 2367 telarum
321 2322 440 2384 genere
455 2303 637 2366 animarum
652 2320 733 2378 esse,
749 2312 783 2365 et
796 2303 839 2365 oh
853 2302 915 2366 hoc
929 2302 969 2365 de
984 2305 1115 2367 coelesti
1133 2302 1251 2368 literu-

149 2406 230 2469 salem
246 2407 325 2471 item
348 2404 521 2487 spiritales,
534 2412 566 2469 et
580 2404 620 2468 ad
636 2402 754 2469 Christi
772 2406 935 2485 pertinere
950 2403 1143 2481 Ecclesiam,
1158 2404 1251 2473 Chri-

151 2506 240 2586 stiqne
266 2505 537 2589 promissionibus
570 2506 776 2586 participare.
807 2494 851 2569 Et
875 2507 936 2569 hoe
964 2507 1098 2587 speciali
1128 2508 1252 2571 ratione

152 2607 266 2671 intendit
285 2606 459 2687 Origenes,
481 2606 652 2671 adstruens
669 2606 826 2686 populum
850 2605 1025 2671 israelitam
1050 2616 1161 2693 lypum
1183 2626 1253 2672 esse

151 2704 298 2772 Ecclesiae
322 2706 442 2773 Christi
456 2709 489 2771 iu
507 2716 641 2773 cunctas
659 2708 748 2771 ochis
769 2717 879 2789 gentes
894 2710 1040 2774 dillusae.
1057 2710 1105 2775 lle
1125 2718 1255 2793 propte·

152 2826 194 2871 rer
214 2818 309 2875 rocst
340 2809 435 2873 illum
458 2809 658 2889 spiritalem,
680 2810 818 2891 ejusque
844 2811 1051 2891 metropolim
1081 2813 1256 2876 coelestem

152 2915 270 2975 uorsim
292 2931 313 2974 a
332 2914 478 2975 terrestri
488 2933 500 2991 3
522 2930 589 2991 quo
610 2910 754 2974 nationes
774 2912 807 2973 in
829 2910 947 2991 spiritu
969 2920 1001 2975 et
1024 2913 1160 2975 veritate
1180 2930 1256 2975 con·

153 3010 271 3093 tepent,
294 3014 342 3077 ihi
365 3016 544 3077 mansiones
573 3013 679 3075 sarias
699 3012 908 3075 collocantes.
932 3010 1027 3087 Quod
1051 3015 1150 3093 magis
1171 3034 1189 3077 e
1208 3035 1257 3078 se·

152 3118 311 3192 quentihns
329 3116 496 3179 firmstnrc
516 3114 614 3179 «Sed
639 3123 672 3177 et
693 3115 860 3190 historiae,
883 3114 1001 3193 iuquit,
1028 3133 1058 3176 u.
1074 3114 1127 3191 23,
1145 3134 1256 3180 rerum

152 3227 316 3295 gestarum,
332 3236 419 3300 quse
430 3218 586 3280 dicuntur
602 3216 652 3279 rel
669 3217 755 3295 genti
769 3214 883 3292 lsrael,
902 3215 954 3278 rel
971 3214 1188 3293 Hierusalem,
1204 3218 1257 3281 vel

153 3313 282 3383 lndseae
302 3319 471 3394 accidisse,
487 3319 552 3381 illis
568 3318 619 3381 ael
635 3317 699 3381 illis
720 3316 868 3398 gentihus
889 3317 1164 3397 impugnantibus,
1187 3335 1260 3399 per·

154 3422 352 3485 scrutantium
367 3428 417 3483 est
436 3428 469 3483 et
484 3419 740 3500 perquirendum
762 3420 771 3497 l
787 3419 939 3498 qnoniam
962 3420 993 3480 in
1008 3418 1259 3500 quamplurimis

155 3522 360 3601 corporaliter
389 3529 476 3602 gesta
498 3537 561 3583 uon
582 3522 751 3597 sonetum)
782 3520 948 3599 quomodo
970 3522 1069 3600 magis
1090 3521 1261 3584 convenie-

106 3667 107 3708 ,
155 3620 218 3685 hant
236 3624 302 3689 illis
324 3624 507 3697 animarum
528 3623 687 3703 gentihus,
703 3639 789 3702 quae
811 3622 843 3683 io
858 3622 950 3683 coelo
973 3622 1047 3697 isto,
1065 3623 1152 3701 quod
1176 3632 1260 3685 trun-

154 3724 206 3785 sire
216 3725 351 3800 dicitur,
367 3724 525 3798 habitant,
540 3724 592 3786 vel
606 3724 800 3786 etiamnunc
815 3722 962 3785 habitare
978 3724 1138 3804 putandae
1153 3733 1260 3788 sunt.»

155 3820 236 3898 Quod
256 3826 392 3908 quidem
414 3826 543 3889 coelum
564 3825 662 3889 aliter
681 3844 699 3886 a
716 3824 888 3888 hestorum
908 3824 984 3888 sede
1007 3827 1037 3887 in
1062 3828 1125 3888 vita
1149 3826 1261 3891 lutura

106 3953 107 4002 t
158 3928 376 4009 comprehendi
392 3945 522 3991 necesse
542 3934 613 4006 est;
635 3943 750 4008 nempe
765 3926 805 3989 ad
828 3927 971 4008 gentium
993 3927 1188 4007 spiritalium
1201 3938 1264 3989 sla·

158 4035 228 4101 tom,
249 4047 335 4110 qnae
358 4030 389 4090 iu
411 4029 473 4092 hoc
493 4028 624 4093 coelesti
648 4045 746 4109 regno
762 4027 859 4091 modo
880 4026 1040 4102 habitant,
1065 4027 1095 4090 in
1118 4026 1262 4091 Ecclesia

106 4131 107 4198 t
158 4130 279 4206 scilicet,
302 4130 342 4193 ad
365 4147 463 4211 quam
485 4138 743 4211 congregaturus
763 4147 819 4192 eas
836 4129 904 4210 ism
929 4130 1014 4191 venit
1036 4128 1194 4193 Christus.

225 4230 266 4294 Et
287 4234 332 4294 ita
352 4250 388 4295 se
402 4231 485 4311 gerit
505 4231 548 4293 ibi
563 4231 746 4295 Adamantii
766 4249 899 4313 scopus;
917 4232 994 4310 quiu
1018 4240 1123 4293 tamen
1139 4230 1261 4309 aliquid
1393 4252 1401 4265 ·

159 4332 328 4396 usnilcstet
357 4330 396 4394 de
416 4332 637 4397 animaruma
666 4333 759 4396 coelo
780 4332 958 4406 descensu,
981 4349 1038 4395 seu
1067 4348 1201 4395 ascensu
1224 4333 1265 4393 ah

161 4427 280 4511 interis,
303 4434 343 4496 de
364 4451 541 4514 corporum
561 4435 799 4516 assumptione,
822 4434 891 4498 sive
911 4432 1114 4508 dimissione,
1137 4442 1195 4496 aut
1219 4432 1264 4496 ‘do

106 4587 107 4590 ,
162 4533 296 4598 untshlli
316 4552 431 4600 earum
453 4534 633 4599 animarum
654 4534 835 4601 conditione
857 4535 889 4598 in
911 4535 1025 4599 tuturo
1045 4536 1169 4613 seculo,
1193 4535 1262 4601 sire
