3375 5567
448 781 506 860 pit,
526 778 582 842 red
603 780 707 844 onim
728 778 831 844 ilituse
848 786 880 842 et
901 779 1014 856 fidem,
1029 797 1114 861 queo
1129 780 1272 842 omnium
1294 777 1480 844 euniesrioue
1493 779 1538 843 ir·

447 887 531 942 mata
553 887 622 958 est,
644 897 702 945 sna
732 881 897 962 impietate
918 880 1137 944 dissolvit...
1157 925 1164 941 .
1188 879 1310 946 Verum
1332 897 1394 944 non
1420 883 1459 944 itr
1478 889 1536 956 est,

446 978 576 1053 iratres,
596 999 657 1046 nee
677 983 782 1044 anime
803 980 995 1059 saluatoris,
1017 981 1071 1044 sed
1101 983 1169 1062 ipse
1193 979 1293 1046 Filius
1314 980 1385 1060 Dei,
1414 999 1481 1046 eum
1499 999 1540 1043 ss·

443 1091 492 1146 set
513 1083 544 1146 in
566 1083 670 1148 torma
692 1081 750 1146 lloi
771 1093 804 1147 et
824 1084 971 1163 aequalis
993 1081 1072 1162 Deo,
1088 1103 1122 1147 se
1137 1085 1314 1148 exinanivit
1335 1083 1466 1148 turmam
1483 1099 1539 1144 ser·

447 1184 478 1245 ri
498 1186 676 1266 recipiens.
763 1183 816 1250 Sio
836 1187 896 1250 iste
925 1187 1109 1250 immutavit
1137 1187 1274 1268 gloriam
1303 1184 1539 1266 incorruptibilis

444 1285 529 1367 llei3
551 1287 584 1348 in
607 1288 711 1351 torma
734 1288 824 1353 illius
845 1298 878 1352 ot
899 1290 1099 1370 aequalitate
1115 1290 1252 1350 animam
1273 1285 1450 1352 Salvatoris
1469 1303 1540 1348 rase-

442 1403 528 1465 rens,
550 1405 636 1468 qnae
655 1396 764 1453 ereata
787 1398 848 1470 est;
871 1398 904 1454 et
925 1392 1007 1454 hano
1021 1407 1056 1454 se
1077 1405 1264 1466 evacuasse,
1280 1397 1312 1454 et
1333 1407 1397 1453 noa
1411 1386 1537 1452 Verhuu

442 1485 501 1553 het
516 1490 556 1552 ad
572 1498 693 1554 terram
715 1493 838 1554 ventsse
858 1500 919 1555 ete.
943 1511 959 1550 o

522 1588 613 1654 liaeo
633 1591 679 1654 ait
699 1589 910 1674 Theophilus.
932 1590 1024 1657 Unde
1050 1593 1216 1657 retostus
1237 1611 1279 1656 ex
1300 1593 1391 1674 quali
1412 1591 1491 1653 lihro
1507 1589 1540 1650 si·

443 1707 483 1755 re
501 1693 608 1774 erpito
624 1692 817 1758 Periurohou
838 1702 999 1776 repeteus,
1015 1697 1073 1758 ista
1094 1693 1277 1775 collegerit,
1296 1696 1382 1759 silet.
1402 1694 1536 1758 httrmeu

442 1795 723 1858 verosimillimum
744 1802 804 1872 est,
826 1811 869 1859 ex
892 1794 990 1860 Lihro
1013 1795 1067 1859 lV.
1090 1814 1120 1859 u.
1150 1795 1203 1863 32.
1226 1815 1262 1859 er
1285 1795 1468 1872 deduxisse,
1494 1791 1537 1857 uhi

441 1895 488 1958 ait
506 1894 687 1976 Origenes:
709 1895 884 1974 «Quidam
905 1907 1013 1962 eutem
1032 1900 1145 1962 volunt
1167 1899 1206 1962 ds
1220 1902 1287 1979 ipsa
1309 1899 1416 1962 anima
1431 1899 1537 1961 dictum

440 1996 557 2069 rideri,
572 2015 647 2061 euru
662 2000 804 2079 primum
824 1997 866 2062 de
879 1998 983 2062 llario
1006 2017 1125 2080 eorpus
1139 1999 1323 2080 assumpsit,
1345 2001 1443 2062 etiam
1458 1995 1537 2069 illud,

439 2098 527 2178 quod
549 2098 726 2180 Apostolus
746 2100 850 2163 dieti:
873 2101 930 2181 qui
950 2119 1021 2163 oum
1042 2101 1078 2164 s'u
1097 2103 1201 2182 formo
1222 2101 1282 2166 Dei
1301 2107 1389 2178 erret,
1412 2115 1475 2162 uos
1495 2117 1538 2160 rs·

431 2196 547 2279 pr'rrnm
571 2197 747 2263 arbitretur
764 2209 810 2264 ert
820 2244 832 2277 ,
854 2217 917 2263 esse
939 2221 970 2265 re
990 2203 1151 2284 aequatem
1174 2201 1257 2280 Deo,
1288 2203 1340 2266 red
1359 2201 1540 2281 semetipsum

438 2297 635 2373 wimior'r,
655 2303 793 2381 sumam
812 2301 898 2366 serni
918 2302 1092 2383 arripitur:
1113 2323 1189 2368 cum
1210 2321 1280 2368 earu
1303 2304 1371 2368 siue
1392 2303 1488 2366 duhio
1513 2303 1538 2362 iu

439 2399 578 2464 lormam'
601 2398 658 2465 liet
689 2403 879 2468 melioribus
900 2405 1058 2484 exemplis
1088 2409 1279 2485 repararet,
1306 2411 1406 2486 atque
1427 2405 1459 2468 iu
1479 2417 1538 2466 eru

439 2501 682 2582 plenitudinem,
700 2503 833 2568 undose
854 2505 1088 2578 exinaniverat,
1106 2513 1276 2570 revocaret
1296 2513 1358 2570 eie.
1383 2503 1465 2570 »hx
1485 2505 1537 2575 his,

438 2604 593 2685 inquam,
613 2606 749 2688 culpare
768 2605 942 2689 Oripeuem
963 2607 1089 2670 studuit
1108 2605 1325 2688 Theophilus,
1347 2625 1487 2688 eumque
1504 2605 1539 2669 oh

439 2705 502 2768 hoe
521 2713 615 2770 extra
641 2705 820 2772 Ecclesium
841 2707 962 2771 lucere.
985 2707 1201 2773 Nihilominus
1228 2709 1287 2785 (et
1308 2707 1338 2770 id
1362 2709 1536 2790 priusquam

438 2824 553 2872 sorum
569 2809 744 2872 rethorum
758 2825 870 2873 senem
890 2809 1110 2889 disquiratur)
1126 2827 1224 2890 qnam
1244 2809 1407 2873 immerito
1426 2811 1456 2873 id
1477 2825 1538 2888 epe

438 2908 482 2971 rit
502 2906 683 2990 Episcopus
702 2908 946 2984 alexandrinus,
975 2919 1007 2973 et
1028 2919 1147 2991 quonia
1169 2909 1304 2974 suenrus
1324 2911 1366 2974 sit
1387 2911 1536 2982 illusione,

438 3019 573 3092 apprret
592 3011 697 3091 primo
719 3011 933 3091 expluribus
955 3011 1142 3074 testimoniis
1163 3012 1298 3096 sparsim
1320 3009 1411 3076 libris
1434 3011 1537 3090 Origo·

438 3114 486 3174 nir
506 3114 683 3189 eonsertis,
715 3113 768 3176 uhi
791 3112 906 3192 dogmr
929 3111 1125 3176 catholicum
1148 3113 1189 3174 ah
1210 3114 1279 3192 ipso
1305 3111 1471 3196 perspicue
1491 3109 1538 3173 ad·

437 3214 580 3277 struitur
590 3234 602 3293 5
631 3231 670 3278 ao
690 3213 758 3277 uine
788 3213 977 3296 amhagibus
1000 3214 1097 3276 rerhr
1127 3215 1303 3295 apostolica
1334 3215 1537 3296 explrurutur

438 3315 596 3379 adversus
616 3312 711 3393 illud,
727 3315 814 3396 qnod
836 3318 877 3379 de
898 3317 967 3397 ipso
993 3315 1246 3396 praetenderunt
1266 3310 1461 3398 Theophilus
1480 3317 1536 3396 ipse

437 3423 471 3478 et
494 3431 603 3480 omnes
624 3433 699 3489 enm
720 3432 760 3480 eo
787 3417 1020 3482 eonsentientes
1048 3419 1079 3479 iu
1102 3417 1297 3498 iniquissima
1321 3414 1469 3482 Auctoris
1489 3415 1536 3476 da·

437 3519 608 3580 murtloue.

517 3615 561 3682 Et
581 3617 711 3700 quidem
728 3617 826 3682 num
848 3617 886 3682 V.
899 3617 933 3682 iu
951 3615 1125 3700 Epistolsm
1140 3621 1183 3683 od
1196 3614 1355 3683 Romanor
1376 3639 1406 3683 n.
1426 3619 1454 3687 T.
1477 3635 1537 3680 rer·

438 3715 478 3779 ha
501 3717 731 3798 interpretatus
761 3733 801 3780 ss·
820 3715 993 3782 ohedientia
1023 3718 1181 3799 (Christll
1206 3718 1289 3801 §nort
1317 3718 1536 3782 eoustr'hrrutrr

436 3818 534 3882 nutri
545 3861 557 3893 ,
588 3820 699 3886 doerit
720 3837 780 3901 per
799 3813 1014 3884 obedientium
1037 3819 1155 3886 Christi
1177 3821 1302 3886 tuittnn
1325 3823 1478 3904 accepisse
1492 3817 1537 3899 ir·

437 3920 662 3986 stliieationeur
683 3931 716 3986 et
737 3923 856 3985 ritum:
879 3945 896 3982 r<
917 3921 1049 3999 Christi,
1072 3925 1223 4004 inquom,
1245 3925 1304 4004 qui
1326 3923 1365 3985 ad
1388 3925 1534 4000 hocopus

439 4033 503 4084 uou
522 4023 715 4086 eondittouis
741 4023 955 4100 aeoesdtate,
987 4025 1042 4088 sed
1064 4021 1132 4088 sola
1156 4025 1359 4088 miseratione
1388 4027 1536 4105 permotus

439 4125 585 4188 redusit.
619 4121 655 4188 lu
674 4126 779 4189 forms
803 4129 886 4189 enim
910 4123 969 4189 het
990 4135 1083 4202 erat,
1115 4125 1279 4190 stridens
1301 4127 1396 4189 nnius
1417 4121 1533 4188 hominis

438 4224 560 4290 delisto
578 4235 716 4292 mortem
739 4243 873 4308 regnare
895 4245 954 4308 per
970 4229 1120 4311 populos,
1144 4237 1316 4291 creaturus
1336 4243 1416 4290 anre
1435 4241 1491 4288 uon
1508 4241 1534 4284 o·

440 4319 642 4409 hiirtseitnr3
674 4347 732 4394 nec
755 4329 898 4408 rapinam
920 4329 1009 4393 ducit
1030 4347 1099 4393 esse
1120 4347 1154 4393 so
1185 4330 1357 4410 requalem
1381 4327 1464 4393 heo:
1485 4326 1534 4387 hoe

438 4433 501 4503 ert,
524 4443 586 4489 non
607 4428 666 4491 sthi
688 4430 792 4508 magni
813 4429 937 4509 aliquid
960 4429 1116 4509 deputat,
1153 4429 1241 4511 quoti
1263 4429 1331 4510 ipse
1353 4428 1476 4510 quidem
1494 4439 1536 4485 re·

439 4526 546 4607 qorhs
566 4524 647 4606 heo,
669 4539 701 4592 et
715 4543 817 4593 nuum
839 4545 915 4594 oum
937 4529 1112 4607 introeat,
1132 4545 1215 4611 opus
1238 4545 1318 4596 roro
1337 4547 1433 4595 snum
1453 4527 1536 4606 depr·
