3375 5567
151 805 188 868 sri
198 813 313 869 mnas
326 803 469 886 sisspssli5
490 821 578 867 aesna
591 811 730 866 castrasse
749 810 867 865 casata
887 800 953 864 ioco
967 815 1025 862 stro
1046 797 1097 862 dis
1110 799 1257 881 septima,

154 908 305 972 ridebitur
325 925 389 972 noo
409 926 503 989 posse
524 907 564 969 ad
585 907 728 970 litteram
749 905 931 980 observari,
948 921 1023 968 com
1045 903 1172 968 nnllam
1190 903 1257 966 sni·

152 1008 207 1069 nal
227 1027 286 1088 per
306 1017 407 1072 totam
428 1010 512 1072 diem
533 1009 704 1071 immotam
719 1007 833 1072 sedare
853 1015 962 1087 queat.
978 1025 995 1064 a
1011 1004 1043 1070 Si
1057 1022 1196 1085 namque
1212 1005 1257 1068 le·

152 1110 222 1189 palis
242 1118 352 1174 textas
379 1111 568 1174 litteraliter
587 1109 783 1173 adamussim
800 1099 985 1173 'sumendus
1004 1111 1067 1185 sit,
1091 1118 1168 1172 tono
1189 1108 1256 1188 ipse
1300 1173 1303 1180 ,

150 1209 286 1275 Christos
297 1211 419 1292 Jostea
440 1212 618 1291 pharisaeis
634 1214 849 1291 reprehensos
871 1210 996 1288 inisset,
1011 1211 1100 1292 qnod
1122 1212 1176 1288 (ex
1192 1207 1256 1273 Lu·

151 1329 182 1372 ca
200 1331 236 1374 c.·
249 1311 362 1388 xiil.)
383 1311 435 1374 dle
455 1311 586 1376 sabbati
612 1319 759 1374 curasset
779 1312 941 1375 infirmam
969 1329 987 1374 a
1009 1312 1166 1375 daemone
1187 1312 1258 1374 alii·
1293 1333 1298 1344 ·

152 1420 247 1489 ratam
268 1413 309 1473 ab
330 1414 420 1474 annis
440 1411 632 1474 octodecim.
655 1412 720 1477 San
742 1411 859 1474 melios
873 1411 1045 1476 dicendum
1068 1423 1151 1476 esset
1168 1421 1256 1476 reate

151 1512 243 1590 egisse
262 1513 434 1591 quemdam
449 1511 648 1587 clamitem,
663 1514 719 1592 qni
734 1513 766 1574 io
783 1513 911 1576 loream
925 1514 1035 1594 lapsus
1050 1513 1101 1576 die
1115 1511 1256 1588 Saliari,

149 1612 328 1676 litteraliter
355 1620 515 1678 statutam
538 1614 715 1676 mosaicam
737 1615 991 1694 interpretatus:
1015 1631 1104 1675 orma
1123 1622 1258 1676 usnam

149 1723 230 1776 urat
247 1731 263 1773 c
282 1715 351 1776 loco
370 1733 428 1776 aaa
447 1711 498 1775 dia
518 1713 666 1794 septima,
679 1733 739 1777 nec
759 1731 880 1793 perse,
903 1732 1008 1794 neque
1024 1733 1083 1794 per
1102 1714 1184 1777 alios
1199 1730 1259 1794 per

154 1823 245 1876 totam
265 1815 355 1877 illam
376 1815 461 1876 diem
482 1830 635 1893 surpere,
654 1831 714 1877 nec
733 1814 808 1877 lade
819 1815 912 1876 exire
935 1814 1051 1878 voluit.
1067 1812 1148 1878 ltem
1170 1815 1202 1876 ln
1216 1809 1259 1877 ll·

152 1913 280 1994 nigelli
291 1916 418 1979 rerlsis:
433 1911 655 1994 missaper
667 1913 753 1978 aiam
768 1913 996 1978 salutaveritis:
1011 1914 1040 1978 si
1059 1915 1170 1978 arulas
1185 1923 1260 1978 tusss

150 2014 338 2078 scandalizet
360 2024 404 2090 re,
424 2033 498 2077 aas
516 2033 587 2077 esra
606 2023 635 2077 st
651 2012 773 2095 projice
791 2014 847 2078 ads
867 2025 906 2088 ts,
930 2024 963 2079 et
982 2016 1066 2079 aliae
1087 2015 1186 2096 trojus
1206 2033 1260 2095 pe·

151 2117 228 2178 aeds
246 2116 373 2180 dicendi
395 2117 557 2179 formulae
567 2136 579 2194 3
599 2132 682 2195 qoas
697 2115 811 2179 oollns
831 2117 1004 2195 interpres,
1021 2123 1114 2195 puto,
1129 2116 1256 2189 stricto,

150 2233 238 2280 senso
256 2233 410 2289 sumere,
441 2216 561 2279 autad
581 2217 712 2279 litterae
740 2217 864 2296 apicem
890 2218 1071 2280 servaverit
1102 2231 1257 2296 unquam.

152 2312 375 2381 Verumtamen
394 2318 427 2379 in
446 2317 656 2396 sequentibus
679 2318 759 2380 haec
781 2317 881 2396 magis
903 2317 1066 2399 patefient.

220 2415 361 2481 llcmnm
376 2419 407 2479 in
422 2418 521 2499 trojus
532 2415 653 2497 Capitis
669 2419 806 2481 termino
817 2436 878 2499 pro
891 2421 952 2495 lais,
970 2436 1055 2499 qnae
1068 2417 1153 2482 dicta
1167 2423 1256 2492 sont,

153 2527 182 2580 st
199 2519 279 2582 inira
301 2519 453 2583 dicentur
472 2520 513 2582 de
532 2519 683 2598 Origenis
704 2519 813 2582 studio
834 2521 995 2585 inanitatis
1016 2519 1166 2584 litteralis
1187 2537 1259 2582 sen·

152 2637 202 2682 sas
220 2621 410 2700 praesertim
431 2621 464 2680 io
485 2617 570 2699 Lege
602 2620 765 2695 mosaica,
790 2620 1029 2697 ostendendae,
1052 2637 1090 2684 ea
1112 2628 1259 2700 repeten-

153 2719 187 2781 da
206 2729 281 2783 sont
300 2719 342 2783 ab
360 2722 460 2800 ipsios
480 2720 663 2784 conditione
690 2727 758 2784 tom
778 2721 936 2784 adversas
956 2722 1093 2802 judaeos
1115 2737 1259 2802 pugnan-

154 2822 189 2882 tis
207 2839 266 2901 pro
286 2822 377 2884 illios
397 2820 491 2901 Lapis
511 2821 688 2885 abolitione
708 2831 746 2885 nt
767 2822 896 2886 corase
918 2822 1101 2898 crederent,
1125 2832 1194 2885 tum
1215 2839 1257 2885 ex

154 2922 244 3002 ipsios
263 2923 337 2986 selo
361 2941 422 3003 pro
442 2924 653 2986 consessione
673 2925 829 3002 gentium.
861 2923 911 2985 Ad
931 2939 1029 3002 quam
1051 2924 1257 2985 obtinendam

154 3024 258 3088 ndnlo
277 3025 453 3100 laborarit,
468 3030 505 3087 nt
520 3024 551 3086 in
566 3023 651 3104 laege
671 3026 810 3088 mosaica
830 3025 1001 3104 reperiret,
1024 3043 1109 3105 quse
1123 3025 1163 3087 de
1184 3041 1257 3104 gen·

156 3124 231 3189 tibns
250 3126 416 3206 praedicta
435 3136 529 3188 erant
556 3126 642 3190 eirca
665 3126 814 3190 lotorum
847 3125 966 3190 Christi
989 3142 1123 3206 regnum
1145 3133 1178 3189 et
1198 3122 1258 3188 Le·

155 3228 196 3303 pls
214 3225 325 3290 finem:
339 3226 505 3304 «Oportet
518 3242 611 3306 erpo,
627 3228 685 3301 ait,
701 3228 784 3289 mori
800 3228 899 3304 ipsios
915 3226 1032 3308 Legem
1054 3227 1197 3302 litterae,
1221 3233 1257 3291 nt

155 3325 193 3385 its
211 3323 340 3388 demam
361 3326 463 3388 libera
482 3325 550 3405 Jam
570 3327 674 3388 anima
696 3326 831 3405 Spiritui
857 3327 976 3403 nubat,
999 3335 1031 3390 et
1051 3328 1126 3389 nari
1147 3323 1257 3389 Testa·

155 3430 243 3490 menti
262 3428 504 3489 matrimonium
523 3427 692 3488 sortiatur.
715 3423 787 3488 Hoc
810 3436 933 3502 antem,
956 3429 988 3487 in
1009 3443 1076 3506 quo
1097 3442 1183 3490 nnnc
1201 3441 1257 3488 so-

158 3543 240 3604 nue,
262 3535 388 3608 tempus
407 3535 457 3590 est
478 3529 654 3590 vocationis
681 3529 824 3604 gentiam
845 3535 879 3590 et
910 3528 1021 3590 mortis'
1052 3524 1144 3606 Legis
1156 3546 1166 3605 3
1189 3544 1256 3606 quo

157 3629 266 3704 possint
284 3629 409 3692 liberae
420 3629 546 3690 animae
559 3628 627 3708 jam
645 3628 775 3690 solatae
788 3645 806 3687 a
820 3628 893 3707 lege
916 3627 989 3702 riri,
1006 3645 1091 3690 novo
1108 3627 1180 3690 viro
1197 3645 1257 3691 nn·

159 3727 226 3793 lere
238 3730 379 3795 Christo.
401 3728 498 3806 Quod
518 3728 545 3791 si
566 3726 696 3791 edoceri
711 3726 937 3806 rmqnomodo
959 3725 1028 3790 Lex
1050 3735 1178 3792 mortua
1201 3721 1255 3804 sit,

159 3832 333 3907 considera,
354 3838 389 3895 et
411 3830 481 3894 ride
503 3829 559 3891 nbi
581 3845 667 3890 nunc
685 3827 858 3903 sacrificia,
878 3826 933 3891 nbi
955 3845 1040 3890 nuno
1060 3828 1178 3903 altare,
1201 3828 1255 3889 ubi

159 3924 330 4011 Templum,
346 3931 401 3994 alsi
421 3927 674 4009 purificationes,
697 3926 752 3990 nbi
772 3927 959 3990 solemnitas
976 3925 1116 3991 Paschae
1125 3947 1136 4004 ;
1152 3943 1255 3991 nonne

161 4037 345 4095 mortuaest
366 4031 396 4092 in
418 4029 467 4092 ais
486 4029 636 4092 omnibns
651 4023 775 4092 text»
789 4026 831 4090 Et
852 4029 895 4090 ita
917 4027 1011 4092 docet
1034 4025 1174 4090 llomilla
1198 4025 1252 4088 Vl.

159 4141 187 4186 a.
204 4124 232 4192 d.
252 4129 288 4192 ia
309 4125 466 4193 amaa.

506 4329 897 4380 ...w-n·-
