3375 5567
463 798 704 862 contrariorum
719 815 789 862 rem
811 796 957 862 aonidum
971 815 1040 861 osso
1061 815 1224 879 rapacum.
1240 795 1336 875 Quod
1355 800 1380 863 si
1393 797 1540 878 spiritualis

460 905 590 973 natura,
606 916 693 979 qnae
706 898 852 979 ejusdam
874 907 924 964 cst
936 899 1134 964 substantiae
1156 917 1194 963 uc
1209 900 1329 976 divina,
1353 900 1485 964 iornicrri
1499 918 1543 978 po-

463 997 538 1074 tnit,
561 999 695 1079 protana
710 1006 743 1063 et
764 1000 859 1082 impis
882 1008 915 1063 at
932 1001 1112 1079 irreligiosa
1130 1002 1169 1064 de
1182 999 1250 1064 Deo
1272 1009 1495 1081 consequuntur
1511 1017 1544 1062 en

464 1116 580 1164 uorum
601 1101 741 1163 ratione:
764 1119 802 1165 ac
823 1119 863 1166 nu
883 1103 951 1166 sine
970 1102 1118 1182 periculo
1130 1102 1262 1182 quidam
1282 1102 1418 1166 conierri
1433 1107 1542 1182 potsunt

466 1201 547 1264 baac
566 1201 704 1265 interce
725 1209 823 1281 atquo
852 1203 1031 1284 imaginari.
1054 1222 1071 1260 a
1093 1200 1218 1266 Varum
1248 1202 1287 1264 da
1309 1203 1358 1266 bis
1376 1205 1464 1276 satis,
1483 1201 1544 1274 dun

465 1302 623 1365 neminem
644 1302 725 1365 tutet
744 1319 812 1381 qno
839 1303 948 1368 studio
969 1321 1072 1383 prope
1096 1304 1294 1368 ratboiicnm
1315 1302 1426 1382 dogma
1452 1301 1549 1364 anino·

466 1419 540 1465 rum
562 1411 595 1464 et
615 1403 789 1481 spirituum
820 1402 1010 1467 coelestium
1039 1402 1224 1467 affinitatum
1245 1421 1320 1466 oum
1350 1402 1413 1466 Deo
1438 1401 1549 1464 vindica·

468 1503 515 1564 rit
534 1500 712 1581 Origenes;
734 1501 822 1581 quod
848 1503 972 1568 scilicet
997 1503 1072 1566 inco
1098 1504 1204 1567 divina
1233 1504 1398 1585 superfusi
1424 1504 1497 1577 sint,
1513 1519 1550 1564 u·

467 1603 585 1681 pientia
606 1611 639 1665 et
658 1603 901 1666 immortalitate
910 1625 922 1682 3
938 1621 975 1665 ac
990 1605 1122 1684 insuper
1139 1605 1251 1668 docuit
1271 1607 1400 1670 eosdem
1420 1621 1436 1666 a
1457 1599 1550 1666 Decio

469 1709 615 1780 tempore
636 1703 780 1767 conditos
802 1722 883 1780 osse,
906 1723 966 1768 neo
986 1723 1115 1784 semper
1135 1723 1210 1768 cnm
1231 1703 1402 1782 eoinisse.

546 1801 682 1867 Maximi
699 1823 777 1868 roro
791 1808 943 1869 momenti
964 1808 1124 1886 quaestio,
1139 1825 1224 1886 quae
1245 1807 1277 1868 in
1291 1806 1355 1870 boo
1369 1805 1466 1890 capito
1477 1820 1551 1882 praa·

466 1910 600 1988 cipuum
621 1905 731 1969 iocum
755 1913 853 1980 tanet,
874 1925 1025 1987 quaeque
1045 1906 1195 1987 Origcnis
1216 1907 1412 1970 adversariis
1432 1911 1554 1986 praetex-

466 2016 536 2070 tum
552 2008 744 2070 tutissimum
758 2006 876 2070 detulit
896 2007 1149 2071 incusationibus
1162 2007 1321 2070 adversus
1343 2007 1480 2090 ejusdem
1491 2004 1551 2066 scri·

466 2117 533 2188 pta,
555 2118 589 2172 at
608 2108 799 2189 praesertim
823 2107 1029 2184 Pariurciou,
1054 2115 1206 2189 tanquam
1221 2125 1321 2188 prora
1344 2126 1383 2171 ac
1405 2106 1554 2186 peregrinis

468 2209 587 2273 tabulis
607 2216 770 2285 contexta,
794 2217 945 2274 versatur
965 2209 1005 2272 da
1025 2211 1207 2272 animarum
1223 2211 1361 2289 origine,
1383 2208 1551 2277 conditione,

467 2308 818 2391 vicibusqne'direrais‚
835 2311 955 2391 quibus
968 2319 1043 2375 unte
1058 2328 1171 2374 aurum
1186 2312 1218 2373 iu
1236 2328 1376 2390 corpora
1391 2309 1554 2373 infusionen

468 2413 626 2477 obnoxias
648 2411 746 2476 inissc
768 2413 915 2476 creditur
937 2412 1085 2476 docuisse
1100 2411 1324 2486 Adamantius,
1348 2420 1382 2476 ot
1402 2408 1556 2475 actorebu-

467 2513 633 2595 jusmodi3
657 2531 742 2593 quaa
767 2516 873 2576 omnia
897 2514 1110 2594 interpretum
1137 2513 1301 2594 ingenium
1326 2513 1404 2576 sutis
1432 2511 1559 2586 duiatigr·

471 2621 560 2676 runt.
587 2612 781 2692 Priusquam
810 2632 901 2688 vcro,
922 2613 977 2676 ubi
1000 2612 1079 2676 baec
1100 2613 1267 2693 leguntur,
1293 2612 1518 2692 disquirantur.
1536 2623 1558 2668 r

471 2712 648 2776 nucleanda
669 2721 757 2787 sunt,
772 2731 857 2794 quoe
878 2713 989 2776 scribit
1006 2713 1133 2776 Auctor
1149 2715 1181 2774 iu
1203 2713 1411 2794 paragrapho
1424 2710 1452 2775 5.
1467 2708 1561 2772 Prone

471 2813 527 2876 mii
548 2811 665 2893 Operis
687 2814 847 2896 praeisti-r
872 2834 889 2872 r
911 2811 958 2876 De
979 2814 1083 2877 anima
1110 2821 1219 2876 autom
1251 2821 1365 2878 utrum
1395 2830 1436 2875 ex
1458 2806 1562 2874 seminis

472 2915 606 2981 traduce
628 2914 794 2993 ducator,
823 2915 866 2977 itu
890 2922 926 2978 ut
948 2915 1030 2978 ratio
1052 2917 1164 2994 ipsius,
1194 2915 1246 2978 rei
1266 2913 1445 2978 substantia
1468 2913 1560 2972 inserti

346 3020 348 3023 ’
470 3017 547 3097 ipsis
567 3015 742 3079 seminibus
763 3014 989 3094 corporalibus
1011 3015 1182 3093 babcatur3
1204 3029 1245 3076 an
1261 3031 1342 3077 raro
1363 3011 1451 3076 alind
1471 3007 1563 3072 bibrat

471 3118 611 3190 initium,
627 3124 660 3179 et
681 3116 743 3179 boc
764 3116 868 3196 ipsum
892 3117 1030 3190 initinrn,
1050 3116 1076 3178 si
1098 3116 1239 3195 genitam
1265 3123 1325 3188 ost,
1344 3122 1402 3177 ant
1423 3129 1482 3174 ooo
1497 3105 1562 3187 guni·

472 3224 565 3281 tumr
590 3216 641 3279 rei
663 3218 799 3279 certari
820 3216 1021 3280 extrinsecus
1044 3218 1174 3295 corpori
1196 3215 1332 3289 inditur,
1357 3231 1416 3277 uec
1442 3229 1498 3274 nur
1517 3221 1563 3268 oon

472 3320 549 3382 satis
570 3317 735 3381 maniiesta
758 3317 996 3398 praedicatione
1017 3317 1237 3396 distinguitur.
1262 3336 1278 3372 o

554 3416 601 3482 iio
623 3419 671 3480 bis
692 3419 820 3482 interim
842 3435 937 3478 nemo
959 3417 1108 3494 miretur,
1126 3417 1211 3480 baud
1234 3417 1400 3496 ignorans,
1416 3413 1563 3491 Origenen

472 3519 629 3583 lectorem
656 3535 787 3580 monera
807 3517 848 3579 de
873 3516 1137 3596 quaestionibus,
1162 3534 1247 3596 qnao
1272 3514 1389 3577 deinde
1417 3507 1563 3598 orditnrtin

474 3617 661 3680 tractandae
682 3625 771 3689 suut,
792 3615 1036 3691 tantummodo,
1053 3615 1130 3695 quin
1152 3617 1226 3678 inda
1247 3632 1340 3678 snum
1359 3619 1496 3693 exponat
1511 3623 1565 3670 sen·

476 3719 618 3780 tentiam.
642 3715 765 3796 Scopas
788 3719 872 3780 enim
895 3716 1006 3790 iliius,
1026 3719 1166 3796 quisque
1189 3717 1295 3791 ridet,
1318 3710 1499 3779 summatim
1519 3713 1566 3766 trt-

475 3816 570 3880 dendi
591 3825 650 3890 est,
673 3835 757 3896 qnae
778 3817 1034 3880 manifestissimo
1056 3825 1132 3879 tuna
1154 3815 1308 3894 temporis
1329 3815 1363 3876 in
1385 3806 1567 3876 Eootutrir

476 3918 574 3982 dubia
598 3919 808 3982 tradebantur
826 3918 921 3998 juxta
939 3917 1149 3996 apostolicum
1171 3915 1454 3995 praedicationem,
1469 3911 1498 3971 in
1514 3902 1567 3984 qni·

477 4018 538 4084 bur
558 4029 679 4096 censat,
702 4029 833 4099 praeter
856 4019 932 4091 alia,
955 4019 1003 4080 nti
1029 4017 1218 4080 definitum:
1237 4033 1358 4076 omarus
1374 4005 1567 4076 rationabilem

474 4122 617 4183 unimam
645 4139 707 4181 rrrr
726 4118 817 4180 tiberi
834 4115 966 4180 arbitrii
994 4127 1022 4178 et
1041 4112 1225 4178 autumatis.
1249 4113 1370 4175 Deinde
1392 4114 1475 4174 cirea
1502 4105 1569 4183 rjttt·

356 4222 361 4232 “
477 4221 551 4284 darn
571 4221 697 4281 animae
724 4219 916 4281 iniurion'c‘m
938 4219 969 4279 in
991 4233 1129 4296 corpora
1151 4217 1215 4288 ait,
1236 4231 1301 4274 uon
1322 4210 1400 4274 rotis
1425 4205 1570 4282 morisim

473 4316 709 4402 praedicatione
728 4315 898 4395 diatinpttt'.
924 4315 1023 4391 Quasi
1044 4315 1169 4378 diceret
1198 4331 1260 4374 non
1280 4329 1349 4374 essu
1371 4306 1529 4370 definitum
1546 4299 1570 4358 in

479 4419 695 4486 ecclesiastica
712 4416 950 4498 praedicatione
965 4418 1010 4478 ita
1032 4422 1068 4478 ut
1090 4413 1233 4476 fidetium
1245 4410 1406 4482 nonnulii,
1419 4401 1528 4470 diversi
1540 4395 1571 4456 ab

481 4523 632 4599 ioricam,
647 4522 772 4586 dirersa
795 4518 835 4581 da
857 4519 919 4583 boc
939 4519 1095 4582 sentirent
1106 4536 1117 4595 3
1140 4516 1234 4579 sicuti
1256 4511 1354 4593 paulo
1376 4516 1450 4573 anto
1469 4495 1573 4568 notatii
