3375 5567
447 776 522 853 quis
536 773 655 838 bebere
669 781 787 856 potest,
806 771 891 837 uode
913 781 944 836 ot
959 771 1108 837 decidere
1130 791 1200 836 esm
1216 775 1361 856 possibile
1380 783 1432 838 est.
1453 795 1466 834 r
1484 775 1526 841 ux

446 879 495 940 isis
510 878 637 939 tandem
652 878 793 939 otterum
808 877 932 938 cernito
949 877 1184 956 iniquissimum
1200 879 1420 940 criminationis
1433 895 1525 958 genus,

445 997 512 1059 quo
534 978 637 1040 fidefis
658 971 814 1058 Origenis¹
827 995 939 1042 sensus
961 978 1188 1058 snppfentetus
1207 989 1267 1042 est.

527 1076 574 1141 De
589 1079 718 1158 reiiqoo
732 1079 891 1159 ejusmodi
913 1079 1037 1141 dicendi
1053 1078 1211 1141 formoles
1232 1080 1272 1140 de
1287 1080 1400 1156 enims,
1414 1079 1529 1160 ejusque

447 1179 647 1260 profectibus
667 1181 707 1243 de
722 1181 808 1243 meio
829 1182 861 1242 io
884 1181 1001 1242 bouum
1023 1189 1114 1242 oute
1135 1187 1260 1256 contre,
1280 1182 1330 1244 sei
1352 1181 1388 1244 de
1407 1182 1529 1262 ejusdem

447 1281 602 1343 descensu
623 1297 662 1342 ec
682 1298 816 1344 escensu
845 1298 907 1344 ooo
927 1281 1062 1342 seorsim
1084 1298 1102 1342 e
1124 1299 1264 1362 corpore
1290 1282 1344 1344 sed
1365 1285 1394 1345 io
1414 1299 1531 1360 corpore

447 1389 593 1442 versetee
613 1399 652 1444 ee
673 1399 736 1444 une
756 1382 890 1461 egentis,
913 1398 1007 1443 nemo
1028 1382 1214 1461 peregrines
1238 1381 1369 1462 reliquis
1388 1383 1530 1462 scriptori·

444 1481 504 1544 bus
518 1482 742 1544 ecciesiasticis
764 1484 839 1545 istes
856 1488 965 1563 putet;
981 1483 1160 1562 quinimmo
1175 1483 1287 1544 obvies
1302 1484 1416 1547 eisdem
1436 1484 1529 1557 fectus,

444 1591 585 1663 epteque
599 1583 758 1647 indicendi
772 1603 870 1648 ceusu
886 1585 1046 1646 bumsnoe
1061 1592 1197 1648 neturse
1212 1585 1423 1649 conditionem
1440 1588 1468 1648 iu
1482 1587 1531 1648 boc

447 1685 580 1760 mondo,
603 1687 819 1762 concinuetes,
835 1694 867 1748 ει
883 1686 968 1749 bend
991 1686 1032 1747 eb
1053 1687 1098 1748 eis
1120 1685 1300 1761 dissimiles,
1323 1704 1402 1767 ques
1422 1686 1533 1749 tredidit

443 1787 611 1867 Origenes.

522 1887 554 1952 S.
575 1888 757 1967 Gregorius
777 1885 956 1973 Nysseuos,
978 1889 1034 1968 qui
1051 1887 1094 1951 De
1107 1887 1245 1952 bominis
1261 1887 1393 1970 opificio
1405 1899 1435 1954 ει
1453 1892 1480 1952 io
1494 1890 1532 1953 tt-

445 1988 504 2050 bro
527 1986 570 2049 Dc
591 1985 707 2050 Animo
728 1988 775 2064 (si
798 1997 903 2052 temen
924 1999 1042 2052 eoctor
1071 1989 1171 2070 hujus
1191 1989 1266 2050 libri
1288 1991 1356 2067 ipse
1384 1991 1531 2067 bebeetor,

442 2088 530 2168 quod
551 2097 646 2168 neget
667 2086 883 2153 licitermioos
906 2088 949 2152 De
969 2087 1183 2170 scriptoribus
1198 2089 1444 2171 Eeeieeieetioie)
1466 2094 1534 2154 side·

445 2201 499 2252 tor
518 2187 667 2271 Origenis
687 2189 855 2272 corripere
875 2191 1054 2255 doctrinam
1076 2191 1116 2253 de
1137 2192 1320 2254 enimerom
1342 2195 1535 2272 praeexisten-

445 2293 508 2370 tie,
531 2311 712 2374 eorumque
733 2295 887 2357 descensu
909 2301 941 2355 ει
966 2309 1122 2372 escensu3
1144 2294 1170 2356 si
1193 2294 1329 2373 genuine
1353 2294 1449 2373 ipsios
1471 2293 1536 2356 scri·

444 2402 496 2472 pte
520 2393 671 2474 legisset,
691 2395 986 2474 comprehendisset
1005 2411 1081 2458 sone
1101 2394 1141 2458 de
1163 2393 1224 2456 boc
1244 2402 1456 2472 argumento,
1475 2394 1535 2458 Ori·

440 2511 556 2581 genem
577 2495 689 2558 eedem
710 2495 886 2570 admisisse,
908 2511 994 2574 quoe
1015 2497 1082 2575 ipse
1105 2494 1204 2573 probe
1226 2497 1451 2576 propugoerit.

527 2593 666 2668 Resero,
681 2599 767 2661 sient
780 2597 843 2659 rub
856 2595 1045 2675 metepbore
1061 2593 1154 2657 docet
1171 2593 1330 2676 Origenes
1344 2598 1474 2660 enimam
1488 2595 1534 2658 bu·

444 2713 569 2760 monem
591 2698 634 2759 ob
653 2697 783 2778 culpem
805 2715 822 2758 e
844 2696 950 2761 ditius
973 2697 1131 2760 concissis
1152 2695 1391 2776 frigescentem,
1406 2701 1436 2763 iu
1454 2697 1534 2777 bojm

444 2799 528 2860 vites
543 2797 685 2860 miserias
707 2797 870 2877 deispsem
889 2796 999 2873 foisse,
1021 2798 1147 2870 eedem,
1161 2797 1344 2879 eodemque
1364 2817 1455 2864 sensu
1469 2797 1535 2860 dixit

443 2906 478 2960 et
498 2900 713 2962 consideravit
734 2900 801 2980 ipse
820 2920 847 2963 e.
864 2900 1043 2979 Gregorius
1065 2899 1096 2960 io
1117 2896 1271 2962 Sermone
1288 2897 1344 2962 tV.
1369 2897 1412 2962 Dc
1432 2897 1536 2964 Orotio·

443 3016 483 3060 or
504 2997 689 3072 Dominio&
707 3009 851 3064 statuens
872 3017 999 3062 omnem
1020 3007 1169 3063 ueturem
1187 2999 1378 3064 retiouoiem
1400 3003 1431 3064 io
1449 2999 1537 3079 dupii-

445 3115 514 3162 cem
538 3099 634 3161 ritem
656 3117 724 3163 esse
745 3099 903 3174 dirisem,
939 3117 1034 3162 onem
1056 3116 1229 3178 supernum
1251 3109 1284 3162 ει
1305 3101 1533 3181 incorporeum,

445 3200 582 3262 eiterem
606 3209 794 3263 terrestrem
825 3201 894 3263 sive
923 3202 1063 3262 interro
1095 3217 1153 3280 per
1182 3217 1312 3262 oeroem
1342 3211 1534 3281 occupetem:

447 3300 545 3367 «seu
566 3319 706 3384 superne
727 3303 858 3382 quidem
883 3303 946 3364 vite
977 3301 1105 3381 penitus
1126 3319 1142 3361 s
1166 3303 1309 3380 nequitie
1333 3313 1366 3368 et
1388 3304 1537 3366 vitiositate

445 3419 529 3482 pure
549 3413 620 3481 est3
643 3421 682 3467 so
696 3404 774 3466 uibii
796 3403 975 3483 quidquem
988 3421 1029 3466 ex
1052 3403 1102 3479 iis,
1120 3421 1206 3482 quse
1220 3421 1261 3468 ex
1273 3408 1448 3470 ‚coutrerio
1461 3403 1537 3466 iotet·

443 3504 604 3583 iiguutur,
619 3522 693 3566 cnm
709 3505 765 3566 iilo
790 3506 852 3567 vite
870 3513 1084 3570 conversetur
1103 3514 1202 3585 etque
1216 3508 1471 3570 commonionem
1491 3507 1535 3566 br·

447 3603 511 3666 bet.
526 3602 588 3667 Sed
602 3607 706 3667 omnis
722 3606 854 3669 vitiosus
875 3611 907 3670 et
922 3605 1131 3684 perturbetur
1147 3615 1254 3669 motos
1269 3615 1302 3670 et
1316 3607 1461 3681 effectos,
1481 3607 1538 3685 qui·

446 3705 505 3767 bus
527 3703 624 3768 rebus
639 3722 739 3785 genus
754 3706 933 3770 homonum
948 3706 1124 3770 obnoxium
1142 3715 1191 3770 est
1212 3724 1270 3787 per
1283 3708 1441 3772 infernem
1456 3709 1536 3770 ritem

449 3811 587 3882 regetur
606 3813 639 3868 et
659 3805 813 3868 oberret.
829 3853 836 3866 .
851 3849 882 3868 ..
905 3805 936 3868 st
959 3807 1060 3886 igitur
1089 3825 1227 3886 superno
1253 3809 1387 3889 quidem
1409 3812 1489 3881 site,
1507 3805 1539 3867 eb

446 3901 616 3968 effectibus
633 3914 666 3969 ει
681 3906 764 3970 vitiis
781 3924 896 3982 vocuo,
912 3909 1033 3986 integre
1050 3914 1098 3970 est
1118 3916 1150 3970 et
1165 3910 1368 3989 incorrupte,
1384 3910 1476 3972 seriis
1494 3923 1540 3968 eo·

441 4015 513 4074 ‚tem
533 4004 702 4070 effectibus
717 4016 749 4070 et
763 4009 927 4072 eerumnis
944 4009 1089 4074 demerso
1111 4017 1159 4074 est
1177 4012 1209 4074 io
1229 4011 1328 4093 bujus
1351 4021 1490 4075 terreuee
1503 4009 1539 4070 ri·

451 4115 501 4169 toe
523 4109 696 4171 miseriem:
713 4111 918 4174 menifestum
931 4119 991 4187 est,
1007 4112 1094 4191 qood
1110 4129 1249 4192 superne
1271 4114 1402 4194 quidem
1423 4111 1480 4175 vite
1500 4117 1540 4171 nt·

448 4214 524 4287 pote
545 4209 587 4271 eb
605 4212 692 4272 omni
715 4211 801 4273 meio
828 4229 933 4291 pore,
957 4229 1015 4293 por
1037 4215 1151 4278 bonum
1174 4212 1231 4276 lici
1263 4215 1458 4282 volontetem
1478 4229 1537 4291 pro·

448 4323 545 4385 spere
565 4309 718 4388 exigetur
731 4319 829 4391 etque
851 4319 996 4390 regetur.
1013 4309 1075 4376 Ubi
1096 4314 1179 4388 enim
1195 4314 1318 4378 metum
1340 4332 1402 4380 noo
1422 4321 1477 4386 eet,
1497 4311 1540 4372 bo·

447 4424 525 4471 nom
541 4427 677 4488 prorsus
691 4430 760 4476 csse
773 4431 902 4477 necesse
923 4422 981 4477 est.
1006 4412 1124 4478 Nostro
1139 4422 1248 4478 eutem
1267 4416 1331 4478 vite
1351 4434 1423 4482 cnm
1437 4433 1454 4478 e
1469 4427 1542 4476 eum·

449 4511 601 4576 munione
621 4521 654 4576 et
676 4532 738 4578 osu
759 4515 919 4578 bonorum
941 4515 1112 4592 exciderit,
1137 4515 1234 4579 simul
1256 4517 1353 4580 etiem
1374 4515 1486 4582 excidit
1503 4511 1540 4572 di·
