3375 5567
462 700 547 753 xxm

459 804 604 903 logctici
637 801 739 877 initio
772 800 957 877 scribens:
987 798 1244 896 «incipientes
1268 799 1376 897 igitur
1404 796 1523 871 indiciis

459 931 678 1030 scriptorum
703 951 851 1005 suorum
877 927 1084 1011 ostendere,
1101 925 1186 1023 quid
1214 926 1260 1000 do
1288 922 1434 1021 singulis
1455 946 1524 995 seo·

461 1059 564 1145 serit,
592 1081 639 1134 ex
672 1058 730 1131 bis
755 1055 947 1155 praecipue
977 1053 1079 1128 libris
1109 1052 1319 1127 testimonia
1348 1072 1524 1147 congrega·

461 1185 598 1270 bimus,
625 1208 718 1283 quos
744 1196 976 1259 accusatores
1000 1186 1078 1274 ejus
1110 1202 1221 1279 quam
1247 1178 1404 1253 maxime
1423 1176 1526 1249 crimi-

460 1325 607 1398 nantur,
641 1312 748 1396 idest,
780 1334 873 1409 quos
905 1333 970 1409 per
999 1310 1157 1407 spatium
1181 1322 1219 1383 et
1242 1307 1402 1405 quietem
1426 1304 1458 1377 io
1476 1326 1527 1377 se·

462 1452 563 1513 creto
582 1438 808 1534 conscripsit.
827 1436 902 1513 llos
917 1436 1014 1511 enim
1034 1449 1202 1511 esserunt
1222 1436 1381 1509 maxime
1400 1455 1421 1505 e
1438 1451 1530 1529 pree·

458 1565 637 1641 dicatiooe
672 1564 915 1640 ecclesiastiea
946 1562 1174 1658 discrepare:
1196 1583 1242 1635 ex
1266 1560 1324 1633 his
1354 1558 1529 1658 praecipue

457 1692 573 1774 libris,
595 1715 687 1790 quos
717 1689 934 1767 Periorcltou
964 1690 1181 1778 attitulavit;
1206 1690 1244 1763 in
1268 1686 1400 1787 quibus
1418 1707 1531 1783 quam·

458 1818 612 1918 plurima
641 1842 662 1893 a
691 1817 1013 1894 calumniatoribus
1044 1818 1266 1911 incusantur.
1293 1816 1340 1919 ln
1371 1814 1427 1888 bis
1456 1832 1531 1909 ergo

457 1946 546 2042 ipsis
565 1947 660 2021 inter
684 1946 872 2043 principia,
888 1944 985 2043 quali
1007 1944 1233 2041 expositione
1261 1941 1343 2017 lidei
1374 1964 1459 2017 usus
1477 1940 1530 2022 sit,

457 2072 706 2169 proferemus:
727 2086 807 2147 tum
831 2072 960 2147 deinde
986 2086 1024 2147 et
1048 2094 1095 2145 ex
1119 2070 1177 2145 his
1200 2070 1372 2170 sparsim,
1397 2068 1453 2145 rel
1476 2088 1532 2165 per

457 2200 556 2296 ipsos
588 2200 718 2289 libros,
750 2201 808 2275 vel
837 2214 980 2275 ceteros
1008 2200 1135 2286 sensit,
1160 2199 1440 2298 assignabimus,
1459 2217 1532 2273 eum

457 2328 761 2424 praedicationem
794 2328 1030 2427 apostolicam
1060 2329 1273 2405 custodisse.
1303 2352 1320 2399 n

563 2453 679 2544 Quam
700 2479 807 2554 porro
831 2456 1000 2549 injuriose
1027 2456 1200 2531 adversus
1226 2455 1422 2553 Origenem
1447 2451 1535 2528 oblo-

457 2595 563 2658 cutus
596 2583 645 2660 sit
676 2582 868 2659 Marcellus
892 2584 1116 2683 Ancyranus,
1141 2606 1188 2657 ex
1208 2582 1455 2659 contutatione
1470 2578 1535 2655 llu-

456 2709 545 2785 sebii
573 2712 910 2810 comprehenditur;
928 2712 981 2787 nti
1001 2734 1066 2793 eno
1085 2710 1165 2785 loco
1189 2708 1341 2807 patebit.
1362 2708 1465 2799 Quod
1483 2730 1533 2781 au·

455 2854 533 2914 tem
561 2839 614 2913 ait
635 2863 668 2912 s.
688 2837 850 2935 Martyr,
879 2839 1074 2935 Origenem
1099 2838 1230 2912 citatos
1250 2836 1364 2910 libros
1384 2862 1450 2937 pcc
1466 2858 1536 2933 spu·

457 2965 547 3039 tium
569 2981 604 3039 ct
622 2966 773 3064 quictem
789 2965 828 3038 in
845 2980 977 3039 semoto
995 2964 1252 3062 conscripsisse,
1267 2986 1375 3037 nemo
1395 2963 1534 3060 cogitet,

457 3091 648 3167 nonnullas
682 3092 889 3189 peregrinos
922 3092 1133 3191 opiniones,
1164 3102 1227 3164 ent
1250 3090 1450 3189 quidquam
1477 3112 1534 3163 va-

454 3220 585 3295 riuma
605 3218 783 3295 catholica
802 3219 873 3295 lide
894 3220 1121 3295 introducere
1147 3218 1306 3293 voluisse
1322 3217 1537 3302 Auctorem3

454 3346 571 3444 quasi,
608 3347 740 3422 ceteris
769 3347 986 3423 tractatibus
1015 3346 1099 3421 huie
1126 3344 1344 3421 Periorcbon
1374 3346 1537 3442 aequipa-

454 3475 557 3562 ratis,
587 3473 680 3549 alius
704 3473 813 3551 luerit
834 3487 976 3550 secreto
999 3474 1173 3571 Origenes
1194 3474 1230 3548 in
1250 3476 1326 3547 suis
1357 3470 1535 3552 doctrinis,

457 3624 567 3698 quam
590 3602 712 3699 palam
737 3602 990 3700 profitebatur.
1013 3600 1082 3676 Per
1101 3601 1185 3677 illud
1211 3624 1368 3698 namque
1388 3602 1536 3699 spatium

454 3743 489 3803 ct
518 3730 671 3827 quictem
700 3755 732 3804 s.
769 3728 907 3827 blartyr
940 3753 1009 3803 uon
1041 3742 1115 3805 tem
1149 3736 1353 3823 sejunctum
1383 3726 1431 3803 ab
1464 3725 1537 3801 aliis

453 3853 637 3930 laboribus
665 3855 909 3932 consideravit
939 3856 1149 3943 Auctorem,
1169 3870 1343 3954 quantum
1366 3854 1536 3931 materiae

454 3998 679 4060 momentum
709 4000 747 4060 et
773 3984 1045 4071 difficultatem,
1076 3990 1224 4085 ejusque
1255 3984 1486 4061 sedulitatem
1505 3981 1536 4053 iu

453 4110 523 4185 boc
546 4112 724 4211 explendo
752 4114 890 4211 Opere,
923 4114 1089 4188 dissimili
1119 4114 1222 4189 valde
1255 4138 1275 4187 a
1304 4111 1534 4189 catechistico

452 4260 638 4325 sermone,
654 4256 733 4317 eta
761 4240 1029 4341 Scripturarum
1052 4240 1292 4339 expositione.
1313 4240 1383 4316 Sed
1403 4241 1449 4314 de
1468 4238 1534 4320 bis,

452 4366 558 4442 sicuti
585 4369 631 4444 de
659 4368 807 4466 reliquis
835 4391 987 4466 agemus
1014 4393 1081 4445 suo
1109 4368 1213 4455 loco,
1238 4366 1299 4443 nbi
1328 4364 1533 4463 singillatim

448 4494 559 4569 citata
588 4495 820 4572 excutientur
837 4510 1067 4595 argumenta.
1090 4494 1356 4572 Tantummodo
1373 4492 1458 4567 binc
1483 4489 1532 4563 lc·
