3375 5567
187 799 278 858 rator
298 796 406 858 omnta
428 793 468 856 att
490 793 720 875 perlectionem
742 792 906 874 pertinxit.
929 791 1077 858 Seenntlo
1098 811 1175 856 vero
1191 792 1291 858 stote:

186 893 282 960 «Sei
304 894 477 959 ridendum
499 904 548 959 est
568 913 608 959 no
630 893 715 960 torte
737 898 837 976 magis
858 895 939 959 illud
961 894 1103 960 indicare
1132 895 1292 973 rideatur,

184 996 269 1078 qnod
288 998 374 1063 sieut
396 1000 428 1061 in
448 995 703 1062 Deuteronomio
724 996 905 1061 evidentior
926 1004 958 1062 et
980 996 1180 1060 manifestior
1199 996 1294 1077 legis·

181 1098 259 1164 latio
280 1098 481 1176 deelaratur,
503 1115 603 1178 quarn
624 1099 655 1162 in
677 1099 738 1174 hle,
761 1117 846 1180 qnae
868 1098 973 1180 primo
993 1099 1113 1178 scripta
1135 1106 1227 1162 sunt:
1251 1097 1295 1160 ite

181 1204 213 1262 et
233 1199 274 1262 ab
294 1217 334 1263 eo
355 1197 497 1262 adventu
519 1197 709 1276 Salratoris‚
731 1217 829 1280 quem
851 1199 883 1260 in
905 1199 1088 1263 humilitate
1103 1198 1292 1280 complevit,

181 1319 253 1366 enm
277 1300 414 1364 lormsm
434 1302 523 1364 serri
543 1300 697 1382 suscepit,
720 1301 842 1364 clarior
863 1300 919 1364 ille
940 1308 974 1366 et
993 1299 1166 1382 gloriosior
1180 1318 1310 1364 secun·

182 1401 241 1466 dns
262 1401 294 1465 in
309 1402 413 1482 gloria
437 1400 542 1465 Patris
555 1401 627 1482 ejus
648 1401 810 1467 indicetur
824 1401 997 1476 adrentus,
1019 1409 1052 1465 et
1064 1401 1094 1464 ln
1115 1400 1173 1466 ille
1190 1401 1293 1465 torma

180 1500 425 1567 Deuteronomii
457 1503 686 1583 compleatur,
708 1519 784 1566 eum
815 1503 846 1564 in
868 1519 967 1582 regno
1000 1503 1168 1567 onelorenr
1193 1503 1295 1568 saneti

181 1623 292 1669 ornnes
312 1605 436 1669 aeterni
457 1603 547 1669 illins
567 1604 736 1685 Evangelii
756 1605 883 1685 legibus
905 1606 1023 1669 visent.
1045 1603 1086 1668 Et
1106 1607 1190 1670 sient
1211 1623 1296 1670 none

180 1705 365 1782 adveniens,
379 1690 497 1786 Legem
518 1706 666 1786 implevit
679 1723 764 1783 eam,
782 1724 867 1786 qnae
885 1705 1034 1769 umbram
1055 1706 1152 1770 habet
1166 1705 1297 1771 lntnro·

181 1827 254 1872 rum
277 1807 438 1872 bonorum
448 1827 461 1887 3
484 1807 527 1870 ita
548 1816 582 1871 et
601 1825 661 1889 per
680 1807 776 1870 ilium
790 1805 970 1888 gloriosum
991 1803 1167 1870 adrentum
1182 1805 1296 1889 imple·

180 1908 283 1986 bitur,
304 1916 338 1972 et
351 1909 391 1972 ad
413 1905 595 1990 perlectum
609 1908 793 1973 adducetur
813 1907 912 1990 hujus
927 1907 1085 1972 adventus
1107 1906 1296 1973 umbrella

180 2012 266 2076 enim
285 2013 369 2076 dixit
393 2010 555 2090 Propheta
577 2011 617 2081 de
637 2030 697 2076 eo:
725 2008 868 2091 Spiritus
888 2011 995 2074 nultus
1021 2007 1123 2072 nostri
1154 2005 1298 2073 Christus

179 2109 349 2189 Dominsr,
370 2109 425 2174 ersi
444 2109 600 2189 diximus,
621 2111 699 2194 quin
718 2110 755 2175 io
775 2110 888 2176 emim
908 2111 976 2194 rjus
995 2109 1130 2174 morasus
1144 2109 1180 2174 in
1199 2109 1298 2190 proti·
1369 2143 1372 2149 ·

178 2212 233 2278 ina
238 2234 253 2294 3
270 2231 346 2278 enm
368 2214 491 2278 seilicet
505 2213 546 2276 ab
567 2212 746 2294 Evangelio
766 2213 937 2295 temporali
958 2213 1085 2295 dignius
1100 2228 1210 2276 omnes
1224 2228 1296 2274 snu-

180 2325 250 2380 etos
281 2313 323 2378 sn
351 2313 566 2395 Evangelinm
597 2320 767 2380 aeternum
793 2315 984 2393 transferet,
1005 2313 1184 2380 seeundum
1208 2310 1298 2393 qnod

182 2417 325 2484 ioannes
345 2418 380 2481 ln
400 2416 597 2503 Apocalypsi
618 2417 659 2480 de
679 2425 813 2481 aeterno
833 2415 1012 2498 Evangelio
1033 2415 1222 2497 designarit.
1242 2434 1258 2473 n

262 2519 370 2598 Quam
390 2537 492 2600 porro
513 2520 683 2602 perspicue
703 2538 737 2583 se
759 2519 888 2594 nabmt,
911 2518 1145 2599 eontextolque
1175 2512 1299 2580 enitor·

181 2639 268 2687 mem
281 2622 342 2686 ista
355 2621 593 2704 interpretatio,
609 2621 754 2704 cujusvis
774 2621 880 2685 oeulis
894 2620 1040 2685 lucescit.
1060 2617 1142 2684 Cum
1158 2635 1298 2698 namque

181 2721 440 2787 manilestissime
460 2721 884 2788 dixeritDenteronominm
906 2719 1122 2804 spiritualiter
1136 2718 1299 2799 evangeli·

181 2839 254 2888 eam
275 2823 542 2905 dispensationem
565 2831 824 2907 repraesentare,
844 2841 982 2904 eamque
1005 2822 1195 2905 perteetam3
1215 2820 1299 2885 ulte·

182 2926 253 2990 rins
274 2924 424 3006 graditur
447 2927 604 3008 Origenes
626 2927 778 3009 inhujus
810 2927 857 2990 rol
879 2927 1033 3011 mysterio
1054 2923 1297 3004 investigendn3

181 3036 215 3093 et
228 3028 276 3092 ait
289 3045 354 3093 non
373 3028 481 3092 solnm
496 3026 722 3111 Redemptoris
743 3029 922 3094 adventum
936 3028 979 3090 ibi
997 3025 1206 3106 praesignari,
1222 3042 1298 3088 cnm

180 3126 272 3195 servi
295 3129 433 3195 lormam
453 3131 633 3213 snseeperit
644 3151 656 3211 3
678 3129 734 3194 setl
755 3135 788 3194 et
809 3147 869 3210 per
889 3146 941 3204 ea,
963 3145 1048 3209 qnae
1062 3126 1146 3189 laeta
1168 3132 1244 3188 snut
1257 3123 1297 3186 nd

182 3232 279 3315 legis
305 3233 545 3298 observantiam
566 3240 659 3298 antea
688 3247 749 3314 per
769 3230 928 3316 ltlnpsen,
950 3229 1064 3294 deinde
1093 3245 1152 3309 per
1172 3225 1273 3290 losne
1285 3247 1296 3305 3

181 3355 244 3419 per
259 3337 353 3412 haee,
368 3335 486 3416 innuit,
497 3334 670 3416 significari
684 3335 911 3415 gloriosiorem
925 3329 1101 3395 adventum
1115 3326 1234 3394 Christi
1248 3344 1298 3391 se·

183 3437 348 3503 eundumr
371 3437 470 3502 etsie
491 3447 569 3502 tune
590 3436 744 3516 temporis
764 3435 923 3514 compleri
944 3435 977 3498 ln
998 3435 1068 3513 ipso
1093 3427 1298 3494 Deuterono-

182 3539 239 3604 mli
262 3540 414 3616 formam,
435 3557 511 3605 eum
532 3555 642 3603 omnes
662 3537 778 3612 saneti,
799 3538 889 3601 itlius
911 3532 1080 3614 Evangelii
1101 3531 1228 3612 legibus
1252 3532 1297 3594 ri·

185 3647 277 3715 rent,
297 3640 381 3705 idest
399 3657 475 3706 unm
497 3638 679 3721 regnabunt
697 3655 808 3702 omnes
828 3636 930 3701 saneti
952 3641 1110 3717 perpetuo
1132 3631 1163 3695 in
1185 3631 1299 3698 tuturo

184 3742 298 3807 seenlo
319 3759 396 3806 enm
416 3739 557 3807 Christo.
579 3740 670 3806 Dixit
689 3748 799 3807 antem
819 3739 977 3820 Origenes
992 3737 1037 3815 (et
1057 3738 1084 3800 is
1104 3751 1146 3800 ex
1167 3733 1300 3802 loannis

185 3843 396 3929 Apocalypsi)
410 3840 622 3924 Euangeliou
636 3853 797 3906 aeteram
810 3860 853 3906 ex
867 3841 1005 3906 adverso
1026 3839 1185 3904 mosaicae
1207 3835 1296 3917 Legi,

185 3961 272 4025 qnae
287 3942 327 4007 att
345 3951 471 4026 tempus
486 3944 710 4009 tantummono
724 3942 928 4026 perduravit.
945 3939 989 4006 Et
1001 3942 1088 4006 sient
1100 3957 1198 4014 enno,
1213 3955 1302 4000 nem·

182 4062 225 4126 pe
246 4046 353 4128 primo
375 4053 522 4127 ternpore
540 4046 713 4110 adveniens
735 4044 885 4111 Christus
900 4042 1017 4124 Legem
1039 4043 1231 4123 eomplevtt,¹
1244 4041 1298 4102 bo·

183 4163 225 4210 na
242 4147 354 4212 lutura
371 4149 657 4230 praefigurantem
671 4150 716 4213 tta
730 4145 921 4213 insecundo
935 4146 1077 4209 adventu
1093 4153 1126 4206 et
1136 4159 1214 4208 sane
1229 4141 1301 4221 glo·

185 4252 274 4314 rioso
294 4266 332 4313 ea
354 4252 436 4315 bona
459 4252 571 4317 intnrs
593 4251 919 4317 consummabuntur:
944 4248 1037 4321 idest,
1051 4263 1138 4308 onor
1158 4241 1300 4308 mermes

183 4367 242 4430 prr
261 4355 424 4433 speratum
447 4361 525 4419 tune
540 4350 622 4420 leole
641 4354 681 4416 ad
696 4353 825 4428 faeiem,
848 4352 885 4414 iis
900 4351 991 4412 bonis
1012 4345 1320 4424 existimationes.

188 4453 408 4533 sperabamus.
438 4454 511 4519 lion
530 4462 639 4519 antem
662 4454 737 4531 liet,
759 4469 835 4516 eum
856 4449 894 4514 ni
915 4447 1092 4530 Evangelio
1110 4444 1277 4529 temporati
1289 4489 1301 4518 ,

191 4567 267 4620 enm
288 4573 402 4641 nempe
421 4557 464 4621 ab
483 4557 547 4622 troo
566 4556 687 4626 Christi
709 4573 821 4637 regno,
844 4554 876 4618 in
898 4571 965 4634 quo
994 4551 1115 4634 degunt
1135 4545 1300 4615 christiani
