3375 5567
425 687 468 756 ω
770 794 775 801 ’
878 804 1018 874 creor
1039 804 1095 874 rr.

429 1005 537 1071 Cetera
557 1009 766 1073 ittustrcntnr
787 1009 935 1094 Oriprnis
956 1014 1147 1093 testimonia,
1168 1016 1203 1079 iu
1223 1018 1336 1099 quibas
1357 1038 1475 1083 errasse
1493 1019 1534 1083 n'-

465 1106 552 1174 citur'
571 1112 658 1175 circa
689 1114 875 1194 nupciarum
910 1115 1118 1181 conditionem
1149 1136 1316 1203 eorumque
1337 1121 1533 1186 ministerium

467 1232 543 1294 erpa
557 1212 706 1278 beminen.

432 1468 530 1591 Post
552 1526 632 1596 baec
653 1526 684 1587 ln
704 1526 851 1590 eamdem
882 1526 1090 1607 pergentibus
1112 1528 1348 1612 quaestionem,
1372 1529 1439 1593 duo
1459 1528 1539 1592 nobis

430 1628 632 1709 objiciuntur
653 1628 831 1689 testimonia
854 1634 947 1691 eruta
970 1626 1011 1690 ab
1028 1624 1177 1691 llomiliis
1200 1626 1537 1695 >tribunitiis

432 1728 570 1803 lucum
586 1748 727 1809 quarum
744 1729 850 1792 versio
872 1728 970 1790 latina
986 1730 1028 1791 ob
1043 1731 1227 1809 interpretis
1243 1732 1404 1795 incuriam
1420 1739 1477 1794 aut
1494 1750 1540 1795 co·

432 1832 539 1895 ilicum
563 1831 751 1893 varietatem
774 1830 914 1909 quadarn
940 1830 1068 1893 laborat
1094 1832 1315 1912 obscuritate;
1342 1852 1383 1897 ac
1404 1843 1539 1897 nostrum

430 1935 576 1997 imminui
593 1932 724 1995 ridetur
742 1932 952 2013 propositum.
973 1930 1126 2012 Attamen
1148 1951 1210 1997 nnn
1231 1944 1279 1997 est
1292 1940 1541 2017 praetermitten-

432 2038 472 2099 da
496 2036 667 2114 utriusque
696 2034 867 2113 expositio.
893 2034 927 2097 ln
959 2030 1098 2097 Humilia
1122 2032 1211 2098 xttt.
1237 2035 1368 2099 verbis:
1397 2037 1482 2119 sueta
1503 2046 1541 2099 cst

433 2137 601 2201 multitudo
622 2134 778 2197 exercitur
799 2134 950 2211 eoelestis,
966 2136 1131 2201 rannone
1153 2138 1430 2201 consideratis-ab
1443 2138 1543 2220 Orige-

435 2258 486 2314 ne,
503 2238 624 2318 inquits
639 2260 655 2296 n
671 2236 704 2300 Si
723 2236 881 2300 audacter
902 2235 1032 2318 expedit
1047 2236 1139 2316 loqui
1155 2228 1407 2320 scripturarum
1427 2258 1542 2303 semum

433 2342 598 2422 sequenti,
617 2336 837 2423 persingulas
859 2338 1018 2402 ecclesias
1032 2338 1096 2400 bini
1128 2346 1203 2402 suut
1223 2340 1383 2421 episcopi,
1405 2341 1486 2404 alius
1506 2340 1543 2400 ri·

433 2444 548 2519 sibilis,
564 2443 648 2505 alius
663 2438 842 2518 invisibilis,
864 2440 921 2505 ille
943 2430 1025 2504 risui
1042 2444 1163 2516 carnis,
1178 2442 1230 2505 lrie
1250 2442 1361 2506 sensui
1378 2450 1495 2526 pateus.
1509 2442 1543 2506 Et

436 2544 601 2626 quomodo
622 2544 733 2617 bomo,
749 2536 778 2604 si
791 2538 992 2603 commissam
1006 2540 1065 2604 sibi
1082 2542 1366 2623 dispensationem,
1384 2546 1464 2610 benc
1483 2562 1544 2626 ege·

438 2647 491 2722 rit,
512 2642 671 2707 laudatur
685 2662 702 2705 a
718 2640 879 2721 Domin05
895 2642 920 2705 si
936 2642 1033 2717 male,
1049 2642 1164 2723 culpae
1186 2654 1218 2706 et
1237 2644 1315 2708 ritln
1336 2646 1494 2727 subjacet,
1507 2648 1544 2710 sie

436 2756 468 2810 ct
489 2744 635 2825 angelus.
652 2742 880 2825 scriptumest
903 2744 985 2806 enirn
1002 2746 1033 2806 in
1049 2742 1243 2827 Apocalypsi
1261 2744 1418 2812 loannis:
1434 2748 1485 2812 red
1502 2746 1547 2809 ln·

434 2848 484 2911 bes
503 2844 548 2910 ibi
562 2845 692 2909 nominc
708 2862 925 2925 penemeos
940 2845 1131 2926 polluerunt
1144 2843 1230 2908 iliud
1242 2848 1291 2909 cet
1309 2846 1418 2923 ittam·
1440 2859 1470 2913 et
1484 2866 1545 2911 rnr-
1584 2910 1585 2925 ,

435 2971 511 3017 sus:
526 2950 617 3013 iubes
637 2948 693 3026 ibi,
710 2946 769 3029 qui
788 2947 968 3012 doctrinam
982 2946 1217 3013 Nicolaitcrum
1238 2952 1394 3015 doacus.-
1415 2970 1453 3015 ac
1473 2950 1548 3015 icin-

438 3054 497 3115 ne.-
510 3037 604 3114 bobcs
624 3049 684 3112 itta
704 3049 754 3111 ccl
763 3058 894 3129 peccatu
905 3046 1064 3129 facientes.
1083 3048 1123 3113 Et
1139 3054 1470 3134 accusanturangcli‚
1486 3052 1546 3133 qui·

438 3155 500 3217 bus
516 3151 663 3231 ‚creditae
683 3155 758 3213 suut
779 3150 945 3213 ecclesiae.
962 3146 995 3214 Si
1016 3158 1125 3214 autem
1147 3152 1267 3231 augelis
1286 3152 1476 3218 sollicitudo
1495 3145 1545 3225 est,

440 3248 605 3336 quomode
620 3252 842 3333 gubernentur
858 3251 1026 3329 ecciesiae,
1050 3244 1278 3331 quid'neeesse
1300 3254 1348 3318 e'st
1370 3257 1411 3321 de
1426 3254 1548 3319 bomini-

437 3357 499 3418 bus
520 3355 642 3427 dicere,
663 3362 820 3432 qnantum
842 3359 963 3415 metum
988 3352 1124 3415 babeant
1142 3358 1182 3416 ut
1197 3356 1316 3434 possint
1338 3374 1415 3419 curu
1438 3354 1546 3436 angelis

438 3454 662 3520 laborantibus
676 3452 861 3517 laborantes
882 3453 1019 3517 salutem
1036 3456 1189 3535 consequi
1202 3453 1220 3519 ‘i
1243 3454 1309 3537 Eg'o
1326 3470 1407 3538 putu
1424 3456 1546 3519 inveniri

439 3556 536 3620 simul
560 3574 653 3637 posse
672 3562 705 3617 et
725 3554 877 3635 angelum
898 3564 929 3616 et
952 3554 1113 3616 bominem
1136 3558 1234 3620 bunos
1255 3556 1415 3621 eeclesiae
1436 3560 1546 3637 cpiscn

441 3677 510 3739 pos,
534 3665 566 3719 et
587 3656 828 3739 quodammodo
851 3656 945 3719 unlus
967 3658 1156 3737 operisesse
1172 3658 1353 3739 participes.
1373 3658 1548 3735 Quodnam

440 3762 482 3824 ita
505 3760 557 3835 sit,
581 3768 728 3839 petamus
749 3758 1001 3841 omnipotentem
1025 3754 1146 3837 Deurn,
1171 3767 1205 3823 ut
1231 3760 1336 3841 anguli
1359 3770 1394 3823 et
1416 3760 1549 3823 homines

441 3861 653 3925 ecclesiarum
675 3860 829 3941 episcopi,
853 3858 1039 3939 adjumento
1056 3860 1118 3922 sint
1139 3859 1253 3940 nobis3
1270 3870 1302 3924 et
1322 3863 1464 3925 sciamus
1478 3878 1550 3940 qun·

442 3964 526 4024 niam
557 3964 691 4040 utrique
714 3980 772 4041 pro
803 3961 893 4024 nubis
914 3979 932 4023 a
956 3960 1093 4025 Domino
1112 3961 1311 4042 judicentur.
1347 3960 1444 4038 Quod
1465 3964 1490 4024 si
1509 3959 1549 4021 illi

439 4065 559 4128 inerint
577 4062 728 4142 judicati,
744 4070 776 4126 et
799 4064 913 4127 vitium
935 4075 1035 4147 atqua
1051 4072 1220 4143 peceatum
1244 4082 1306 4127 non
1328 4065 1358 4127 in
1380 4081 1496 4127 eornm
1511 4062 1550 4122 in·

441 4166 549 4239 curia,
569 4164 624 4226 sed
646 4166 677 4225 in
699 4173 808 4226 nostra
831 4165 1023 4245 negligentia
1046 4164 1144 4227 tuerit
1166 4166 1345 4240 inventum,
1373 4184 1430 4229 nos
1444 4180 1549 4242 argue·

443 4284 519 4328 mur
539 4273 636 4344 atque
659 4264 853 4343 plectemur,
876 4273 938 4329 etc.
962 4286 996 4322 »⁴

524 4360 605 4427 Cum
628 4363 819 4444 itaquedun
840 4363 945 4446 angeli
967 4367 1122 4446 episcopi,
1146 4382 1230 4427 unus
1254 4363 1397 4440 visibilis,
1421 4358 1548 4424 invisibi-

442 4464 482 4526 lis
503 4463 588 4526 alter
610 4464 759 4527 dicautur
780 4466 822 4528 ibi
844 4485 992 4545 pracesse
1014 4466 1170 4541 eeclesiis,
1186 4474 1311 4530 constat
1332 4466 1362 4525 in
1384 4462 1491 4541 primis
1505 4459 1546 4519 ln·

444 4564 500 4645 qui
530 4564 702 4644 origenem
728 4564 767 4626 de
784 4567 905 4659 'angelo
925 4567 1076 4649 episcopo
1104 4566 1220 4631 risibili
1246 4565 1326 4631 idest
1347 4564 1386 4628 dn
1408 4560 1543 4630 bomine,
