3375 5567
459 822 526 894 pta,
549 829 624 878 cum
647 831 784 895 regnum
800 813 858 879 Dei
879 816 1045 898 possidere
1066 833 1128 877 non
1151 815 1262 894 possit,
1284 829 1345 892 per
1365 803 1578 892 regeneratio·

460 934 549 992 nem,
568 917 833 980 instaurationem
849 925 881 980 et
897 920 1106 982 mutationem
1121 916 1275 981 divinitus
1291 919 1464 996 patratum,
1485 913 1579 996 perd·

461 1018 572 1082 cienda
584 1025 649 1094 est,
672 1026 708 1081 ut
730 1021 1007 1084 resurrectionem
1020 1028 1215 1099 assequatur
1235 1017 1274 1078 ad
1289 1015 1578 1094 immortalitatem

460 1117 605 1199 alionum
623 1109 742 1183 Christi
760 1121 946 1201 triumphus
968 1122 1000 1184 in
1022 1129 1160 1183 mortem
1176 1117 1381 1190 mentiretur,
1397 1116 1456 1179 nisi
1473 1133 1579 1179 resur-

462 1223 565 1285 rectio
587 1213 645 1303 per
667 1223 749 1284 hono
771 1222 863 1285 deret
883 1225 1172 1303 regenerationem.

542 1322 694 1386 Ceterum
710 1324 899 1405 nnjnsmodt
916 1325 1092 1387 formulam
1107 1343 1183 1386 coro
1195 1321 1368 1403 strnounic
1382 1322 1480 1385 talem
1491 1339 1579 1402 prae·

462 1425 548 1488 terre
568 1435 697 1488 sensum
720 1427 939 1507 corruptionis
961 1445 1076 1508 nempe
1097 1434 1234 1488 naturae
1256 1426 1432 1498 durnanae,
1453 1444 1496 1486 ex
1517 1441 1580 1503 qno

389 1601 393 1610 Ι
446 1524 566 1589 Ἀᾱιιιι
595 1524 662 1589 Deo
685 1527 815 1590 rebeliis
845 1548 863 1590 e
885 1528 1093 1609 perfectionis
1113 1535 1200 1590 statu
1223 1527 1361 1602 decidit,
1384 1544 1422 1589 ac
1443 1535 1579 1589 mortem

460 1627 579 1703 subiit,
604 1637 646 1690 er
667 1628 739 1690 otiis
760 1627 950 1709 scripturae
978 1629 1166 1692 testimoniis
1190 1630 1358 1710 probatur.
1392 1629 1439 1691 ad
1466 1627 1580 1692 Roma·

463 1748 520 1792 nos
547 1749 574 1811 ρ.
598 1717 685 1792 Vttt.
708 1727 738 1794 6.
762 1731 838 1793 dicit
861 1729 1060 1811 Apostolus:
1083 1727 1257 1810 prudentio
1287 1729 1398 1794 cornis
1419 1749 1505 1792 mors
1530 1737 1579 1792 cst.

462 1823 667 1917 Bon-Syracu
688 1833 720 1893 in
742 1831 969 1895 Ecclesiastico
985 1851 1012 1897 c.
1036 1829 1123 1895 xtv.
1140 1833 1265 1912 inquit:
1287 1829 1450 1913 promotio
1478 1831 1582 1896 coroir

463 1931 691 2013 recordationi,
715 1933 762 1996 uti
785 1933 884 2014 punio
907 1942 981 1996 ante
1002 1930 1214 2008 dixit,omois
1235 1949 1310 1995 coro
1322 1941 1360 1994 ret
1380 1933 1514 2013 {oenum
1536 1951 1579 1994 oe-

460 2042 600 2098 ternscet.
626 2033 705 2099 item
726 2034 914 2118 synagogae
935 2037 1093 2116 magistri:
1116 2037 1221 2116 angeli
1235 2045 1320 2099 stent
1342 2037 1374 2098 in
1396 2043 1578 2108 aeternnm,

462 2138 624 2218 inquiunt,
647 2156 708 2218 ego
731 2157 810 2202 vero
831 2155 909 2200 caro
930 2146 963 2201 et
983 2141 1113 2218 sangnis
1135 2139 1231 2202 hodie
1251 2146 1321 2215 sto,
1343 2157 1416 2202 cras
1448 2141 1581 2202 moritu·

463 2257 560 2302 rus.»
576 2237 622 2301 ita
645 2248 813 2320 praeterea
830 2258 871 2302 ex
887 2239 1045 2320 dpostolo
1059 2239 1189 2315 ibidem,
1208 2239 1287 2320 quin
1302 2239 1342 2304 de
1357 2239 1493 2304 coelesti
1514 2241 1581 2302 ben·

462 2341 599 2405 titudine
620 2340 805 2415 dissereret,
829 2341 1018 2404 universnm
1041 2341 1322 2420 comprehendisse
1344 2354 1445 2422 genos
1468 2343 1579 2405 duma·

463 2457 540 2506 unm
562 2445 594 2507 in
617 2459 716 2523 regno
739 2439 796 2505 Dei
820 2443 1090 2523 resuscitandum
1113 2442 1315 2524 proindeque
1337 2444 1464 2525 peceati
1481 2444 1578 2523 tegern

461 2545 493 2606 in
506 2553 605 2608 carne
629 2545 898 2622 mortificandum,
913 2554 949 2608 nt
968 2545 1059 2608 solus
1076 2554 1186 2625 regnet
1197 2543 1363 2619 Christus,
1385 2547 1504 2610 stituit
1519 2547 1580 2627 ipsa

462 2645 622 2726 Origenes
636 2643 672 2708 in
691 2645 866 2726 Epictetum
886 2648 929 2710 nd
948 2643 1106 2710 Romanos
1119 2645 1188 2708 Lib.
1211 2642 1250 2709 V.
1274 2665 1305 2709 n.
1319 2643 1369 2714 10,
1393 2649 1424 2710 in
1445 2649 1486 2712 iis
1503 2665 1581 2730 quae

463 2747 586 2812 Paulus
601 2747 683 2810 idem
699 2749 764 2810 ait:
783 2764 866 2810 mors
884 2747 913 2811 ai
925 2749 1014 2812 uitro
1029 2767 1093 2811 ooo
1108 2746 1334 2812 nominatior:
1354 2747 1495 2814 «Potest
1508 2765 1581 2830 argo

463 2851 535 2930 quis
556 2851 818 2929 compendiosius
839 2851 869 2911 in
892 2851 941 2912 iris
962 2841 1082 2926 dicere,
1101 2847 1176 2930 quin
1201 2851 1255 2913 htc
1275 2859 1416 2927 mortem,
1439 2870 1579 2915 commu·

462 2961 533 3013 nem
547 2952 628 3013 hanc
644 2951 722 3013 dicit
743 2957 775 3014 et
792 2951 941 3029 mediam,
963 2970 1027 3034 qna
1044 2959 1194 3016 mortuns
1215 2961 1275 3027 est,
1292 2955 1375 3016 sicut
1391 2953 1480 3016 idern
1497 2954 1575 3034 Apo

461 3051 565 3115 stolus
592 3052 668 3115 dicit
688 3052 862 3114 secuudum
884 3047 1082 3133 Scripturas,
1104 3061 1137 3116 et
1158 3054 1237 3116 nihii
1258 3054 1435 3116 absurdum
1462 3054 1577 3126 rideri,

464 3155 489 3215 si
512 3143 563 3229 is,
587 3153 645 3234 qui
678 3153 816 3216 formam
837 3153 924 3216 servi
950 3161 1159 3235 susceperat,
1182 3155 1382 3218 dominatum
1412 3155 1580 3236 pertulerit

462 3256 601 3330 mortis,
621 3272 707 3336 qnae
735 3256 802 3319 sine
824 3255 924 3319 dubio
946 3252 1133 3320 dominatur
1153 3255 1322 3332 omnibns,
1346 3257 1403 3337 qui
1431 3257 1465 3320 in
1488 3275 1578 3321 carue

464 3355 558 3438 positi
587 3357 648 3420 sud
669 3354 780 3420 serriii
812 3356 916 3420 torma
938 3367 1121 3420 censentur.
1154 3355 1217 3422 Sed
1238 3366 1270 3422 et
1303 3358 1384 3422 iiind
1416 3361 1580 3423 assertioni

465 3459 543 3522 ituic
565 3457 716 3539 adjacet,
736 3459 823 3538 qnod
855 3464 1028 3540 propterea
1051 3459 1154 3523 torma
1179 3461 1387 3537 decessui,
1409 3461 1494 3524 idest
1518 3462 1579 3541 ipso

458 3562 565 3623 ettam
595 3565 703 3623 nostro
726 3577 824 3636 caro,
845 3561 1028 3623 seminator
1047 3561 1079 3623 in
1107 3563 1330 3642 corruptione,
1355 3572 1391 3626 nt
1419 3571 1533 3643 surgat
1551 3561 1580 3622 in

466 3661 599 3736 virtute,
622 3668 655 3723 et
674 3659 854 3722 seminatur
874 3661 905 3722 in
927 3662 1136 3739 contumelia,
1157 3670 1195 3726 ut
1215 3670 1328 3743 surgat
1349 3664 1380 3724 iu
1403 3663 1531 3744 gioria,
1552 3669 1580 3724 et

462 3762 641 3826 seminatur
662 3779 781 3842 eorpus
800 3762 960 3841 unimam,
975 3768 1014 3827 ut
1037 3766 1187 3846 resurgat
1199 3783 1318 3845 corpus
1338 3765 1501 3846 spiritate,
1517 3762 1579 3826 aine

461 3862 581 3940 dubio,¹
599 3869 635 3928 nt
657 3883 743 3927 mors
766 3865 824 3946 ipsi
847 3865 935 3928 nitra
952 3881 1015 3929 non
1038 3865 1236 3947 dominetur3
1252 3884 1337 3948 qnae
1358 3866 1576 3931 dominataeat

459 3967 513 4040 'ei,'
532 3963 611 4029 dntn
632 3975 716 4030 esset
737 3967 768 4028 tn
789 3965 997 4041 indrmitrte,
1020 3974 1065 4030 et¹
1078 3967 1274 4031 contumelia
1297 3974 1329 4031 et
1360 3969 1577 4050 corruptione.

457 4064 509 4131 die
533 4067 588 4131 tot
609 4069 693 4131 enim
712 4079 824 4148 cerne,
849 4087 934 4152 quae
955 4069 1063 4134 adhuc
1085 4068 1118 4132 in
1138 4069 1188 4133 his
1209 4078 1258 4133 est
1275 4071 1460 4151 passionum
1483 4071 1574 4143 titiis,

457 4169 529 4249 ipse
559 4167 680 4234 Paulus
703 4171 770 4234 ait:
792 4170 870 4252 quin
891 4188 966 4236 roro
993 4179 1022 4234 et
1042 4168 1179 4252 scopuir
1198 4188 1329 4251 repostos
1350 4169 1409 4234 'liei
1424 4171 1577 4252 possidere

461 4287 525 4352 ravon
543 4277 690 4353 possunt,
713 4279 809 4354 nequi
837 4271 1001 4354 comptis
1022 4272 1293 4356 incorruptionem
1316 4271 1497 4354 possidebit.
1518 4269 1575 4336 Sed

463 4365 495 4436 ei
524 4375 612 4454 qnod
634 4374 710 4437 nttbt
728 4375 825 4438 ¹'idern
849 4374 1025 4457 Apostolos
1046 4370 1169 4457 corpus
1193 4372 1305 4438 mortis
1322 4374 1531 4449 nominarit,
1553 4375 1577 4438 is

464 4474 521 4556 qui
544 4475 629 4541 haec'
644 4476 757 4540 asserit
769 4489 779 4554 ,¹
800 4475 904 4558 hujus
926 4478 1050 4542 mediae
1076 4475 1189 4541 mnr'tts
1213 4475 1458 4557 intedigendum
1479 4478 1575 4548 dicit,

462 4577 547 4658 qnae
569 4575 792 4660 huiuscemodi
813 4581 946 4661 corpori
970 4577 1170 4659 dominatur,
1193 4580 1296 4645 donec
1314 4579 1450 4644 animate
1470 4586 1532 4657 est,
1545 4585 1575 4639 et
