<?xml version="1.0" encoding="UTF-8"?>
<!DOCTYPE html PUBLIC "-//W3C//DTD XHTML 1.0 Transitional//EN"
    "http://www.w3.org/TR/xhtml1/DTD/xhtml1-transitional.dtd">
<html xmlns="http://www.w3.org/1999/xhtml" xml:lang="en" lang="en">
 <head>
  <title>
</title>
<meta http-equiv="Content-Type" content="text/html;charset=utf-8" />
  <meta name='ocr-system' content='tesseract 3.04.00' />
  <meta name='ocr-capabilities' content='ocr_page ocr_carea ocr_par ocr_line ocrx_word'/>
</head>
<body>
  <div class='ocr_page' id='page_1' title='image "./insgregoriinyss02vincgoog/insgregoriinyss02vincgoog_0366.png"; bbox 0 0 3375 5567; ppageno 0'>
   <div class='ocr_carea' id='block_1_1' title="bbox 435 793 1543 4029">
    <p class='ocr_par' dir='ltr' id='par_1_1' title="bbox 449 793 1539 965">
     <span class='ocr_line' id='line_1_1' title="bbox 449 793 1539 877; baseline 0.006 -21"><span class='ocrx_word' id='word_1_1' title='bbox 449 794 538 857; x_wconf 86' lang='lat' dir='ltr'><strong>risos</strong></span> <span class='ocrx_word' id='word_1_2' title='bbox 556 793 617 858; x_wconf 85' lang='lat' dir='ltr'><strong>sibi</strong></span> <span class='ocrx_word' id='word_1_3' title='bbox 638 800 686 859; x_wconf 89' lang='lat' dir='ltr'><strong>est</strong></span> <span class='ocrx_word' id='word_1_4' title='bbox 705 810 832 859; x_wconf 84' lang='lat' dir='ltr'><strong>errasse</strong></span> <span class='ocrx_word' id='word_1_5' title='bbox 851 795 1027 877; x_wconf 77' lang='lat' dir='ltr'>Origenes:</span> <span class='ocrx_word' id='word_1_6' title='bbox 1050 794 1105 859; x_wconf 92' lang='lat' dir='ltr'><strong>sed</strong></span> <span class='ocrx_word' id='word_1_7' title='bbox 1127 814 1145 859; x_wconf 90' lang='lat' dir='ltr'><strong>a</strong></span> <span class='ocrx_word' id='word_1_8' title='bbox 1168 793 1299 859; x_wconf 82' lang='lat' dir='ltr'><strong>liaifloo</strong></span> <span class='ocrx_word' id='word_1_9' title='bbox 1320 796 1492 875; x_wconf 87' lang='lat' dir='ltr'><strong>emendata,</strong></span> <span class='ocrx_word' id='word_1_10' title='bbox 1513 798 1539 863; x_wconf 92' lang='lat' dir='ltr'><strong>in</strong></span> 
     </span>
     <span class='ocr_line' id='line_1_2' title="bbox 449 898 1031 965; baseline 0.005 -9"><span class='ocrx_word' id='word_1_11' title='bbox 449 904 575 959; x_wconf 91' lang='lat' dir='ltr'><strong>rectum</strong></span> <span class='ocrx_word' id='word_1_12' title='bbox 595 913 723 961; x_wconf 89' lang='lat' dir='ltr'><strong>sensum</strong></span> <span class='ocrx_word' id='word_1_13' title='bbox 745 916 901 963; x_wconf 81' lang='lat' dir='ltr'><strong>conversa</strong></span> <span class='ocrx_word' id='word_1_14' title='bbox 923 898 1031 965; x_wconf 83' lang='lat' dir='ltr'><strong>inisse.</strong></span> 
     </span>
    </p>

    <p class='ocr_par' dir='ltr' id='par_1_2' title="bbox 441 996 1543 2406">
     <span class='ocr_line' id='line_1_3' title="bbox 530 996 1538 1085; baseline 0.002 -24"><span class='ocrx_word' id='word_1_15' title='bbox 530 996 613 1061; x_wconf 81' lang='lat' dir='ltr'><strong>Cum</strong></span> <span class='ocrx_word' id='word_1_16' title='bbox 633 1000 744 1081; x_wconf 89' lang='lat' dir='ltr'><strong>itaqua</strong></span> <span class='ocrx_word' id='word_1_17' title='bbox 763 1001 807 1063; x_wconf 90' lang='lat' dir='ltr'><strong>ita</strong></span> <span class='ocrx_word' id='word_1_18' title='bbox 821 1018 857 1064; x_wconf 89' lang='lat' dir='ltr'><strong>se</strong></span> <span class='ocrx_word' id='word_1_19' title='bbox 878 1009 990 1081; x_wconf 87' lang='lat' dir='ltr'><strong>gerant</strong></span> <span class='ocrx_word' id='word_1_20' title='bbox 1009 1009 1144 1064; x_wconf 83' lang='lat' dir='ltr'><strong>mutuae</strong></span> <span class='ocrx_word' id='word_1_21' title='bbox 1165 1008 1198 1065; x_wconf 91' lang='lat' dir='ltr'><strong>et</strong></span> <span class='ocrx_word' id='word_1_22' title='bbox 1211 999 1331 1065; x_wconf 83' lang='lat' dir='ltr'><strong>Haffini</strong></span> <span class='ocrx_word' id='word_1_23' title='bbox 1353 1009 1386 1064; x_wconf 92' lang='lat' dir='ltr'><strong>et</strong></span> <span class='ocrx_word' id='word_1_24' title='bbox 1400 998 1538 1085; x_wconf 85' lang='lat' dir='ltr'><strong>Hierony·</strong></span> 
     </span>
     <span class='ocr_line' id='line_1_4' title="bbox 447 1101 1542 1182; baseline 0.002 -21"><span class='ocrx_word' id='word_1_25' title='bbox 447 1101 490 1161; x_wconf 88' lang='lat' dir='ltr'><strong>mi</strong></span> <span class='ocrx_word' id='word_1_26' title='bbox 512 1104 758 1181; x_wconf 73' lang='lat' dir='ltr'><strong>protestationes</strong></span> <span class='ocrx_word' id='word_1_27' title='bbox 787 1106 873 1167; x_wconf 89' lang='lat' dir='ltr'><strong>circa</strong></span> <span class='ocrx_word' id='word_1_28' title='bbox 897 1102 1070 1182; x_wconf 90' lang='lat' dir='ltr'><strong>utriusque</strong></span> <span class='ocrx_word' id='word_1_29' title='bbox 1094 1104 1236 1167; x_wconf 91' lang='lat' dir='ltr'><strong>studinm</strong></span> <span class='ocrx_word' id='word_1_30' title='bbox 1260 1105 1291 1166; x_wconf 93' lang='lat' dir='ltr'><strong>in</strong></span> <span class='ocrx_word' id='word_1_31' title='bbox 1319 1114 1468 1167; x_wconf 86' lang='lat' dir='ltr'><strong>accurata</strong></span> <span class='ocrx_word' id='word_1_32' title='bbox 1497 1101 1542 1165; x_wconf 83' lang='lat' dir='ltr'><strong>Pr·</strong></span> 
     </span>
     <span class='ocr_line' id='line_1_5' title="bbox 447 1198 1542 1285; baseline 0.005 -24"><span class='ocrx_word' id='word_1_33' title='bbox 447 1198 598 1265; x_wconf 81' lang='lat' dir='ltr'><strong>riorcdon</strong></span> <span class='ocrx_word' id='word_1_34' title='bbox 628 1204 914 1285; x_wconf 81' lang='lat' dir='ltr'><strong>interpretatione,</strong></span> <span class='ocrx_word' id='word_1_35' title='bbox 936 1204 1013 1284; x_wconf 91' lang='lat' dir='ltr'><strong>qnid</strong></span> <span class='ocrx_word' id='word_1_36' title='bbox 1047 1205 1120 1269; x_wconf 89' lang='lat' dir='ltr'><strong>inde</strong></span> <span class='ocrx_word' id='word_1_37' title='bbox 1141 1205 1378 1268; x_wconf 88' lang='lat' dir='ltr'><strong>decernendum</strong></span> <span class='ocrx_word' id='word_1_38' title='bbox 1406 1202 1489 1267; x_wconf 87' lang='lat' dir='ltr'><strong>nobis</strong></span> <span class='ocrx_word' id='word_1_39' title='bbox 1508 1205 1542 1267; x_wconf 88' lang='lat' dir='ltr'><strong>sit</strong></span> 
     </span>
     <span class='ocr_line' id='line_1_6' title="bbox 446 1304 1542 1387; baseline -0.001 -20"><span class='ocrx_word' id='word_1_40' title='bbox 446 1304 523 1367; x_wconf 85' lang='lat' dir='ltr'><strong>satis</strong></span> <span class='ocrx_word' id='word_1_41' title='bbox 546 1305 687 1369; x_wconf 90' lang='lat' dir='ltr'><strong>arduum</strong></span> <span class='ocrx_word' id='word_1_42' title='bbox 708 1312 779 1386; x_wconf 78' lang='lat' dir='ltr'><strong>est3</strong></span> <span class='ocrx_word' id='word_1_43' title='bbox 802 1313 835 1370; x_wconf 92' lang='lat' dir='ltr'><strong>et</strong></span> <span class='ocrx_word' id='word_1_44' title='bbox 864 1324 903 1369; x_wconf 90' lang='lat' dir='ltr'><strong>ec</strong></span> <span class='ocrx_word' id='word_1_45' title='bbox 926 1307 1025 1387; x_wconf 88' lang='lat' dir='ltr'><strong>magis</strong></span> <span class='ocrx_word' id='word_1_46' title='bbox 1045 1323 1120 1369; x_wconf 92' lang='lat' dir='ltr'><strong>cnm</strong></span> <span class='ocrx_word' id='word_1_47' title='bbox 1145 1305 1235 1368; x_wconf 90' lang='lat' dir='ltr'><strong>nobis</strong></span> <span class='ocrx_word' id='word_1_48' title='bbox 1255 1304 1338 1368; x_wconf 90' lang='lat' dir='ltr'><strong>desit</strong></span> <span class='ocrx_word' id='word_1_49' title='bbox 1354 1323 1461 1385; x_wconf 88' lang='lat' dir='ltr'><strong>magna</strong></span> <span class='ocrx_word' id='word_1_50' title='bbox 1481 1322 1542 1386; x_wconf 90' lang='lat' dir='ltr'><strong>pars</strong></span> 
     </span>
     <span class='ocr_line' id='line_1_7' title="bbox 445 1404 1543 1487; baseline -0.003 -17"><span class='ocrx_word' id='word_1_51' title='bbox 445 1407 553 1485; x_wconf 88' lang='lat' dir='ltr'><strong>gmeci</strong></span> <span class='ocrx_word' id='word_1_52' title='bbox 574 1407 694 1471; x_wconf 86' lang='lat' dir='ltr'><strong>horum</strong></span> <span class='ocrx_word' id='word_1_53' title='bbox 722 1408 885 1473; x_wconf 81' lang='lat' dir='ltr'><strong>librorum</strong></span> <span class='ocrx_word' id='word_1_54' title='bbox 908 1414 1038 1483; x_wconf 85' lang='lat' dir='ltr'><strong>textos,</strong></span> <span class='ocrx_word' id='word_1_55' title='bbox 1061 1416 1094 1471; x_wconf 86' lang='lat' dir='ltr'><strong>et</strong></span> <span class='ocrx_word' id='word_1_56' title='bbox 1114 1409 1247 1487; x_wconf 77' lang='lat' dir='ltr'><strong>insopor</strong></span> <span class='ocrx_word' id='word_1_57' title='bbox 1268 1412 1376 1472; x_wconf 84' lang='lat' dir='ltr'><strong>tersio</strong></span> <span class='ocrx_word' id='word_1_58' title='bbox 1400 1409 1491 1470; x_wconf 83' lang='lat' dir='ltr'><strong>iatius</strong></span> <span class='ocrx_word' id='word_1_59' title='bbox 1510 1404 1543 1468; x_wconf 81' lang='lat' dir='ltr'><strong>ad</strong></span> 
     </span>
     <span class='ocr_line' id='line_1_8' title="bbox 445 1504 1543 1591; baseline 0 -22"><span class='ocrx_word' id='word_1_60' title='bbox 445 1504 646 1591; x_wconf 75' lang='lat' dir='ltr'><strong>Hieronymo</strong></span> <span class='ocrx_word' id='word_1_61' title='bbox 666 1509 833 1573; x_wconf 85' lang='lat' dir='ltr'><strong>elaborsta</strong></span> <span class='ocrx_word' id='word_1_62' title='bbox 857 1510 1003 1588; x_wconf 87' lang='lat' dir='ltr'><strong>perierit:</strong></span> <span class='ocrx_word' id='word_1_63' title='bbox 1027 1526 1065 1574; x_wconf 90' lang='lat' dir='ltr'><strong>ac</strong></span> <span class='ocrx_word' id='word_1_64' title='bbox 1086 1510 1176 1573; x_wconf 85' lang='lat' dir='ltr'><strong>uobis</strong></span> <span class='ocrx_word' id='word_1_65' title='bbox 1204 1510 1428 1575; x_wconf 89' lang='lat' dir='ltr'><strong>tantummodo</strong></span> <span class='ocrx_word' id='word_1_66' title='bbox 1446 1524 1543 1588; x_wconf 91' lang='lat' dir='ltr'><strong>snper·</strong></span> 
     </span>
     <span class='ocr_line' id='line_1_9' title="bbox 444 1608 1542 1692; baseline 0 -21"><span class='ocrx_word' id='word_1_67' title='bbox 444 1608 529 1686; x_wconf 90' lang='lat' dir='ltr'><strong>sint,</strong></span> <span class='ocrx_word' id='word_1_68' title='bbox 551 1626 636 1689; x_wconf 88' lang='lat' dir='ltr'><strong>qnae</strong></span> <span class='ocrx_word' id='word_1_69' title='bbox 666 1610 785 1690; x_wconf 87' lang='lat' dir='ltr'><strong>ipsein</strong></span> <span class='ocrx_word' id='word_1_70' title='bbox 809 1609 952 1692; x_wconf 81' lang='lat' dir='ltr'><strong>Epistola</strong></span> <span class='ocrx_word' id='word_1_71' title='bbox 974 1611 1014 1674; x_wconf 90' lang='lat' dir='ltr'><strong>ad</strong></span> <span class='ocrx_word' id='word_1_72' title='bbox 1042 1611 1177 1675; x_wconf 77' lang='lat' dir='ltr'><strong>Avitum</strong></span> <span class='ocrx_word' id='word_1_73' title='bbox 1206 1612 1331 1675; x_wconf 90' lang='lat' dir='ltr'><strong>censuit</strong></span> <span class='ocrx_word' id='word_1_74' title='bbox 1355 1612 1454 1675; x_wconf 88' lang='lat' dir='ltr'><strong>reinti</strong></span> <span class='ocrx_word' id='word_1_75' title='bbox 1478 1610 1542 1689; x_wconf 90' lang='lat' dir='ltr'><strong>dog·</strong></span> 
     </span>
     <span class='ocr_line' id='line_1_10' title="bbox 445 1710 1543 1796; baseline 0 -23"><span class='ocrx_word' id='word_1_76' title='bbox 445 1710 523 1773; x_wconf 84' lang='lat' dir='ltr'><strong>mati</strong></span> <span class='ocrx_word' id='word_1_77' title='bbox 549 1712 711 1776; x_wconf 84' lang='lat' dir='ltr'><strong>catholico</strong></span> <span class='ocrx_word' id='word_1_78' title='bbox 732 1711 866 1777; x_wconf 82' lang='lat' dir='ltr'><strong>intensa.</strong></span> <span class='ocrx_word' id='word_1_79' title='bbox 898 1711 1013 1796; x_wconf 82' lang='lat' dir='ltr'><strong>Neque</strong></span> <span class='ocrx_word' id='word_1_80' title='bbox 1034 1713 1107 1778; x_wconf 90' lang='lat' dir='ltr'><strong>iden</strong></span> <span class='ocrx_word' id='word_1_81' title='bbox 1128 1713 1167 1779; x_wconf 90' lang='lat' dir='ltr'><strong>de</strong></span> <span class='ocrx_word' id='word_1_82' title='bbox 1190 1714 1250 1779; x_wconf 86' lang='lat' dir='ltr'><strong>hac</strong></span> <span class='ocrx_word' id='word_1_83' title='bbox 1279 1732 1315 1778; x_wconf 85' lang='lat' dir='ltr'><strong>ro</strong></span> <span class='ocrx_word' id='word_1_84' title='bbox 1344 1712 1543 1795; x_wconf 87' lang='lat' dir='ltr'><strong>pronuncirrr</strong></span> 
     </span>
     <span class='ocr_line' id='line_1_11' title="bbox 443 1810 1542 1897; baseline 0.002 -24"><span class='ocrx_word' id='word_1_85' title='bbox 443 1810 621 1890; x_wconf 74' lang='lat' dir='ltr'><strong>eniterent,</strong></span> <span class='ocrx_word' id='word_1_86' title='bbox 643 1814 703 1878; x_wconf 91' lang='lat' dir='ltr'><strong>nisi</strong></span> <span class='ocrx_word' id='word_1_87' title='bbox 724 1816 921 1896; x_wconf 77' lang='lat' dir='ltr'><strong>quaestionis</strong></span> <span class='ocrx_word' id='word_1_88' title='bbox 957 1822 1183 1892; x_wconf 88' lang='lat' dir='ltr'><strong>momentum,</strong></span> <span class='ocrx_word' id='word_1_89' title='bbox 1204 1816 1243 1879; x_wconf 92' lang='lat' dir='ltr'><strong>ad</strong></span> <span class='ocrx_word' id='word_1_90' title='bbox 1265 1834 1365 1897; x_wconf 85' lang='lat' dir='ltr'><strong>qnam</strong></span> <span class='ocrx_word' id='word_1_91' title='bbox 1391 1816 1542 1893; x_wconf 82' lang='lat' dir='ltr'><strong>nucusque</strong></span> 
     </span>
     <span class='ocr_line' id='line_1_12' title="bbox 444 1912 1542 1999; baseline 0.001 -25"><span class='ocrx_word' id='word_1_92' title='bbox 444 1912 570 1990; x_wconf 91' lang='lat' dir='ltr'><strong>dereni,</strong></span> <span class='ocrx_word' id='word_1_93' title='bbox 585 1932 634 1978; x_wconf 88' lang='lat' dir='ltr'><strong>ma</strong></span> <span class='ocrx_word' id='word_1_94' title='bbox 650 1918 877 1998; x_wconf 83' lang='lat' dir='ltr'><strong>investigatum</strong></span> <span class='ocrx_word' id='word_1_95' title='bbox 892 1918 1088 1999; x_wconf 85' lang='lat' dir='ltr'><strong>impelleret,</strong></span> <span class='ocrx_word' id='word_1_96' title='bbox 1104 1936 1180 1983; x_wconf 89' lang='lat' dir='ltr'><strong>nom</strong></span> <span class='ocrx_word' id='word_1_97' title='bbox 1196 1920 1322 1983; x_wconf 88' lang='lat' dir='ltr'><strong>codices</strong></span> <span class='ocrx_word' id='word_1_98' title='bbox 1343 1920 1460 1999; x_wconf 87' lang='lat' dir='ltr'><strong>graeci,</strong></span> <span class='ocrx_word' id='word_1_99' title='bbox 1474 1932 1542 1995; x_wconf 93' lang='lat' dir='ltr'><strong>qnos</strong></span> 
     </span>
     <span class='ocr_line' id='line_1_13' title="bbox 443 2016 1540 2102; baseline -0.002 -25"><span class='ocrx_word' id='word_1_100' title='bbox 443 2022 584 2096; x_wconf 89' lang='lat' dir='ltr'><strong>uterque</strong></span> <span class='ocrx_word' id='word_1_101' title='bbox 615 2023 648 2081; x_wconf 91' lang='lat' dir='ltr'><strong>et</strong></span> <span class='ocrx_word' id='word_1_102' title='bbox 669 2016 889 2101; x_wconf 70' lang='lat' dir='ltr'><strong>Hieronymus</strong></span> <span class='ocrx_word' id='word_1_103' title='bbox 919 2029 950 2083; x_wconf 91' lang='lat' dir='ltr'><strong>et</strong></span> <span class='ocrx_word' id='word_1_104' title='bbox 973 2018 1121 2084; x_wconf 83' lang='lat' dir='ltr'><strong>Rnffiuus</strong></span> <span class='ocrx_word' id='word_1_105' title='bbox 1143 2037 1223 2102; x_wconf 87' lang='lat' dir='ltr'><strong>praa</strong></span> <span class='ocrx_word' id='word_1_106' title='bbox 1243 2018 1394 2083; x_wconf 87' lang='lat' dir='ltr'><strong>manibus</strong></span> <span class='ocrx_word' id='word_1_107' title='bbox 1421 2016 1540 2088; x_wconf 78' lang='lat' dir='ltr'><strong>habuit,</strong></span> 
     </span>
     <span class='ocr_line' id='line_1_14' title="bbox 444 2116 1539 2201; baseline -0.001 -23"><span class='ocrx_word' id='word_1_108' title='bbox 444 2116 634 2182; x_wconf 79' lang='lat' dir='ltr'><strong>tnenntnen</strong></span> <span class='ocrx_word' id='word_1_109' title='bbox 656 2137 695 2183; x_wconf 90' lang='lat' dir='ltr'><strong>ne</strong></span> <span class='ocrx_word' id='word_1_110' title='bbox 707 2120 836 2198; x_wconf 86' lang='lat' dir='ltr'><strong>sinceri,</strong></span> <span class='ocrx_word' id='word_1_111' title='bbox 860 2139 936 2185; x_wconf 89' lang='lat' dir='ltr'><strong>num</strong></span> <span class='ocrx_word' id='word_1_112' title='bbox 953 2122 1113 2186; x_wconf 88' lang='lat' dir='ltr'><strong>haeretica</strong></span> <span class='ocrx_word' id='word_1_113' title='bbox 1137 2140 1234 2185; x_wconf 91' lang='lat' dir='ltr'><strong>manu</strong></span> <span class='ocrx_word' id='word_1_114' title='bbox 1249 2120 1447 2201; x_wconf 77' lang='lat' dir='ltr'><strong>interpolati5</strong></span> <span class='ocrx_word' id='word_1_115' title='bbox 1466 2124 1494 2181; x_wconf 91' lang='lat' dir='ltr'><strong>et</strong></span> <span class='ocrx_word' id='word_1_116' title='bbox 1507 2132 1539 2179; x_wconf 87' lang='lat' dir='ltr'><strong>an</strong></span> 
     </span>
     <span class='ocr_line' id='line_1_15' title="bbox 441 2204 1540 2305; baseline 0 -25"><span class='ocrx_word' id='word_1_117' title='bbox 441 2216 580 2283; x_wconf 81' lang='lat' dir='ltr'><strong>tortasse</strong></span> <span class='ocrx_word' id='word_1_118' title='bbox 601 2229 889 2301; x_wconf 90' lang='lat' dir='ltr'><strong>argumentorum,</strong></span> <span class='ocrx_word' id='word_1_119' title='bbox 912 2239 996 2304; x_wconf 91' lang='lat' dir='ltr'><strong>qnae</strong></span> <span class='ocrx_word' id='word_1_120' title='bbox 1019 2222 1060 2286; x_wconf 85' lang='lat' dir='ltr'><strong>ibi</strong></span> <span class='ocrx_word' id='word_1_121' title='bbox 1082 2223 1123 2287; x_wconf 84' lang='lat' dir='ltr'><strong>ab</strong></span> <span class='ocrx_word' id='word_1_122' title='bbox 1143 2204 1284 2304; x_wconf 77' lang='lat' dir='ltr'><strong>Origene</strong></span> <span class='ocrx_word' id='word_1_123' title='bbox 1304 2220 1540 2305; x_wconf 83' lang='lat' dir='ltr'><strong>expenduntur,</strong></span> 
     </span>
     <span class='ocr_line' id='line_1_16' title="bbox 444 2319 1368 2406; baseline 0.004 -23"><span class='ocrx_word' id='word_1_124' title='bbox 444 2319 632 2397; x_wconf 84' lang='lat' dir='ltr'><strong>difficultas,</strong></span> <span class='ocrx_word' id='word_1_125' title='bbox 653 2322 693 2385; x_wconf 89' lang='lat' dir='ltr'><strong>ad</strong></span> <span class='ocrx_word' id='word_1_126' title='bbox 713 2322 922 2388; x_wconf 72' lang='lat' dir='ltr'><strong>offensionem</strong></span> <span class='ocrx_word' id='word_1_127' title='bbox 945 2325 1089 2406; x_wconf 90' lang='lat' dir='ltr'><strong>aliquam</strong></span> <span class='ocrx_word' id='word_1_128' title='bbox 1112 2342 1167 2389; x_wconf 89' lang='lat' dir='ltr'><strong>eos</strong></span> <span class='ocrx_word' id='word_1_129' title='bbox 1188 2324 1368 2405; x_wconf 87' lang='lat' dir='ltr'><strong>impulerit.</strong></span> 
     </span>
    </p>

    <p class='ocr_par' dir='ltr' id='par_1_3' title="bbox 435 2421 1541 4029">
     <span class='ocr_line' id='line_1_17' title="bbox 523 2421 1538 2507; baseline -0.001 -22"><span class='ocrx_word' id='word_1_130' title='bbox 523 2421 572 2486; x_wconf 75' lang='lat' dir='ltr'><strong>Ac</strong></span> <span class='ocrx_word' id='word_1_131' title='bbox 592 2423 719 2487; x_wconf 91' lang='lat' dir='ltr'><strong>interim</strong></span> <span class='ocrx_word' id='word_1_132' title='bbox 741 2424 783 2487; x_wconf 82' lang='lat' dir='ltr'><strong>cb</strong></span> <span class='ocrx_word' id='word_1_133' title='bbox 804 2426 983 2507; x_wconf 73' lang='lat' dir='ltr'><strong>has&#39;,·qnas</strong></span> <span class='ocrx_word' id='word_1_134' title='bbox 998 2428 1030 2489; x_wconf 94' lang='lat' dir='ltr'><strong>in</strong></span> <span class='ocrx_word' id='word_1_135' title='bbox 1051 2434 1194 2506; x_wconf 88' lang='lat' dir='ltr'><strong>utroque</strong></span> <span class='ocrx_word' id='word_1_136' title='bbox 1216 2424 1359 2505; x_wconf 83' lang='lat' dir='ltr'><strong>Protogo</strong></span> <span class='ocrx_word' id='word_1_137' title='bbox 1379 2422 1538 2505; x_wconf 88' lang='lat' dir='ltr'><strong>praemisit,</strong></span> 
     </span>
     <span class='ocr_line' id='line_1_18' title="bbox 444 2512 1541 2608; baseline -0.003 -21"><span class='ocrx_word' id='word_1_138' title='bbox 444 2523 687 2590; x_wconf 81' lang='lat' dir='ltr'><strong>observationes</strong></span> <span class='ocrx_word' id='word_1_139' title='bbox 706 2526 860 2591; x_wconf 84' lang='lat' dir='ltr'><strong>Huitinns</strong></span> <span class='ocrx_word' id='word_1_140' title='bbox 881 2512 967 2593; x_wconf 78' lang='lat' dir='ltr'><strong>circa</strong></span> <span class='ocrx_word' id='word_1_141' title='bbox 989 2527 1115 2593; x_wconf 90' lang='lat' dir='ltr'><strong>codices</strong></span> <span class='ocrx_word' id='word_1_142' title='bbox 1137 2527 1356 2604; x_wconf 81' lang='lat' dir='ltr'><strong>Pericrcdoo,</strong></span> <span class='ocrx_word' id='word_1_143' title='bbox 1380 2544 1460 2608; x_wconf 90' lang='lat' dir='ltr'><strong>quos</strong></span> <span class='ocrx_word' id='word_1_144' title='bbox 1478 2524 1541 2601; x_wconf 83' lang='lat' dir='ltr'><strong>legit</strong></span> 
     </span>
     <span class='ocr_line' id='line_1_19' title="bbox 444 2624 1540 2711; baseline -0.001 -22"><span class='ocrx_word' id='word_1_145' title='bbox 444 2628 674 2709; x_wconf 83' lang='lat' dir='ltr'><strong>exposuitque,</strong></span> <span class='ocrx_word' id='word_1_146' title='bbox 696 2647 791 2693; x_wconf 92' lang='lat' dir='ltr'><strong>nemo</strong></span> <span class='ocrx_word' id='word_1_147' title='bbox 811 2630 940 2711; x_wconf 75' lang='lat' dir='ltr'><strong>ignorat</strong></span> <span class='ocrx_word' id='word_1_148' title='bbox 962 2638 1038 2693; x_wconf 92' lang='lat' dir='ltr'><strong>tnnc</strong></span> <span class='ocrx_word' id='word_1_149' title='bbox 1059 2632 1090 2693; x_wconf 93' lang='lat' dir='ltr'><strong>in</strong></span> <span class='ocrx_word' id='word_1_150' title='bbox 1113 2630 1230 2710; x_wconf 81' lang='lat' dir='ltr'><strong>vulgos</strong></span> <span class='ocrx_word' id='word_1_151' title='bbox 1251 2636 1285 2693; x_wconf 94' lang='lat' dir='ltr'><strong>et</strong></span> <span class='ocrx_word' id='word_1_152' title='bbox 1297 2627 1425 2692; x_wconf 90' lang='lat' dir='ltr'><strong>codices</strong></span> <span class='ocrx_word' id='word_1_153' title='bbox 1444 2624 1540 2703; x_wconf 84' lang='lat' dir='ltr'><strong>Orige-</strong></span> 
     </span>
     <span class='ocr_line' id='line_1_20' title="bbox 441 2728 1538 2813; baseline -0.005 -22"><span class='ocrx_word' id='word_1_154' title='bbox 441 2728 490 2792; x_wconf 91' lang='lat' dir='ltr'><strong>nis</strong></span> <span class='ocrx_word' id='word_1_155' title='bbox 512 2728 643 2793; x_wconf 75' lang='lat' dir='ltr'><strong>falsatos</strong></span> <span class='ocrx_word' id='word_1_156' title='bbox 665 2730 735 2806; x_wconf 90' lang='lat' dir='ltr'><strong>ire,</strong></span> <span class='ocrx_word' id='word_1_157' title='bbox 758 2732 951 2813; x_wconf 86' lang='lat' dir='ltr'><strong>etamplius</strong></span> <span class='ocrx_word' id='word_1_158' title='bbox 974 2731 1104 2795; x_wconf 88' lang='lat' dir='ltr'><strong>libellos</strong></span> <span class='ocrx_word' id='word_1_159' title='bbox 1125 2732 1215 2795; x_wconf 83' lang='lat' dir='ltr'><strong>brevi</strong></span> <span class='ocrx_word' id='word_1_160' title='bbox 1236 2746 1388 2795; x_wconf 89' lang='lat' dir='ltr'><strong>sermone</strong></span> <span class='ocrx_word' id='word_1_161' title='bbox 1407 2732 1538 2799; x_wconf 84' lang='lat' dir='ltr'><strong>exactos,</strong></span> 
     </span>
     <span class='ocr_line' id='line_1_21' title="bbox 439 2828 1540 2914; baseline -0.005 -20"><span class='ocrx_word' id='word_1_162' title='bbox 439 2830 497 2894; x_wconf 89' lang='lat' dir='ltr'><strong>nbi</strong></span> <span class='ocrx_word' id='word_1_163' title='bbox 512 2832 654 2912; x_wconf 74' lang='lat' dir='ltr'><strong>congesti</strong></span> <span class='ocrx_word' id='word_1_164' title='bbox 672 2840 765 2897; x_wconf 91' lang='lat' dir='ltr'><strong>erant</strong></span> <span class='ocrx_word' id='word_1_165' title='bbox 779 2851 922 2908; x_wconf 88' lang='lat' dir='ltr'><strong>errores,</strong></span> <span class='ocrx_word' id='word_1_166' title='bbox 937 2832 1041 2898; x_wconf 89' lang='lat' dir='ltr'><strong>eidem</strong></span> <span class='ocrx_word' id='word_1_167' title='bbox 1054 2834 1219 2914; x_wconf 88' lang='lat' dir='ltr'><strong>inscripti,</strong></span> <span class='ocrx_word' id='word_1_168' title='bbox 1235 2832 1275 2896; x_wconf 91' lang='lat' dir='ltr'><strong>de</strong></span> <span class='ocrx_word' id='word_1_169' title='bbox 1288 2832 1410 2913; x_wconf 88' lang='lat' dir='ltr'><strong>quibus</strong></span> <span class='ocrx_word' id='word_1_170' title='bbox 1423 2850 1448 2894; x_wconf 93' lang='lat' dir='ltr'><strong>s.</strong></span> <span class='ocrx_word' id='word_1_171' title='bbox 1462 2828 1540 2892; x_wconf 83' lang='lat' dir='ltr'><strong>Pau·</strong></span> 
     </span>
     <span class='ocr_line' id='line_1_22' title="bbox 441 2929 1540 3019; baseline -0.005 -24"><span class='ocrx_word' id='word_1_172' title='bbox 441 2932 550 3014; x_wconf 76' lang='lat' dir='ltr'><strong>phtius</strong></span> <span class='ocrx_word' id='word_1_173' title='bbox 572 2944 683 3016; x_wconf 89' lang='lat' dir='ltr'><strong>aperte</strong></span> <span class='ocrx_word' id='word_1_174' title='bbox 696 2937 860 3016; x_wconf 90' lang='lat' dir='ltr'><strong>loquitur,</strong></span> <span class='ocrx_word' id='word_1_175' title='bbox 880 2942 912 2999; x_wconf 91' lang='lat' dir='ltr'><strong>et</strong></span> <span class='ocrx_word' id='word_1_176' title='bbox 925 2932 1114 3019; x_wconf 77' lang='lat' dir='ltr'><strong>Anonymns</strong></span> <span class='ocrx_word' id='word_1_177' title='bbox 1129 2936 1247 2998; x_wconf 87' lang='lat' dir='ltr'><strong>citatus</strong></span> <span class='ocrx_word' id='word_1_178' title='bbox 1268 2934 1403 3015; x_wconf 84' lang='lat' dir='ltr'><strong>nitique.</strong></span> <span class='ocrx_word' id='word_1_179' title='bbox 1421 2929 1540 2994; x_wconf 83' lang='lat' dir='ltr'><strong>Verunt-</strong></span> 
     </span>
     <span class='ocr_line' id='line_1_23' title="bbox 442 3028 1539 3116; baseline -0.002 -21"><span class='ocrx_word' id='word_1_180' title='bbox 442 3040 548 3097; x_wconf 89' lang='lat' dir='ltr'><strong>tamen</strong></span> <span class='ocrx_word' id='word_1_181' title='bbox 571 3037 627 3099; x_wconf 81' lang='lat' dir='ltr'><strong>vix</strong></span> <span class='ocrx_word' id='word_1_182' title='bbox 646 3036 825 3116; x_wconf 87' lang='lat' dir='ltr'><strong>putandum</strong></span> <span class='ocrx_word' id='word_1_183' title='bbox 847 3044 907 3109; x_wconf 93' lang='lat' dir='ltr'><strong>est,</strong></span> <span class='ocrx_word' id='word_1_184' title='bbox 930 3052 1052 3109; x_wconf 89' lang='lat' dir='ltr'><strong>ornnes,</strong></span> <span class='ocrx_word' id='word_1_185' title='bbox 1075 3042 1239 3115; x_wconf 88' lang='lat' dir='ltr'><strong>quotquot</strong></span> <span class='ocrx_word' id='word_1_186' title='bbox 1258 3052 1319 3116; x_wconf 90' lang='lat' dir='ltr'><strong>per</strong></span> <span class='ocrx_word' id='word_1_187' title='bbox 1339 3032 1486 3097; x_wconf 81' lang='lat' dir='ltr'><strong>ecclesias</strong></span> <span class='ocrx_word' id='word_1_188' title='bbox 1501 3028 1539 3089; x_wconf 78' lang='lat' dir='ltr'><strong>lc-</strong></span> 
     </span>
     <span class='ocr_line' id='line_1_24' title="bbox 439 3134 1537 3218; baseline -0.006 -21"><span class='ocrx_word' id='word_1_189' title='bbox 439 3134 620 3215; x_wconf 83' lang='lat' dir='ltr'><strong>gebantnr,</strong></span> <span class='ocrx_word' id='word_1_190' title='bbox 642 3136 742 3217; x_wconf 88' lang='lat' dir='ltr'><strong>ipsius</strong></span> <span class='ocrx_word' id='word_1_191' title='bbox 765 3134 914 3218; x_wconf 89' lang='lat' dir='ltr'><strong>Origenis</strong></span> <span class='ocrx_word' id='word_1_192' title='bbox 939 3137 1042 3201; x_wconf 87' lang='lat' dir='ltr'><strong>libros</strong></span> <span class='ocrx_word' id='word_1_193' title='bbox 1076 3136 1327 3200; x_wconf 83' lang='lat' dir='ltr'><strong>inisse-iaisatos</strong></span> <span class='ocrx_word' id='word_1_194' title='bbox 1348 3136 1417 3198; x_wconf 88' lang='lat' dir='ltr'><strong>sira</strong></span> <span class='ocrx_word' id='word_1_195' title='bbox 1436 3146 1537 3195; x_wconf 84' lang='lat' dir='ltr'><strong>curru·</strong></span> 
     </span>
     <span class='ocr_line' id='line_1_25' title="bbox 439 3235 1537 3324; baseline 0.003 -24"><span class='ocrx_word' id='word_1_196' title='bbox 439 3247 522 3317; x_wconf 90' lang='lat' dir='ltr'><strong>ptos.</strong></span> <span class='ocrx_word' id='word_1_197' title='bbox 540 3235 751 3319; x_wconf 86' lang='lat' dir='ltr'><strong>Quapropter</strong></span> <span class='ocrx_word' id='word_1_198' title='bbox 764 3256 839 3303; x_wconf 90' lang='lat' dir='ltr'><strong>cnm</strong></span> <span class='ocrx_word' id='word_1_199' title='bbox 854 3238 1011 3303; x_wconf 83' lang='lat' dir='ltr'><strong>adserens</strong></span> <span class='ocrx_word' id='word_1_200' title='bbox 1026 3236 1261 3324; x_wconf 74' lang='lat' dir='ltr'><strong>Hieronymum</strong></span> <span class='ocrx_word' id='word_1_201' title='bbox 1276 3238 1322 3299; x_wconf 87' lang='lat' dir='ltr'><strong>ait</strong></span> <span class='ocrx_word' id='word_1_202' title='bbox 1336 3236 1484 3301; x_wconf 86' lang='lat' dir='ltr'><strong>Hnitinus</strong></span> <span class='ocrx_word' id='word_1_203' title='bbox 1499 3248 1537 3302; x_wconf 70' lang='lat' dir='ltr'><strong>ses</strong></span> 
     </span>
     <span class='ocr_line' id='line_1_26' title="bbox 438 3328 1537 3416; baseline -0.002 -16"><span class='ocrx_word' id='word_1_204' title='bbox 438 3338 472 3401; x_wconf 92' lang='lat' dir='ltr'><strong>io</strong></span> <span class='ocrx_word' id='word_1_205' title='bbox 491 3336 583 3404; x_wconf 87' lang='lat' dir='ltr'><strong>libris</strong></span> <span class='ocrx_word' id='word_1_206' title='bbox 598 3338 792 3404; x_wconf 80' lang='lat' dir='ltr'><strong>Pcriorcdos</strong></span> <span class='ocrx_word' id='word_1_207' title='bbox 814 3340 987 3416; x_wconf 81' lang='lat' dir='ltr'><strong>vertendis,</strong></span> <span class='ocrx_word' id='word_1_208' title='bbox 1004 3340 1045 3404; x_wconf 91' lang='lat' dir='ltr'><strong>de</strong></span> <span class='ocrx_word' id='word_1_209' title='bbox 1063 3340 1222 3404; x_wconf 88' lang='lat' dir='ltr'><strong>creatoris</strong></span> <span class='ocrx_word' id='word_1_210' title='bbox 1240 3338 1452 3403; x_wconf 82' lang='lat' dir='ltr'><strong>rationalibus</strong></span> <span class='ocrx_word' id='word_1_211' title='bbox 1470 3328 1537 3397; x_wconf 77' lang='lat' dir='ltr'><strong>nihil</strong></span> 
     </span>
     <span class='ocr_line' id='line_1_27' title="bbox 437 3437 1537 3522; baseline -0.005 -21"><span class='ocrx_word' id='word_1_212' title='bbox 437 3446 582 3504; x_wconf 77' lang='lat' dir='ltr'><strong>muusse</strong></span> <span class='ocrx_word' id='word_1_213' title='bbox 591 3461 603 3521; x_wconf 68' lang='grc' dir='ltr'><strong><em>ς</em></strong></span> <span class='ocrx_word' id='word_1_214' title='bbox 619 3458 658 3504; x_wconf 91' lang='lat' dir='ltr'><strong>ac</strong></span> <span class='ocrx_word' id='word_1_215' title='bbox 679 3458 753 3505; x_wconf 91' lang='lat' dir='ltr'><strong>cnm</strong></span> <span class='ocrx_word' id='word_1_216' title='bbox 767 3442 901 3522; x_wconf 88' lang='lat' dir='ltr'><strong>insuper</strong></span> <span class='ocrx_word' id='word_1_217' title='bbox 920 3441 1029 3517; x_wconf 89' lang='lat' dir='ltr'><strong>addat,</strong></span> <span class='ocrx_word' id='word_1_218' title='bbox 1052 3441 1092 3504; x_wconf 90' lang='lat' dir='ltr'><strong>de</strong></span> <span class='ocrx_word' id='word_1_219' title='bbox 1107 3440 1176 3504; x_wconf 82' lang='lat' dir='ltr'><strong>Deo</strong></span> <span class='ocrx_word' id='word_1_220' title='bbox 1189 3440 1350 3520; x_wconf 87' lang='lat' dir='ltr'><strong>quaedam</strong></span> <span class='ocrx_word' id='word_1_221' title='bbox 1365 3440 1397 3503; x_wconf 91' lang='lat' dir='ltr'><strong>in</strong></span> <span class='ocrx_word' id='word_1_222' title='bbox 1410 3437 1481 3519; x_wconf 88' lang='lat' dir='ltr'><strong>ipsis</strong></span> <span class='ocrx_word' id='word_1_223' title='bbox 1493 3448 1537 3495; x_wconf 83' lang='lat' dir='ltr'><strong>co</strong></span> 
     </span>
     <span class='ocr_line' id='line_1_28' title="bbox 439 3532 1535 3633; baseline -0.006 -32"><span class='ocrx_word' id='word_1_224' title='bbox 439 3538 564 3605; x_wconf 89' lang='lat' dir='ltr'><strong>dicibns</strong></span> <span class='ocrx_word' id='word_1_225' title='bbox 578 3541 777 3619; x_wconf 79' lang='lat' dir='ltr'><strong>emendasse,</strong></span> <span class='ocrx_word' id='word_1_226' title='bbox 792 3560 877 3624; x_wconf 88' lang='lat' dir='ltr'><strong>qnae</strong></span> <span class='ocrx_word' id='word_1_227' title='bbox 898 3542 957 3631; x_wconf 78' lang='lat' dir='ltr'><strong>sibi</strong></span> <span class='ocrx_word' id='word_1_228' title='bbox 980 3541 1173 3607; x_wconf 84' lang='lat' dir='ltr'><strong>videbantur</strong></span> <span class='ocrx_word' id='word_1_229' title='bbox 1186 3542 1224 3605; x_wconf 91' lang='lat' dir='ltr'><strong>iis</strong></span> <span class='ocrx_word' id='word_1_230' title='bbox 1239 3542 1404 3605; x_wconf 90' lang='lat' dir='ltr'><strong>contraire</strong></span> <span class='ocrx_word' id='word_1_231' title='bbox 1414 3536 1488 3633; x_wconf 79' lang='lat' dir='ltr'><strong>aiibi</strong></span> <span class='ocrx_word' id='word_1_232' title='bbox 1502 3532 1535 3597; x_wconf 83' lang='lat' dir='ltr'><strong>ab</strong></span> 
     </span>
     <span class='ocr_line' id='line_1_29' title="bbox 438 3639 1536 3727; baseline -0.005 -23"><span class='ocrx_word' id='word_1_233' title='bbox 438 3639 580 3722; x_wconf 78' lang='lat' dir='ltr'><strong>Origene</strong></span> <span class='ocrx_word' id='word_1_234' title='bbox 597 3643 754 3724; x_wconf 79' lang='lat' dir='ltr'><strong>tractatis3</strong></span> <span class='ocrx_word' id='word_1_235' title='bbox 767 3644 843 3727; x_wconf 83' lang='lat' dir='ltr'><strong>jure</strong></span> <span class='ocrx_word' id='word_1_236' title='bbox 864 3644 1019 3721; x_wconf 84' lang='lat' dir='ltr'><strong>arbitror,</strong></span> <span class='ocrx_word' id='word_1_237' title='bbox 1035 3644 1125 3719; x_wconf 87' lang='lat' dir='ltr'><strong>istos,</strong></span> <span class='ocrx_word' id='word_1_238' title='bbox 1141 3660 1223 3723; x_wconf 90' lang='lat' dir='ltr'><strong>quos</strong></span> <span class='ocrx_word' id='word_1_239' title='bbox 1243 3641 1396 3707; x_wconf 85' lang='lat' dir='ltr'><strong>Rnidnns</strong></span> <span class='ocrx_word' id='word_1_240' title='bbox 1413 3642 1536 3704; x_wconf 85' lang='lat' dir='ltr'><strong>transtu·</strong></span> 
     </span>
     <span class='ocr_line' id='line_1_30' title="bbox 437 3741 1535 3824; baseline 0 -21"><span class='ocrx_word' id='word_1_241' title='bbox 437 3741 476 3804; x_wconf 90' lang='lat' dir='ltr'><strong>lit</strong></span> <span class='ocrx_word' id='word_1_242' title='bbox 510 3741 656 3821; x_wconf 90' lang='lat' dir='ltr'><strong>codices,</strong></span> <span class='ocrx_word' id='word_1_243' title='bbox 677 3746 820 3811; x_wconf 89' lang='lat' dir='ltr'><strong>sinceros</strong></span> <span class='ocrx_word' id='word_1_244' title='bbox 840 3744 1007 3809; x_wconf 68' lang='lat' dir='ltr'><strong>continere</strong></span> <span class='ocrx_word' id='word_1_245' title='bbox 1027 3743 1181 3809; x_wconf 74' lang='lat' dir='ltr'><strong>tinctoris</strong></span> <span class='ocrx_word' id='word_1_246' title='bbox 1202 3762 1333 3824; x_wconf 64' lang='lat' dir='ltr'><strong>sensnm</strong></span> <span class='ocrx_word' id='word_1_247' title='bbox 1355 3741 1535 3819; x_wconf 83' lang='lat' dir='ltr'><strong>eosdemque</strong></span> 
     </span>
     <span class='ocr_line' id='line_1_31' title="bbox 435 3840 1535 3926; baseline -0.005 -21"><span class='ocrx_word' id='word_1_248' title='bbox 435 3842 565 3908; x_wconf 87' lang='lat' dir='ltr'><strong>codices</strong></span> <span class='ocrx_word' id='word_1_249' title='bbox 579 3843 618 3907; x_wconf 94' lang='lat' dir='ltr'><strong>ad</strong></span> <span class='ocrx_word' id='word_1_250' title='bbox 635 3844 769 3911; x_wconf 88' lang='lat' dir='ltr'><strong>iilornm</strong></span> <span class='ocrx_word' id='word_1_251' title='bbox 784 3846 919 3910; x_wconf 80' lang='lat' dir='ltr'><strong>ctassem</strong></span> <span class='ocrx_word' id='word_1_252' title='bbox 934 3846 1109 3926; x_wconf 84' lang='lat' dir='ltr'><strong>pertinere,</strong></span> <span class='ocrx_word' id='word_1_253' title='bbox 1125 3862 1142 3907; x_wconf 91' lang='lat' dir='ltr'><strong>a</strong></span> <span class='ocrx_word' id='word_1_254' title='bbox 1159 3844 1279 3908; x_wconf 89' lang='lat' dir='ltr'><strong>mendis</strong></span> <span class='ocrx_word' id='word_1_255' title='bbox 1295 3851 1353 3908; x_wconf 93' lang='lat' dir='ltr'><strong>aut</strong></span> <span class='ocrx_word' id='word_1_256' title='bbox 1368 3840 1535 3921; x_wconf 90' lang='lat' dir='ltr'><strong>corruptio·</strong></span> 
     </span>
     <span class='ocr_line' id='line_1_32' title="bbox 438 3940 1534 4029; baseline -0.003 -22"><span class='ocrx_word' id='word_1_257' title='bbox 438 3944 533 4010; x_wconf 84' lang='lat' dir='ltr'><strong>nibus</strong></span> <span class='ocrx_word' id='word_1_258' title='bbox 554 3957 792 4029; x_wconf 84' lang='lat' dir='ltr'><strong>exemptornm.</strong></span> <span class='ocrx_word' id='word_1_259' title='bbox 815 3946 859 4012; x_wconf 81' lang='lat' dir='ltr'><strong>m</strong></span> <span class='ocrx_word' id='word_1_260' title='bbox 873 3962 958 4029; x_wconf 89' lang='lat' dir='ltr'><strong>qnae</strong></span> <span class='ocrx_word' id='word_1_261' title='bbox 979 3946 1052 4011; x_wconf 89' lang='lat' dir='ltr'><strong>ideo</strong></span> <span class='ocrx_word' id='word_1_262' title='bbox 1067 3946 1237 4009; x_wconf 87' lang='lat' dir='ltr'><strong>emendare</strong></span> <span class='ocrx_word' id='word_1_263' title='bbox 1252 3945 1380 4027; x_wconf 86' lang='lat' dir='ltr'><strong>putarit</strong></span> <span class='ocrx_word' id='word_1_264' title='bbox 1400 3940 1534 4008; x_wconf 76' lang='lat' dir='ltr'><strong>Ramnes</strong></span> 
     </span>
    </p>
   </div>
   <div class='ocr_carea' id='block_1_2' title="bbox 433 4037 1533 4538">
    <p class='ocr_par' dir='ltr' id='par_1_4' title="bbox 433 4037 1533 4538">
     <span class='ocr_line' id='line_1_33' title="bbox 438 4037 1533 4132; baseline -0.011 -23"><span class='ocrx_word' id='word_1_265' title='bbox 438 4047 540 4111; x_wconf 85' lang='lat' dir='ltr'><strong>relat&#39;e</strong></span> <span class='ocrx_word' id='word_1_266' title='bbox 561 4047 601 4110; x_wconf 88' lang='lat' dir='ltr'><strong>ad</strong></span> <span class='ocrx_word' id='word_1_267' title='bbox 624 4046 742 4127; x_wconf 81' lang='lat' dir='ltr'><strong>Deum,</strong></span> <span class='ocrx_word' id='word_1_268' title='bbox 764 4055 822 4113; x_wconf 89' lang='lat' dir='ltr'><strong>ant</strong></span> <span class='ocrx_word' id='word_1_269' title='bbox 847 4047 974 4111; x_wconf 83' lang='lat' dir='ltr'><strong>divinae</strong></span> <span class='ocrx_word' id='word_1_270' title='bbox 995 4045 1160 4111; x_wconf 86' lang='lat' dir='ltr'><strong>Trinitatis</strong></span> <span class='ocrx_word' id='word_1_271' title='bbox 1182 4047 1384 4132; x_wconf 88' lang='lat' dir='ltr'><strong>mysterium,</strong></span> <span class='ocrx_word' id='word_1_272' title='bbox 1407 4037 1533 4109; x_wconf 90' lang='lat' dir='ltr'><strong>nonnisi</strong></span> 
     </span>
     <span class='ocr_line' id='line_1_34' title="bbox 435 4146 1532 4231; baseline -0.009 -19"><span class='ocrx_word' id='word_1_273' title='bbox 435 4166 455 4209; x_wconf 88' lang='lat' dir='ltr'><strong>a</strong></span> <span class='ocrx_word' id='word_1_274' title='bbox 468 4150 704 4231; x_wconf 83' lang='lat' dir='ltr'><strong>suspicionibus</strong></span> <span class='ocrx_word' id='word_1_275' title='bbox 717 4151 880 4216; x_wconf 84' lang='lat' dir='ltr'><strong>derivasse</strong></span> <span class='ocrx_word' id='word_1_276' title='bbox 894 4149 934 4213; x_wconf 91' lang='lat' dir='ltr'><strong>de</strong></span> <span class='ocrx_word' id='word_1_277' title='bbox 947 4150 1066 4214; x_wconf 85' lang='lat' dir='ltr'><strong>itornm</strong></span> <span class='ocrx_word' id='word_1_278' title='bbox 1083 4148 1232 4215; x_wconf 86' lang='lat' dir='ltr'><strong>codicum</strong></span> <span class='ocrx_word' id='word_1_279' title='bbox 1246 4146 1430 4211; x_wconf 86' lang='lat' dir='ltr'><strong>iaisatione:</strong></span> <span class='ocrx_word' id='word_1_280' title='bbox 1445 4156 1532 4224; x_wconf 87' lang='lat' dir='ltr'><strong>qnan-</strong></span> 
     </span>
     <span class='ocr_line' id='line_1_35' title="bbox 435 4246 1533 4335; baseline -0.008 -24"><span class='ocrx_word' id='word_1_281' title='bbox 435 4248 477 4314; x_wconf 91' lang='lat' dir='ltr'><strong>do</strong></span> <span class='ocrx_word' id='word_1_282' title='bbox 498 4253 611 4332; x_wconf 87' lang='lat' dir='ltr'><strong>ceteri,</strong></span> <span class='ocrx_word' id='word_1_283' title='bbox 633 4271 859 4335; x_wconf 88' lang='lat' dir='ltr'><strong>quoscumque</strong></span> <span class='ocrx_word' id='word_1_284' title='bbox 881 4254 940 4329; x_wconf 84' lang='lat' dir='ltr'><strong>tis,</strong></span> <span class='ocrx_word' id='word_1_285' title='bbox 966 4270 983 4314; x_wconf 90' lang='lat' dir='ltr'><strong>a</strong></span> <span class='ocrx_word' id='word_1_286' title='bbox 1007 4246 1207 4333; x_wconf 91' lang='lat' dir='ltr'><strong>Hieronymo</strong></span> <span class='ocrx_word' id='word_1_287' title='bbox 1223 4249 1311 4326; x_wconf 84' lang='lat' dir='ltr'><strong>lecti,</strong></span> <span class='ocrx_word' id='word_1_288' title='bbox 1333 4246 1533 4325; x_wconf 83' lang='lat' dir='ltr'><strong>undequaque</strong></span> 
     </span>
     <span class='ocr_line' id='line_1_36' title="bbox 434 4352 1520 4435; baseline -0.01 -21"><span class='ocrx_word' id='word_1_289' title='bbox 434 4354 583 4435; x_wconf 85' lang='lat' dir='ltr'><strong>corrupti</strong></span> <span class='ocrx_word' id='word_1_290' title='bbox 604 4354 777 4420; x_wconf 84' lang='lat' dir='ltr'><strong>rideantur</strong></span> <span class='ocrx_word' id='word_1_291' title='bbox 797 4354 838 4417; x_wconf 82' lang='lat' dir='ltr'><strong>ab</strong></span> <span class='ocrx_word' id='word_1_292' title='bbox 864 4352 1044 4417; x_wconf 85' lang='lat' dir='ltr'><strong>haereticis.</strong></span> <span class='ocrx_word' id='word_1_293' title='bbox 1069 4352 1161 4431; x_wconf 88' lang='lat' dir='ltr'><strong>lique</strong></span> <span class='ocrx_word' id='word_1_294' title='bbox 1185 4365 1298 4430; x_wconf 88' lang='lat' dir='ltr'><strong>reapse</strong></span> <span class='ocrx_word' id='word_1_295' title='bbox 1322 4354 1425 4425; x_wconf 88' lang='lat' dir='ltr'><strong>erant,</strong></span> <span class='ocrx_word' id='word_1_296' title='bbox 1450 4356 1520 4425; x_wconf 83' lang='lat' dir='ltr'><strong>qnos</strong></span> 
     </span>
     <span class='ocr_line' id='line_1_37' title="bbox 433 4450 1259 4538; baseline -0.001 -24"><span class='ocrx_word' id='word_1_297' title='bbox 433 4468 459 4514; x_wconf 85' lang='lat' dir='ltr'><strong>s.</strong></span> <span class='ocrx_word' id='word_1_298' title='bbox 483 4450 670 4536; x_wconf 84' lang='lat' dir='ltr'><strong>Pamphitns</strong></span> <span class='ocrx_word' id='word_1_299' title='bbox 691 4464 723 4521; x_wconf 92' lang='lat' dir='ltr'><strong>et</strong></span> <span class='ocrx_word' id='word_1_300' title='bbox 744 4454 934 4538; x_wconf 73' lang='lat' dir='ltr'><strong>Anonymns</strong></span> <span class='ocrx_word' id='word_1_301' title='bbox 955 4456 1032 4537; x_wconf 81' lang='lat' dir='ltr'><strong>jure</strong></span> <span class='ocrx_word' id='word_1_302' title='bbox 1053 4461 1259 4537; x_wconf 88' lang='lat' dir='ltr'><strong>respuerunt.</strong></span> 
     </span>
    </p>
   </div>
   <div class='ocr_carea' id='block_1_3' title="bbox 0 0 1692 5567">
    <p class='ocr_par' dir='ltr' id='par_1_5' title="bbox 0 0 1692 5567">
     <span class='ocr_line' id='line_1_38' title="bbox 0 0 1692 5567; baseline 0 4"><span class='ocrx_word' id='word_1_303' title='bbox 0 0 1692 5567; x_wconf 95' lang='lat' dir='ltr'><strong> </strong></span> 
     </span>
    </p>
   </div>
  </div>
 </body>
</html>
