3375 5567
392 630 440 701 bn

846 740 986 809 catut
1007 740 1065 807 lll.

397 942 548 1025 Sequitur
567 944 705 1009 recensio
723 946 760 1009 in
780 902 947 1028 otronpse
968 944 1156 1026 Hieronymi
1175 956 1204 1008 et
1228 943 1348 1029 liofflni
1361 951 1508 1017 transla-

434 1043 549 1108 tionem
562 1066 572 1105 .·
584 1046 668 1107 unm
681 1042 801 1127 lismoi
820 1044 976 1109 versionis
990 1044 1025 1107 in
1048 1045 1245 1112 periarchon
1260 1049 1416 1129 probatur
1434 1054 1507 1133 fides

432 1144 528 1209 sicuti
540 1154 569 1208 at
587 1146 777 1212 ortlodocin
793 1145 954 1229 Oripenis,
973 1155 1002 1209 et
1012 1148 1199 1229 praesertim
1219 1151 1256 1211 de
1275 1152 1506 1218 resurrectione.
1632 1189 1633 1192 π

396 1394 541 1518 Partim
561 1474 603 1519 ax
624 1456 806 1536 praemissis
825 1462 990 1518 ostensum
1011 1462 1060 1516 ast
1080 1452 1158 1534 qnid
1184 1454 1388 1520 sentiendum
1408 1457 1451 1521 ait
1471 1457 1508 1521 tla

395 1552 586 1640 Hieronymi
609 1558 778 1630 versione,
801 1554 899 1616 alteri
921 1551 1039 1616 Rullini
1061 1554 1284 1634 aequiparata.
1299 1554 1408 1638 ‘blodo
1432 1576 1509 1621 raro

395 1655 509 1719 endam
531 1656 644 1720 ordine
666 1664 775 1719 coiere
797 1656 828 1717 in
851 1652 996 1734 Epistola
1015 1652 1056 1715 ad
1089 1652 1223 1718 Avitum
1244 1664 1354 1719 notata
1379 1660 1509 1723 inresti-

394 1766 506 1837 pautas
520 1758 732 1839 amplioribus
746 1756 909 1836 suffragiis
922 1758 1395 1836 assequcmnr‚accuratinrem
1409 1777 1507 1839 quarn

396 1856 599 1942 Hieronymi,
623 1858 720 1923 luisse
740 1857 861 1922 lluffini
884 1857 1204 1938 interpretationem
1226 1876 1265 1921 ac
1294 1859 1368 1923 ideo
1393 1868 1507 1923 contra

394 1959 544 2039 dogmata
567 1960 725 2025 catbolica
749 1961 920 2038 bucusque
940 1974 1080 2038 expensa
1101 1958 1181 2021 nibil
1201 1959 1274 2021 inde
1294 1978 1336 2022 en
1357 1956 1509 2041 Origenia

393 2062 521 2139 scriptis
551 2061 731 2123 eruendum
753 2078 833 2123 essa.
862 2056 905 2121 bs
925 2075 962 2120 rc
982 2057 1114 2137 quidem
1141 2076 1241 2134 reru,
1262 2078 1304 2122 cx
1326 2056 1426 2123 Libro
1450 2058 1507 2123 lli.

393 2159 438 2223 lle
460 2158 637 2240 Principiis
653 2179 681 2224 c.
706 2158 760 2223 Vl.
774 2178 806 2223 n.
819 2157 851 2225 l.
867 2158 954 2240 quod
970 2158 1160 2222 imcribitur
1181 2156 1224 2221 De
1236 2157 1349 2221 mundi
1361 2178 1510 2223 conanen-

392 2260 541 2339 notione,
552 2260 770 2345 Hieronymus
791 2261 930 2325 incitata
953 2258 1113 2341 Epistola,
1128 2277 1207 2323 unm
1229 2260 1426 2325 verbotenus
1440 2262 1510 2326 site

393 2363 635 2443 paraphrastice
656 2363 776 2439 nescio,
798 2362 838 2425 da
859 2378 920 2426 suo
941 2361 1052 2424 codice
1075 2359 1157 2421 baec
1179 2358 1287 2422 tradit.

771 2560 873 2625 Verrio
893 2581 919 2625 a.
942 2557 1131 2639 Hieronymi

471 2789 488 2829 u
511 2766 608 2845 Quia,
625 2776 662 2833 ut
682 2769 799 2833 crebro
811 2768 879 2850 jam
894 2766 1048 2842 diximus,
1063 2764 1257 2848 principium
1275 2784 1393 2831 rursus
1415 2784 1459 2833 ex
1476 2767 1511 2830 il·

391 2886 431 2931 ne
452 2878 638 2949 generales,
660 2868 833 2951 quaeritur
854 2879 967 2933 utrum
987 2876 1020 2930 et
1036 2876 1113 2931 tuuc
1134 2865 1245 2931 inluta
1267 2866 1330 2929 sint
1350 2885 1510 2949 corpora,

390 2987 431 3033 an
451 2974 518 3033 sina
539 2972 732 3051 corporibus
753 2971 930 3053 aliquando
961 2968 1136 3032 vivendum
1155 2968 1217 3041 sit,
1248 2986 1352 3048 quum
1374 2969 1511 3033 redacta

391 3072 423 3133 in
444 3072 581 3135 nibilum
605 3072 746 3137 incripta
777 3080 811 3136 at
830 3069 1087 3155 incorporalium
1110 3068 1174 3132 rita
1204 3069 1421 3148 incorporalis
1442 3087 1514 3134 csse

392 3171 551 3235 credenda
566 3173 619 3251 sit,
642 3173 774 3253 qualem
794 3180 827 3237 at
848 3170 905 3235 llal
920 3171 1080 3234 norimus.
1103 3166 1173 3232 Nec
1187 3169 1323 3233 dubium
1343 3178 1406 3246 est,
1429 3171 1512 3251 quin

391 3274 418 3337 ai
440 3274 547 3337 omnia
568 3292 706 3356 corpora
741 3274 781 3337 atl
803 3272 960 3338 mnndum
982 3273 1080 3335 istum
1107 3270 1290 3334 sensibilem
1312 3271 1513 3352 pertineant,

392 3391 477 3455 quaa
491 3375 701 3457 appellantur
721 3375 761 3440 ab
777 3374 936 3455 Apostolo
951 3372 1103 3445 risibilia,
1125 3371 1237 3435 lutura
1257 3372 1298 3434 sit
1316 3373 1380 3435 rita
1400 3374 1514 3455 incor-

390 3477 553 3557 poralium
584 3476 808 3558 incorporalis.
842 3475 883 3538 m
903 3475 1003 3557 paulo
1025 3482 1118 3556 posta
1149 3473 1231 3536 illud
1262 3490 1397 3553 quoque
1419 3474 1513 3555 quod

391 3580 433 3641 ab
453 3578 565 3643 eodem
582 3579 739 3661 llpustnlo
760 3579 902 3643 dicitnr:
925 3575 1027 3640 omnia
1041 3585 1190 3640 creatora
1210 3572 1396 3638 liberabitur
1410 3596 1433 3639 n
1446 3594 1515 3638 ser·

390 3678 487 3742 vitute
507 3679 721 3760 corruptionis
740 3679 776 3743 in
796 3680 968 3743 libertatern
996 3678 1119 3759 plurios
1137 3675 1279 3757 filioram
1299 3674 1371 3749 Dei,
1392 3677 1442 3740 sic
1464 3680 1515 3740 iu·

391 3778 580 3860 tellipimns,
602 3782 791 3859 ntprimam
812 3789 998 3844 creaturam
1014 3777 1253 3842 rationabilium
1271 3786 1303 3839 et
1317 3777 1514 3856 incorpora·

390 3878 473 3943 lium
488 3898 556 3944 esse
571 3880 728 3957 dimmus,
744 3898 829 3963 quae
844 3899 907 3944 nou
923 3880 1045 3944 serviat
1057 3878 1271 3957 corruptioni,
1287 3895 1327 3939 en
1341 3877 1431 3957 qunti
1444 3895 1514 3942 nou

390 3981 432 4043 sit
454 3982 567 4043 vestita
589 3982 803 4062 corporibus;
825 3990 858 4046 ct
874 3981 1073 4058 ubicumque
1092 3993 1230 4057 corpora
1248 3976 1381 4052 inerint,
1396 3980 1514 4041 statim

391 4085 561 4165 corruptio
581 4085 812 4164 subsequatur.
833 4082 947 4147 Postea
968 4090 1077 4146 autem
1092 4079 1289 4145 liberabitur
1306 4077 1345 4140 de
1366 4079 1515 4141 servitu·

391 4190 423 4245 ta
443 4184 676 4265 corruptionis,
696 4185 826 4266 quando
849 4185 1031 4265 receperint
1052 4182 1190 4263 gloriam
1212 4178 1357 4243 illiorum
1377 4176 1452 4254 llei,
1477 4186 1515 4242 et

389 4280 478 4347 Deua
492 4282 593 4349 inerit
611 4286 716 4350 omnia
739 4286 771 4349 in
786 4287 944 4350 omnibus.
969 4282 1012 4348 El
1032 4286 1063 4346 iu
1079 4282 1192 4346 coelem
1214 4280 1306 4344 locos
1330 4276 1374 4343 Ut
1393 4289 1512 4342 antem

388 4374 619 4464 incorporeum
651 4384 745 4449 finem
766 4384 909 4448 omnium
934 4400 1044 4446 rerum
1066 4400 1135 4445 esse
1156 4380 1346 4455 credamus,
1369 4377 1426 4440 illa
1449 4396 1514 4442 una

388 4480 567 4548 salvatoris
580 4486 690 4549 oratio
711 4494 883 4565 provocat,
899 4487 930 4547 in
951 4501 1016 4565 qua
1038 4482 1104 4547 ait:
1126 4493 1163 4546 nt
1179 4479 1401 4563 quomodoapo
1419 4487 1450 4541 et
1471 4488 1512 4541 tos
1632 4507 1633 4516 2
