3375 5567
1192 728 1237 779 vlt

171 825 280 923 imerii
309 830 365 905 sui
406 831 567 908 fructum
595 832 853 916 ostenderent,
884 830 921 906 hi
948 830 1144 921 videlieet,
1171 834 1233 930 qui

170 955 276 1052 dnos
292 981 332 1035 se
345 973 386 1035 et
403 982 555 1057 capaces
573 959 618 1034 ad
638 960 885 1059 recipiendam
906 959 1121 1059 sapientiam
1137 982 1237 1058 pras·

168 1100 371 1179 pararent.»
402 1086 494 1162 lline
526 1086 753 1163 manifestior
779 1087 976 1163 exhibetur
1005 1087 1173 1187 Origenis
1199 1087 1236 1161 in

168 1210 222 1285 lroc
236 1213 355 1289 studio
381 1238 529 1313 scopus,
547 1216 642 1291 idest
658 1230 701 1292 ut
724 1215 930 1291 incredulos
957 1215 1235 1314 haereticosque

167 1339 328 1431 nointet3
352 1366 396 1419 ac
424 1343 569 1442 ignaros
594 1344 770 1421 dubiosae
800 1322 945 1431 doceat,
970 1366 1013 1420 aa
1034 1366 1237 1443 proponens

165 1483 355 1564 moenera
385 1472 539 1547 mnenda
554 1473 700 1548 suntab
717 1473 912 1562 omnibus3
930 1488 969 1549 et
995 1496 1088 1571 quae
1108 1472 1238 1548 etiam-

166 1596 192 1669 sl
213 1596 293 1672 talia
323 1596 488 1673 hbenda
518 1599 615 1684 sint,
643 1613 807 1675 attamen
844 1602 881 1675 in
914 1602 1044 1678 horum
1072 1616 1238 1675 serutan·
1397 1618 1404 1631 ¹

164 1722 201 1797 dn
221 1724 414 1811 rationem,
439 1748 513 1801 non
539 1727 610 1801 nisi
637 1728 782 1826 ingenio
810 1728 1009 1826 praeditos,
1031 1727 1236 1823 mentisque

163 1852 433 1938 exercitatione,
456 1868 496 1930 et
521 1854 673 1930 coelesti
706 1856 925 1953 praesertim
953 1854 1090 1932 auxilio
1117 1876 1240 1929 cumu-

164 1977 254 2065 latos,
282 1983 358 2055 ista
383 1997 618 2077 assecuturos
645 1984 746 2060 dicit.
1209 1968 1211 1975 ¹

252 2107 320 2183 llis
348 2109 573 2209 praemissis,
597 2112 792 2187 ordinatim
825 2136 863 2187 n.
892 2106 931 2187 l.
961 2123 1239 2188 enumeraturus
1305 2193 1312 2211 ⁸

162 2238 299 2327 aenda
321 2239 514 2315 manifesto
532 2263 600 2338 per
623 2240 862 2339 apostolicam
889 2240 1120 2316 traditionem
1140 2260 1240 2336 prae·

163 2364 279 2452 dimta,
307 2367 405 2442 idest
429 2368 553 2443 muudi
574 2370 797 2445 creationem
824 2392 872 2443 ex
900 2368 1031 2452 nilrilo,
1049 2365 1239 2441 Trinitatis

162 2493 290 2571 dirioae
318 2499 552 2595 mysterium,
583 2497 763 2595 llerltique
792 2495 1099 2582 lnoarnatiouom,
1128 2494 1261 2593 spirt,

163 2634 212 2695 tua
236 2622 364 2700 Sancti
389 2624 641 2713 divinitatem,
668 2626 714 2701 do
742 2648 814 2725 quo
841 2622 1070 2703 solummodo
1103 2606 1241 2709 innuit,

162 2772 222 2822 non
250 2753 444 2851 perspicue
474 2753 646 2840 discerni,
671 2770 793 2828 utrum
820 2768 926 2828 notus
950 2776 998 2827 on
1025 2756 1169 2826 inactus
1197 2753 1243 2825 sit

163 2875 308 2975 Spiritus
337 2876 492 2956 Sanctus
517 2894 589 2956 otc.
620 2882 702 2957 ideo
729 2882 799 2957 hoe
818 2904 901 2957 esse
931 2905 952 2954 a
980 2879 1177 2977 Scripturis
1205 2890 1243 2953 et

160 3008 269 3103 napaei
290 3007 417 3083 studio
439 3007 744 3106 investigandum.
766 3008 859 3083 ltem
879 3001 917 3081 n.
940 3002 980 3081 5.
1004 3006 1069 3091 ait,
1088 3002 1242 3078 manile-

163 3135 314 3213 stissirne
335 3138 372 3212 in
389 3137 554 3213 ecelesiis
569 3136 786 3235 praedicari,
805 3138 980 3223 animam,
999 3132 1243 3210 substantiam

160 3277 194 3336 et
218 3266 333 3339 vitam
360 3288 445 3340 cunr
472 3264 607 3341 lrabeat
635 3265 833 3363 propriam,
858 3287 904 3339 ex
933 3264 1002 3339 hoe
1030 3261 1166 3337 mundo
1194 3260 1244 3334 di·

161 3382 380 3480 euenum,
406 3414 454 3466 ex
481 3393 625 3467 meritis
652 3392 729 3467 suis
753 3405 817 3466 aut
839 3403 990 3467 aeterna
1015 3386 1242 3464 heatitudine

162 3516 361 3606 fruituram,
380 3497 458 3602 sire
478 3519 665 3619 suppliciis
685 3520 853 3594 mulctari
872 3516 1105 3616 sempiternis
1112 3536 1124 3601 3
1143 3534 1243 3589 eam·

161 3644 310 3745 umque
334 3646 494 3721 animam
512 3648 550 3721 iu
577 3646 843 3722 resurreetione
869 3667 1001 3742 corpus
1021 3643 1243 3717 induturum.

162 3769 329 3850 Similiter
357 3775 570 3873 praedicari,
596 3775 690 3851 hune
715 3774 874 3849 animam
902 3770 1132 3855 rationalem,
1161 3768 1246 3841 libe·

163 3924 231 3975 ram
257 3926 357 3990 esse,
385 3904 512 4003 suique
536 3903 642 3996 iuris,
665 3917 704 3980 et
730 3925 814 3977 oum
839 3899 1057 3977 advorsariis
1084 3908 1245 3994 potesta·

164 4029 252 4106 tibus
283 4033 323 4105 in
346 4032 416 4106 lrae
444 4032 519 4107 rita
548 4032 779 4107 contendere.
812 4028 886 4104 Nisi
915 4027 1011 4127 quod
1041 4024 1141 4099 addit
1169 4010 1245 4098 Ori·

166 4180 281 4250 ssener,
297 4182 371 4235 non
391 4158 517 4235 haberi
530 4158 873 4235 manifestissimum
893 4158 928 4231 in
950 4151 1133 4229 Ecclesiae
1148 4168 1248 4246 prae

166 4285 337 4365 dicatione
365 4290 473 4383 hujus
493 4289 637 4363 animae
665 4288 811 4363 initium
840 4286 876 4359 in
902 4304 1066 4381 corpore,
1090 4300 1160 4375 qua
1188 4296 1247 4347 ra·

168 4415 257 4491 tione
284 4418 440 4504 scilieet,
459 4432 499 4494 et
509 4418 603 4495 unde
628 4438 671 4491 ea
697 4420 758 4491 sit.
