3375 5567
150 777 346 858 prarinriiua
365 781 554 848 criminibus
573 785 674 848 semei
698 785 855 848 absolutis
883 784 1045 861 fidelibus,
1068 785 1254 863 eisdemque

150 879 263 943 iterum
283 881 316 944 in
334 899 371 946 ea
387 893 519 971 peccata
536 885 682 964 relapsis,
699 886 877 950 osseruerii
890 904 953 949 non
968 905 1037 950 esso
1052 886 1161 950 locum
1178 903 1253 966 pnn-

148 984 294 1047 nitentiee
313 984 344 1046 in
368 983 510 1050 Ecclesia
533 987 784 1050 concedendum.

222 1082 264 1148 Et
282 1085 324 1148 ad
346 1088 432 1153 inune
453 1089 562 1152 iocum
584 1097 616 1152 ct
638 1107 698 1169 pro
717 1088 900 1169 argumenti
924 1089 1140 1153 illustratione
1157 1106 1252 1150 revo-

148 1202 219 1248 care
239 1207 410 1267 possumus
430 1189 560 1254 &lotia
580 1189 618 1252 ie
630 1187 867 1256 liastmona.
884 1187 1004 1254 XViii.
1023 1211 1051 1252 n.
1065 1188 1116 1254 it.
1140 1188 1251 1254 ani·

147 1286 250 1351 itndin
270 1290 355 1353 edita
366 1311 380 1371 3
401 1294 457 1356 uiti
480 1291 598 1356 Cirristi
623 1293 719 1356 rerba
746 1296 995 1372 expenduntur:
1019 1291 1048 1356 ai
1069 1302 1173 1355 cutem
1197 1291 1256 1354 idc-

146 1386 267 1452 eiest'cm
288 1409 353 1454 noe
371 1390 524 1467 undiert't,
547 1392 588 1456 ait
608 1390 667 1456 iiii
686 1390 770 1456 ment
783 1394 924 1456 clinicus
938 1404 968 1457 et
982 1393 1197 1473 publicanus:
1214 1413 1252 1458 ac

148 1491 267 1554 deinde:
286 1509 351 1556 nou
363 1492 435 1556 dico
445 1491 503 1557 lidi
516 1513 613 1576 neque
626 1494 748 1574 septies,
763 1497 817 1557 aed
832 1515 929 1575 usqne
942 1495 1119 1576 septuupies
1132 1495 1252 1574 septies.

147 1590 191 1655 ile
210 1595 330 1674 quibus
350 1597 417 1660 ita:
440 1597 516 1660 elit
537 1595 693 1661 Dominus
713 1598 821 1660 nullos
838 1617 907 1661 esne
923 1599 1041 1662 debere
1056 1599 1175 1661 limites
1188 1597 1253 1661 cie·

148 1697 281 1760 montiae
298 1697 479 1777 aiqniiicnna
493 1700 549 1773 ait,
569 1699 650 1762 iliud
665 1697 842 1779 septuupies
862 1709 993 1779 sepiem:
1016 1701 1077 1762 isoc
1097 1708 1160 1773 cst,
1174 1716 1256 1779 quo·

148 1797 343 1878 meumque
364 1810 476 1878 peccat
496 1804 528 1863 iu
551 1811 600 1875 te,
622 1804 649 1864 si
669 1821 745 1865 eum
766 1803 930 1881 poenitet,
953 1801 1078 1864 dimitte
1103 1802 1143 1864 ei.
1168 1799 1254 1876 Quia

148 1897 176 1956 in
186 1902 472 1964 excommunicetis
487 1919 670 1965 mensuram
685 1902 913 1965 determinavit
926 1899 1087 1976 Christus,
1102 1919 1164 1964 uon
1178 1903 1255 1964 item

148 1998 237 2061 etiarn
259 2003 291 2064 in
315 2004 562 2082 poenitentibus,
585 2006 701 2068 merito
723 2004 901 2083 interrogat
924 2002 1059 2066 Petrus:
1078 2019 1252 2082 quousque
1388 2077 1391 2084 Δ

147 2108 291 2178 oportent
301 2103 468 2183 suscipere
482 2102 715 2182 poenitentem?
729 2104 868 2167 Attoude
884 2122 996 2184 porro,
1007 2105 1032 2167 si
1048 2103 1117 2168 lieri
1134 2109 1250 2183 polest:

146 2204 293 2278 quoniam
316 2217 472 2267 uumerus
491 2207 637 2269 senarius
652 2207 857 2283 operatorius
873 2214 921 2268 est
935 2207 1031 2268 etiam
1048 2207 1079 2268 iu
1090 2207 1254 2268 creatione

148 2303 275 2378 mundi,
295 2308 498 2384 septenarius
521 2325 599 2370 tero
620 2311 799 2386 requietem
822 2307 940 2386 liabet3
963 2308 1064 2387 isqui
1095 2307 1255 2370 mundana

147 2411 176 2464 ei
193 2405 374 2468 materialia
388 2406 492 2487 diligit
507 2427 653 2487 peccans,
668 2407 763 2471 iinem
778 2409 874 2471 habet
891 2407 1149 2482 ,hebdomadamt
1166 2406 1254 2486 quod

147 2507 322 2585 recogitans
343 2507 478 2583 Petrus,
501 2511 670 2590 indulgere
693 2511 763 2572 ruit
783 2510 912 2588 septies.
930 2506 974 2576 ’O
990 2503 1024 2578 di
1043 2505 1166 2609 Κύριος
1186 2508 1259 2576 e'ttt-

145 2602 230 2675 τείνει
253 2605 349 2676 eiuro
374 2605 408 2679 in
430 2609 475 2704 τῷ
494 2608 580 2707 ἀντῷ
601 2608 726 2710 τρόπῳ,
742 2607 906 2702 ἀναλόγως
927 2605 988 2706 'perp'
1011 2609 1154 2706 politos
1183 2605 1260 2716 πρὸς

147 2703 278 2790 δυάδας
299 2711 360 2785 ml
381 2709 607 2798 ἑκατοντάδας,
631 2712 675 2798 ὥς
687 2710 742 2785 τὸν
757 2711 944 2816 ὑπερβάντα
959 2710 1001 2787 ταὶ
1013 2710 1171 2808 conpressi,
1193 2741 1260 2810 μη·

146 2813 206 2885 κέτι
226 2813 318 2910 ἔχειν
339 2812 447 2913 ἄφεσιν
467 2820 528 2890 τῶν
550 2818 795 2920 ἁμαρτημάτων
813 2845 823 2864 ·
840 2821 862 2903 η’
878 2815 941 2917 pop*
955 2819 1064 2916 ἄφεσις
1078 2816 1132 2892 ini
1149 2816 1192 2891 τά
1205 2822 1260 2918 τῇ·

147 2915 177 2990 de
190 2917 250 2992 ἔιτε
261 2923 376 3026 βραδύ
390 2918 452 2995 itta
466 2924 583 3021 τάχιον
595 2930 617 2989 i
632 2949 661 2992 e.
677 2931 720 2990 tt
735 2928 890 2991 Dominus
906 2930 1050 2992 extendit
1064 2930 1127 2993 iroc
1140 2929 1254 2992 eudem

148 3028 250 3099 undo,
273 3028 377 3090 relatu
399 3032 522 3092 unitate
542 3049 616 3094 cnm
639 3032 848 3110 proponimus
869 3030 908 3092 ad
932 3029 1068 3094 decadas
1089 3037 1122 3092 ci
1143 3039 1255 3092 ceniu-

147 3125 226 3188 riase
242 3129 327 3210 adeo
349 3138 385 3192 nt
405 3131 462 3210 qui
486 3133 644 3193 mundone
669 3130 877 3206 transcendit,
894 3149 956 3194 nou
977 3131 1117 3209 amplius
1139 3131 1257 3192 habeut

148 3229 363 3291 remissionem
385 3241 604 3310 poeoniorum.
628 3229 785 3294 Remissio
806 3231 890 3293 enim
914 3232 968 3292 iiic
990 3230 1026 3292 iit
1045 3235 1114 3293 sive
1137 3231 1254 3304 scrius,

148 3325 210 3389 sire
230 3329 372 3392 citius.»

221 3428 311 3492 Duas
332 3436 534 3509 quaestiones
549 3435 580 3495 in
602 3434 664 3496 iroc
684 3433 758 3496 loco
776 3434 908 3498 discutit
922 3431 1089 3510 Origenes.
1116 3429 1183 3496 Uno
1208 3451 1258 3495 re·

147 3531 233 3606 spicit
252 3535 490 3613 correptionem
514 3537 692 3614 peccatoris
714 3554 756 3598 ex
781 3533 946 3600 Ecclesiae
967 3541 1058 3611 purte
1080 3533 1255 3596 mouentis:

148 3636 287 3710 quamsi
308 3636 424 3698 nudire
444 3637 587 3699 uoluerit
618 3649 791 3716 peccator,
814 3647 908 3699 extre
930 3637 1020 3699 iiiam
1050 3636 1202 3717 ojicitur3
1224 3644 1257 3697 et

149 3742 296 3814 tanquam
311 3735 459 3801 ethnicus
474 3747 648 3818 reputatur
657 3749 692 3802 et
706 3739 908 3818 publicanus,
928 3755 989 3798 nou
1011 3738 1149 3816 nmpiius
1165 3733 1256 3799 Cirri-

147 3837 183 3896 sti
203 3839 362 3918 particeps
382 3840 642 3916 promissionum.
667 3840 778 3901 Altera
801 3855 878 3900 veru
900 3838 1048 3916 quaestio
1070 3843 1256 3930 peccatores

147 3937 289 4002 simulet
309 3941 508 4018 poenitentes
528 3943 560 4003 in
584 3939 725 4005 Ecclesia
750 3939 889 4018 respicii.
909 3936 1048 4018 ideoque
1071 3939 1152 3998 hanc
1167 3937 1198 3998 in
1220 3936 1256 3996 ii·

150 4036 186 4101 iia
205 4042 371 4105 coustituit
390 4041 626 4106 diiiereniiam:
653 4041 805 4124 quonium
823 4040 859 4102 iu
877 4036 1154 4102 excommunicetis
1173 4053 1257 4098 meu·

150 4157 252 4204 rernm
273 4139 493 4204 determinavit
517 4140 682 4215 Christum
703 4161 767 4206 nun
787 4140 861 4204 item
881 4139 976 4204 etium
989 4156 1081 4218 snper
1099 4134 1258 4217 poeniteu-

149 4249 189 4300 tee
208 4253 268 4306 etc.
293 4241 342 4305 Ex
363 4243 482 4322 quibus
510 4244 599 4306 clare
619 4248 771 4319 eruitur,
801 4243 961 4306 hominem
994 4249 1196 4319 peccatorem
1223 4244 1255 4300 ei

149 4343 271 4419 quidem
293 4342 435 4413 fidelem,
457 4361 561 4422 usqne
582 4345 660 4407 dum
681 4346 713 4405 in
729 4345 790 4406 hoc
812 4341 932 4406 mundo
953 4339 1051 4419 degit,
1066 4339 1177 4403 iocum
1200 4337 1257 4400 ob·

152 4446 247 4507 tinore
264 4446 491 4525 poenitentioe,
509 4456 672 4526 quotquot
686 4457 720 4509 et
739 4445 913 4526 quantovis
936 4451 1065 4522 peccota
1083 4443 1113 4502 in
1128 4440 1187 4502 hnc
1210 4440 1254 4500 vi·

150 4552 178 4606 ta
197 4547 261 4627 ipse
280 4546 447 4609 admiserit
457 4565 469 4623 ;
483 4545 660 4612 dnmmodo
682 4549 874 4628 priusquam
891 4544 931 4608 ab
954 4543 1014 4607 hoc
1030 4542 1150 4606 mundo
1162 4542 1254 4604 decc·
