3375 5567
546 755 686 828 CAPUT
707 755 838 825 XXXV.
1193 653 1253 724 m

150 960 189 1027 lle
205 959 417 1028 Possitestine
435 959 638 1028 Sacramenta
655 962 723 1026 sire
741 963 779 1026 de
798 957 1029 1043 Exomologesi
1052 957 1253 1042 &sindone

183 1075 209 1129 et
226 1061 414 1128 Remissioris
430 1072 657 1144 peecatorem,
677 1063 756 1147 perid
774 1061 907 1128 senserit
923 1061 1123 1145 dwmritpue
1144 1059 1253 1144 Orige-

181 1184 244 1245 ser,
264 1168 470 1248 expleretur.

149 1411 319 1562 Quemvis
338 1471 531 1552 longissimis
560 1470 815 1536 discussionibus
837 1488 898 1554 pro
917 1469 1057 1552 Origene
1079 1469 1253 1534 elaboratis

146 1576 294 1639 lectorem
313 1575 502 1640 lucessitnsn
518 1574 665 1654 videsm;
686 1573 897 1637 nibilomlnus
911 1572 1018 1638 bostes
1033 1574 1074 1635 sb
1088 1589 1254 1654 expugne-

146 1678 225 1740 tione
248 1677 326 1741 lessi
348 1696 412 1740 non
434 1677 596 1741 videntur.
623 1673 848 1756 Undequeque
878 1677 963 1738 enirn
987 1684 1021 1739 et
1042 1675 1188 1755 qnotidie
1210 1676 1252 1737 sb

145 1779 258 1843 eisdem
279 1779 448 1844 obsidetur
470 1787 502 1843 et
530 1779 710 1859 premiturr
737 1783 769 1841 et
790 1792 1001 1858 quocumque
1026 1783 1056 1840 te
1089 1786 1195 1840 vertes
1218 1785 1251 1841 et

145 1901 160 1944 n
178 1881 292 1962 priscis
311 1886 345 1945 et
364 1899 382 1944 s
402 1881 637 1945 recentioribus
656 1880 799 1962 egitntur
824 1878 944 1942 insidiis
973 1877 1119 1942 doctrine
1140 1879 1250 1960 ipsius.

145 1979 283 2046 llnltnrn
304 1982 434 2064 quidem
456 2000 473 2045 s
495 1982 645 2061 noueris,
675 1990 709 2046 et
730 1981 825 2046 uelde
847 1981 940 2044 rslde
953 1991 973 2057 ,’
992 1981 1122 2044 lubente
1141 1981 1254 2046 seculo

145 2091 283 2162 quarto,
304 2083 469 2163 impetitus
498 2083 561 2147 luit
580 2082 622 2146 sb
642 2083 849 2147 adversariis.
880 2081 922 2146 Et
941 2083 967 2147 si
998 2084 1030 2146 is
1059 2083 1253 2164 quibusdem

144 2183 381 2263 quaestionibus
403 2190 479 2247 tnnc
500 2183 842 2249 erentrudiotionibus
864 2187 979 2249 mansit
997 2186 1161 2261 immunis,
1184 2204 1253 2249 mo·

144 2283 181 2348 do
194 2285 300 2362 noris,
317 2285 489 2365 dequibus
508 2293 633 2349 veteres
643 2286 777 2362 siluere,
794 2285 1091 2364 contestationibus,
1106 2285 1252 2369 ejusdem

145 2385 223 2450 leuse
246 2387 372 2468 petitur
392 2387 587 2451 discrimino.
603 2383 697 2464 ane
717 2388 965 2452 contestationes
986 2406 1061 2454 eum
1083 2385 1253 2452 heterodo-

144 2505 262 2551 xorum
283 2490 462 2553 recentium
482 2487 599 2570 jurent
619 2488 745 2569 plneitis
774 2488 948 2554 adeersum
970 2487 1115 2555 Cenones
1136 2489 1256 2554 triden-

143 2589 231 2665 tinos,
257 2591 332 2664 bine
352 2590 450 2654 etism
470 2591 560 2671 ipsse
586 2587 737 2671 Origenis
757 2591 1037 2672 oppugnatoribus
1057 2597 1200 2671 prosunt
1213 2591 1253 2654 nd

143 2689 287 2771 ejusdem
310 2691 533 2773 energuendos
553 2709 696 2754 errores.

212 2791 286 2856 llee
314 2799 424 2858 sutem
455 2791 596 2858 menime
628 2791 847 2856 Poenitentlse
873 2801 1112 2858 recrementum
1134 2791 1255 2873 pertiu-

143 2902 230 2972 gunt,
248 2900 307 2957 sut
327 2895 435 2976 potins
455 2902 664 2974 peecatorum
680 2895 919 2958 remissionem:
938 2894 992 2958 nbi
1008 2896 1096 2958 visos
1111 2900 1160 2957 est
1179 2909 1255 2956 oum

142 2996 341 3061 montanistis
356 3003 389 3061 et
402 2997 582 3060 novstienis
596 2996 783 3061 convenisse
797 2993 954 3076 Origenes
970 2995 1012 3059 ob
1025 3013 1076 3073 es,
1093 3011 1178 3076 quse
1198 2993 1255 3056 do·

140 3101 206 3162 nuit
226 3099 262 3161 in
273 3096 376 3161 Libro
392 3095 437 3160 Dr
454 3094 604 3161 Oratione
618 3115 649 3161 ιι.
662 3093 715 3164 ts.
734 3095 901 3177 Evangelii
916 3096 1013 3160 verbe
1030 3113 1207 3178 exponens:
1225 3102 1255 3158 et

138 3196 260 3261 dimitte
273 3193 361 3260 nobis
375 3195 475 3261 dedita
488 3207 611 3271 nosne,
624 3194 722 3260 sieuti
741 3207 770 3259 et
782 3215 840 3260 nes
854 3194 1046 3261 dinsittimtrs
1064 3193 1255 3264 debitoribus

139 3295 267 3362 sostris.
291 3296 419 3375 Quibus
433 3296 643 3379 explennndis
658 3300 739 3362 boec
760 3297 802 3361 nb
816 3318 856 3363 eo
870 3307 1026 3364 notentur
1039 3300 1124 3364 diets
1143 3317 1186 3366 ex
1198 3299 1257 3366 lu·

140 3401 228 3464 suuis
244 3402 349 3482 sepite
363 3396 446 3463 XX:
463 3421 481 3461 s
497 3395 638 3479 decipite
652 3396 810 3480 Spiritum
827 3395 994 3477 Quorum,
1005 3419 1145 3482 pererrem
1162 3399 1257 3466 ressi-

139 3501 242 3566 seritis
257 3512 401 3584 pareto,
422 3500 631 3565 remitteretur
649 3500 714 3576 eie,·
732 3512 762 3565 et
780 3520 917 3583 puerum
935 3501 1132 3567 retinueritis
1152 3512 1254 3568 reters-

140 3613 172 3667 te
192 3613 280 3668 runt.
303 3605 366 3668 lete
380 3605 406 3668 si
428 3605 551 3685 ubsque
572 3604 719 3668 examine
740 3605 958 3686 recipientur,
977 3604 1148 3672 eoensendi
1169 3606 1257 3670 ride·

140 3705 266 3771 buntur
288 3707 440 3788 apostoli,
462 3706 549 3787 quod
574 3724 638 3769 non
664 3705 813 3770 omnibns
839 3707 1025 3785 remittent,
1051 3716 1087 3772 ut
1107 3708 1257 3773 omnibns

142 3810 346 3886 remittetur3
367 3808 423 3872 sed
438 3806 656 3888 quorumdem
674 3810 832 3874 retineant
853 3817 997 3889 peresis,
1015 3809 1058 3872 its
1074 3816 1112 3873 ut
1128 3827 1187 3890 per
1201 3827 1256 3873 eos

142 3908 238 3970 etism
259 3909 345 3988 opud
367 3905 473 3971 neom
494 3907 704 3971 retineantur.
735 3903 822 3971 Utile
843 3916 954 3972 eutem
976 3908 1040 3971 erit
1068 3907 1257 3988 exemplum

141 4023 158 4067 s
173 4006 260 4089 Lege
279 4005 516 4086 desumerent
535 4007 735 4089 intelligetur
749 4026 800 4084 ee,
816 4026 902 4089 quse
922 4025 982 4089 per
996 4008 1140 4072 homines
1155 4025 1172 4070 s
1188 4005 1258 4071 Deo

142 4107 189 4185 n,
209 4110 354 4173 remissio
369 4116 578 4192 peecatorum
594 4109 788 4173 bominibus.
805 4109 1027 4174 Probibeniur
1045 4106 1137 4189 Legis
1152 4126 1260 4172 secer·

141 4208 232 4273 dotes
252 4229 311 4292 pro
332 4212 527 4292 quibusdem
547 4212 672 4276 delictis
698 4210 819 4275 ollerre
839 4209 1048 4287 sucrificium,
1066 4218 1102 4274 nl
1124 4211 1174 4288 lis,
1196 4229 1257 4292 pro

143 4311 260 4391 quibus
279 4311 436 4377 secribein
453 4311 651 4388 oliernntur,
667 4312 876 4376 remittentur
887 4309 1014 4374 delicte.
1029 4307 1098 4374 Nee
1113 4329 1257 4392 unquam

143 4412 315 4490 sacerdos,
339 4416 396 4495 qui
424 4414 643 4479 involuntarie
673 4412 833 4494 quaedem
856 4411 1038 4475 remittendi
1066 4418 1257 4491 potestatem

142 4509 249 4593 bebet,
264 4523 322 4580 snt
336 4533 397 4597 pro
414 4514 540 4580 delictis
560 4513 729 4592 offerendi,
742 4514 811 4595 jam
830 4513 925 4578 etism
948 4528 1008 4593 pro
1020 4511 1184 4575 sdnlterio
1199 4520 1257 4574 snt
