3375 5567
178 763 199 816 rt
212 765 324 836 propter
338 756 488 833 sitientes,
505 755 623 822 sitiens.
646 755 844 824 Protnndius
868 775 959 834 vero,
976 761 1130 840 quoniam
1143 777 1206 824 nou
1219 761 1266 822 di·

178 869 248 921 rinna
267 868 322 922 est:
343 861 394 922 scd
412 860 555 940 fremat
575 858 604 922 οἱ
624 870 774 941 quotquot
793 862 962 926 vetemus
981 864 1020 924 is
1038 882 1082 925 eo.
1104 861 1152 925 Ea
1181 865 1265 927 enim

177 977 243 1039 qnae
262 961 475 1040 patiebantur,
492 963 620 1042 spiritui
642 973 675 1027 et
700 966 811 1028 virtuti
829 963 921 1027 Etiae
941 964 1049 1028 innixa
1068 973 1175 1039 mant,
1190 982 1266 1029 eum

174 1064 257 1123 asima
278 1059 406 1124 loannis
428 1069 584 1125 nen-crat
604 1067 708 1128 anima
732 1063 835 1128 Elian:
860 1065 998 1130 tortasse
1018 1073 1051 1129 et
1071 1067 1169 1129 otiam
1190 1084 1264 1131 eor·

173 1180 235 1240 pes,
255 1162 377 1223 diversa
400 1161 484 1224 onim
514 1164 692 1227 rationein
721 1182 862 1243 corporo
882 1167 986 1228 anima
1009 1174 1042 1229 et
1068 1167 1203 1246 spiritus
1232 1175 1264 1229 et

173 1264 267 1341 rirtns3
287 1272 319 1324 et
342 1261 404 1325 alia
425 1265 502 1326 item
525 1267 650 1329 ratione
672 1271 791 1347 cerpus
809 1267 889 1348 justi
910 1267 943 1329 in
963 1266 1155 1331 melioribus
1168 1269 1265 1347 quast

173 1365 195 1424 in
213 1363 254 1424 bis
274 1362 446 1426 conticium
467 1363 555 1428 stab
571 1365 619 1428 bis
634 1366 789 1444 pendeant
812 1365 869 1446 qui
889 1376 994 1431 nutem
1008 1365 1043 1430 io
1054 1385 1151 1431 corne
1166 1377 1262 1445 ruat,

171 1463 219 1525 deo
232 1464 354 1542 ptacers
373 1482 439 1526 non
456 1475 602 1545 possunt.
633 1463 689 1529 Vos
710 1476 813 1529 nutem
838 1468 876 1532 is
900 1486 996 1531 coras
1015 1487 1079 1531 eoo
1099 1468 1191 1541 estin
1210 1469 1266 1544 ssd

170 1563 332 1644 inspiritu:
354 1563 384 1626 si
403 1573 507 1628 temen
526 1563 662 1645 spiritns
686 1565 743 1629 Dei
763 1565 884 1632 muse
904 1567 941 1631 is
961 1567 1059 1632 nobis.
1080 1569 1265 1634 Peccatoris

170 1685 285 1746 umque
304 1667 411 1730 anima
434 1667 464 1729 in
485 1685 584 1730 earne
605 1673 678 1741 est,
695 1667 777 1750 justi
798 1679 909 1734 autem
930 1673 963 1734 ie
983 1672 1112 1752 spiritu.
1134 1691 1152 1729 n

230 1765 413 1848 Utcumque
431 1767 512 1832 bane
530 1768 609 1831 velis
627 1771 875 1849 expositionem,
891 1771 1096 1836 desideretur
1114 1773 1147 1835 in
1162 1774 1265 1837 veteri

171 1867 429 1948 interpretatione.
451 1866 691 1935 Tantummodo
713 1872 950 1935 advertendum
971 1891 1040 1936 esse
1061 1872 1160 1945 duco,
1188 1874 1266 1936 cita·

170 1975 222 2030 tum
242 1972 621 2051 testimeniumspropter
633 1971 778 2051 infirmos
793 1972 941 2054 infirmos
963 1973 1015 2055 soi
1034 1982 1096 2038 etc.
1117 1990 1181 2038 uon
1201 1973 1265 2055 ieri

170 2071 192 2131 in
212 2071 382 2152 Evangelio
403 2069 580 2152 biattbaei;
603 2079 636 2136 et
663 2072 706 2135 ob
727 2075 788 2138 boe
813 2082 907 2153 pntst
939 2073 1080 2138 Rectius
1099 2082 1266 2154 sumptum

169 2171 247 2235 inisse
265 2174 305 2235 ab
326 2171 469 2253 Origene
489 2189 533 2236 ex
563 2173 758 2257 apocryphis
780 2183 859 2238 tune
880 2173 1154 2237 invalescentibus
1179 2171 1266 2236 Scri·

168 2275 260 2353 pteris.
284 2273 354 2354 Ege
378 2292 455 2338 vero
476 2274 573 2338 aliter
593 2275 635 2337 ab
656 2271 778 2338 fluctio
798 2276 950 2361 sentiens,
971 2273 1045 2339 dieo
1066 2292 1130 2337 non
1150 2273 1265 2355 Orige-

168 2393 222 2438 nen
241 2393 275 2440 ea
303 2376 404 2440 rerba
426 2377 562 2454 citasse,
584 2376 641 2440 sod
664 2376 871 2458 bnoupmum
900 2375 1124 2440 Giossatorem
1144 2369 1264 2441 Christi

169 2479 336 2539 sententiam
359 2477 598 2540 commiscuisse
619 2476 786 2556 iis,'quae
805 2476 918 2540 scribit
942 2476 1121 2556 Apostolus
1142 2476 1181 2538 ad
1204 2475 1265 2540 Cu·

169 2575 292 2640 rinibios:
309 2578 416 2657 foetus
430 2596 502 2642 aum
521 2576 658 2656 infirmia
676 2578 835 2657 infirmor.
858 2577 920 2642 Sed
935 2579 975 2642 de
990 2581 1125 2658 reliquis
1140 2585 1260 2658 postea.

169 2674 279 2742 interim
300 2681 333 2741 in
355 2678 570 2760 sequentibus
587 2681 777 2743 varietatem
799 2681 917 2742 veteris
939 2677 1218 2759 interpretationis
1244 2696 1262 2744 a

168 2775 272 2844 Graeco
293 2780 536 2845 consideremus
558 2799 617 2860 per
637 2779 794 2846 Hnetium
817 2780 996 2844 translato:
1021 2801 1038 2840 a
1060 2778 1147 2855 Quin
1167 2789 1200 2844 et
1224 2781 1263 2843 n-

168 2879 210 2942 ind
229 2885 343 2963 quaeri
364 2891 481 2962 potest,
505 2881 543 2943 ad
566 2899 739 2962 quemnam
761 2881 791 2943 id
805 2883 976 2963 pertineat:
999 2881 1053 2943 sed
1072 2882 1216 2962 feceram
1235 2879 1264 2944 es'

167 3001 357 3066 purumque
376 2984 559 3056 notuerunt,
574 3001 614 3045 au
635 2983 674 3044 ad
690 2981 830 3060 Scribas,
852 2983 1026 3063 dequibus
1049 2973 1262 3063 discipnii'in·

166 3087 308 3162 enitentes
329 3088 502 3152 dicebant:
531 3083 611 3167 qnid
630 3103 703 3166 erpo
734 3082 861 3149 Scribde
887 3084 1001 3150 dieunt
1012 3128 1024 3159 ,
1045 3085 1130 3165 qood
1155 3083 1263 3148 Etiam

167 3199 282 3262 oporteat
301 3185 411 3253 uenire
428 3186 595 3268 primumi
616 3186 677 3252 Sed
699 3188 743 3250 nil
765 3190 893 3268 penitus
913 3193 1070 3265 apparet,
1093 3203 1111 3248 a
1141 3185 1262 3250 Scribis

167 3305 273 3365 passum
302 3309 375 3353 esse
397 3289 578 3364 loannem,
600 3288 658 3352 nisi
687 3288 774 3370 quod
797 3306 860 3350 non
888 3287 1105 3356 crediderunt
1129 3288 1180 3366 ei,
1202 3305 1261 3351 seu

168 3392 248 3467 qnod,
270 3394 317 3454 nti
340 3391 493 3470 superins
513 3391 666 3466 diximus,
690 3408 821 3454 cauum
843 3398 876 3452 et
897 3389 955 3468 ipsi
976 3389 1187 3468 praebuerint
1208 3389 1259 3460 iis,

167 3507 234 3567 qnae
245 3494 403 3557 adsersus
419 3508 494 3556 eum
516 3499 706 3572 perpetrare
718 3509 816 3554 ausus
832 3497 881 3554 est
894 3488 1054 3554 Herodes.
1073 3490 1166 3554 Atius
1184 3507 1263 3556 tero

168 3589 277 3666 dixerit,
296 3594 394 3658 iilud:
417 3594 471 3654 sed
489 3593 631 3673 [amount
650 3589 685 3654 r'n
705 3609 739 3652 eo
759 3608 969 3671 quarumque
990 3590 1171 3666 solennat,
1197 3609 1261 3654 non

168 3692 196 3751 at
212 3693 346 3770 Scribas,
367 3695 424 3758 sed
446 3693 485 3756 ad
507 3691 723 3758 Herodiadern
745 3700 779 3756 et
799 3692 899 3756 titiam
919 3709 1012 3755 suam
1038 3691 1132 3755 etad
1153 3690 1258 3757 Here·

169 3792 222 3856 dem
236 3797 452 3870 rotonensem,
477 3796 532 3876 qui
546 3797 689 3877 [mount
707 3796 743 3859 in
755 3813 838 3870 eum,
861 3795 1258 3874 pumeumpooeoiuerasst.

168 3889 360 3967 Onodeutem
377 3900 538 3977 sequitur:
561 3894 607 3960 rie
620 3905 649 3958 et
667 3894 757 3976 fitius
770 3893 906 3958 bominis
925 3895 1189 3975 persenserunt
1202 3893 1261 3967 eis,

170 3997 196 4053 td
212 3995 332 4062 Scribas
353 3998 472 4061 reterri
495 4005 611 4077 potest,
634 4000 660 4060 si
682 3996 722 4059 ed
743 3994 873 4060 Scribas
893 4013 1027 4077 quoque
1049 3996 1194 4060 retertur
1214 3994 1259 4066 id,

170 4099 236 4174 qnod
255 4100 429 4180 praecedit.
451 4098 484 4164 Si
504 4106 615 4163 antem
634 4098 674 4162 ad
696 4096 862 4162 Herodem
877 4105 911 4160 et
930 4096 1160 4171 Herodiadem‚
1173 4095 1260 4177 ejus·

171 4213 218 4272 qne
231 4201 345 4281 tiliam;
362 4201 401 4264 ad
417 4219 472 4264 cos
485 4217 617 4282 qnoque
631 4202 793 4280 posterius
809 4201 871 4264 boe
885 4199 1040 4262 retertur.
1059 4195 1157 4260 Morti
1171 4214 1259 4260 nam·

171 4299 304 4373 caetea
325 4303 524 4368 consensisse
548 4301 853 4376 videturflerodes‚
868 4301 996 4364 conscie
1011 4299 1147 4364 tortasse
1168 4304 1201 4362 et
1222 4297 1260 4359 ii·

172 4393 219 4460 iius
237 4419 340 4466 uxore
361 4411 475 4466 contra
497 4401 601 4481 ipsum
623 4401 737 4467 Jesum
759 4401 994 4466 insidiarum.»

233 4500 279 4566 Ea
293 4503 341 4568 bis
362 4504 473 4584 itaque
494 4502 592 4567 simui
611 4504 760 4585 sumptis,
782 4512 895 4569 nestro
916 4500 1046 4583 proticit
1064 4507 1256 4582 argumento
