3375 5567
454 664 516 737 2OE

894 775 1034 844 catut
1055 777 1141 844 xvt.

458 972 505 1035 be
523 973 644 1039 matois
667 996 693 1039 s.
717 975 908 1057 Hieronymi
925 989 954 1040 ct
974 978 1095 1063 Rnffioi
1113 979 1363 1046 contentionibus
1381 999 1419 1044 cn
1438 981 1544 1044 Peritr·

497 1075 580 1136 cbou
601 1072 693 1138 libris
704 1076 817 1139 escitis
841 1077 929 1140 circo
949 1076 1077 1144 caimos
1090 1080 1256 1144 cascatiooa
1276 1091 1305 1146 et
1323 1080 1545 1156 cremonae

494 1173 655 1255 speciatim
668 1175 756 1241 circo
768 1177 954 1243 animorum
968 1180 1262 1259 proueniatentioos,
1274 1200 1372 1262 qnam
1384 1181 1499 1262 mpnoit
1512 1177 1545 1243 ll

499 1293 627 1355 sapenos.

459 1525 512 1645 ln
534 1582 644 1663 primis
666 1583 748 1647 illutl
771 1584 881 1648 locum
905 1591 1022 1661 teneat,
1038 1586 1125 1667 quod
1147 1585 1268 1667 legitur
1288 1587 1319 1648 in
1337 1583 1431 1648 Libro
1447 1581 1496 1646 tv.
1516 1579 1549 1643 lle

460 1682 640 1764 Principiis
661 1703 692 1746 n.
713 1682 764 1750 36.
787 1685 881 1749 etde
909 1705 975 1766 quo
998 1686 1217 1774 Hieronymus
1245 1687 1359 1752 scribit
1378 1685 1417 1748 atl
1438 1684 1550 1748 Avitum

460 1804 491 1846 n.
512 1781 563 1853 tt.
588 1786 716 1849 dicens:
740 1807 757 1844 n
778 1784 828 1850 Ne
850 1803 986 1864 partam
1007 1797 1198 1867 putaremus
1218 1789 1416 1867 impietatem
1436 1800 1551 1847 esseco-

460 1903 547 1960 rnm,
571 1903 655 1966 quae
676 1887 886 1966 praemiserat
899 1887 1091 1968 (Origenesh
1108 1891 1140 1952 in
1160 1887 1307 1970 ejusdem
1329 1883 1551 1949 voluminlsline

460 1985 638 2066 coniungit,
654 1985 764 2048 omnes
780 1987 987 2051 rationabiles
1009 1995 1190 2062 creaturas,
1215 1988 1296 2050 idest
1319 1983 1446 2049 Patrem
1465 1989 1494 2046 el
1512 1979 1552 2042 tt·

461 2086 542 2149 lium
555 2095 587 2148 et
600 2084 755 2165 Spiritum
777 2083 945 2162 Sanctum,
962 2085 1105 2165 angelon
1123 2095 1311 2169 potestates,
1329 2085 1551 2156 dominationes,

461 2195 651 2264 ceterasque
682 2188 830 2260 virtutes,
852 2186 956 2266 ipsum
979 2205 1112 2268 quoque
1135 2189 1294 2252 bomlnem
1317 2183 1554 2252 seeundumaui·

462 2302 533 2346 snae
557 2285 756 2365 dignitatem,
772 2285 867 2348 nnius
892 2303 961 2348 esso
985 2289 1195 2353 substantiae:
1210 2311 1227 2350 n
1240 2286 1503 2356 intellectualem,
1518 2285 1554 2344 in·

461 2385 544 2465 quit,
564 2385 853 2465 rationabilemque
875 2396 1024 2450 naturam
1046 2391 1143 2451 sentit
1159 2388 1261 2465 Dens,
1277 2398 1311 2451 et
1325 2379 1556 2467 Unigenitnsli·

461 2485 526 2546 lius
539 2484 623 2565 ejtss,
645 2496 678 2547 et
698 2484 838 2566 Spiritus
858 2485 994 2552 Sanctus
1006 2508 1017 2565 ;
1039 2490 1181 2552 sentiunt
1200 2489 1306 2569 angell
1330 2497 1363 2551 et
1384 2491 1555 2567 potestates,

462 2591 658 2666 ceteraeque
675 2587 810 2648 virtutes
820 2605 831 2664 ;
847 2589 942 2649 sentit
957 2589 1093 2651 interior
1105 2591 1215 2662 bomo,
1227 2590 1283 2669 qni
1297 2589 1339 2651 atl
1362 2587 1520 2668 imaginem
1531 2587 1556 2643 et

462 2685 704 2748 similitudinem
727 2683 785 2748 llei
805 2687 954 2752 conditus
976 2697 1034 2752 est.
1060 2687 1107 2752 Ex
1130 2706 1196 2770 quo
1218 2688 1431 2752 concluditur
1450 2684 1555 2754 ileum,

463 2796 496 2848 et
508 2786 599 2861 baec,
613 2786 853 2864 quodammodo
868 2788 962 2851 unius
976 2806 1045 2852 esse
1062 2790 1272 2853 substantiae.
1286 2786 1396 2853 Unum
1408 2785 1491 2849 atltlit
1503 2799 1558 2846 rer·

465 2887 542 2950 bum
556 2886 796 2966 quodammodo,
814 2897 851 2951 ut
866 2889 943 2950 tanti
957 2890 1118 2970 sacrilegii
1140 2890 1262 2954 crimen
1277 2889 1440 2968 eflugeret
1448 2905 1459 2966 3
1474 2880 1555 2960 etqui

464 2989 495 3048 in
511 2987 576 3048 alio
597 2987 671 3048 loco
687 2985 805 3049 Filium
827 2997 860 3051 et
875 2986 1033 3068 Spiritum
1055 2988 1208 3054 Sanctum
1230 3007 1294 3053 non
1318 2989 1394 3053 rnlt
1412 2989 1451 3051 de
1471 2981 1555 3048 Patrio

461 3087 639 3150 substantia
654 3105 735 3158 esse,
752 3104 790 3149 ne
802 3089 1000 3152 divinitatem
1015 3092 1045 3152 in
1059 3101 1168 3170 partes
1182 3107 1293 3154 secare
1311 3090 1470 3160 videatur,
1482 3089 1556 3146 uatu-

466 3204 535 3250 ram
556 3187 782 3267 omnipotentis
793 3187 851 3248 Del
866 3189 987 3268 angelis
1001 3199 1033 3252 et
1044 3191 1225 3253 bominibus
1238 3190 1393 3269 largitur.
1405 3207 1421 3245 a
1432 3184 1510 3250 ttae
1519 3198 1559 3244 tt·

464 3290 536 3351 elem
553 3298 707 3352 notantur
721 3289 752 3350 in
769 3286 912 3367 Epistola
926 3287 944 3351 J
949 3291 1109 3368 betiniaci,
1123 3299 1155 3354 ct
1168 3290 1210 3352 ab
1223 3290 1293 3352 aliis
1310 3287 1460 3369 ampliori
1475 3281 1560 3346 decla·

465 3388 591 3452 ratione
610 3389 759 3449 adaucta.

545 3492 658 3580 llio—his
681 3500 786 3553 tamen
802 3497 871 3554 tum
894 3491 993 3554 serbo
1009 3501 1076 3554 tum
1094 3511 1189 3556 setoso
1206 3492 1332 3556 diverse
1359 3487 1485 3553 tradidit
1498 3479 1560 3545 ttet-

465 3593 548 3654 llnus
569 3596 600 3655 in
621 3612 679 3656 sua
713 3593 878 3670 versione;
901 3597 934 3655 ot
954 3594 995 3654 ob
1018 3593 1079 3656 hoc
1093 3597 1160 3674 ipso
1182 3593 1221 3656 de
1242 3593 1417 3655 omissione
1431 3587 1562 3665 culpetur

464 3701 498 3755 et
531 3696 686 3757 sacietate
706 3696 738 3755 in
768 3693 829 3756 boc
850 3711 998 3755 sermone
1019 3695 1165 3756 servatis.
1196 3693 1242 3756 lta
1264 3708 1407 3770 namque
1426 3687 1459 3752 ae
1485 3682 1561 3746 hebet

466 3804 575 3857 tentus
610 3794 749 3860 numni:
773 3815 790 3852 o
813 3793 897 3856 Puto
927 3811 1002 3858 sane
1022 3797 1113 3873 operi
1144 3795 1219 3858 lanio
1248 3800 1361 3856 nostro
1383 3786 1560 3854 eontrarium

467 3915 529 3957 oon
545 3896 668 3972 rideri,
690 3898 716 3957 si
738 3895 834 3956 etlam
857 3893 895 3955 de
926 3895 1168 3960 immortalitate
1192 3891 1432 3955 rationabilium
1453 3895 1562 3948 natura·

467 4015 555 4066 rom,
577 4012 675 4076 qnam
698 4011 869 4074 possamus
891 3995 1035 4056 breviter
1056 4004 1251 4074 repetamus.
1276 3993 1402 4066 Omnis,
1434 3987 1486 4068 qni
1506 3998 1563 4061 ptr·

466 4098 574 4176 ticipat
598 4095 738 4175 alicujus
760 4111 834 4156 com
856 4113 909 4167 eo,
932 4097 988 4174 qui
1010 4094 1154 4174 ejusdem
1177 4097 1223 4155 rol
1245 4093 1484 4171 particensem,
1511 4082 1563 4142 titt

467 4197 567 4260 teoto
590 4199 683 4259 unios
704 4195 903 4258 substantiae
924 4205 984 4270 est,
1002 4198 1162 4276 uniusque
1184 4202 1330 4258 naturae.
1347 4190 1389 4256 Ut
1412 4198 1494 4268 pota:
1508 4197 1562 4243 on·

466 4313 522 4358 nes
544 4297 631 4359 oenll
653 4296 737 4358 lucis
752 4297 956 4374 participant,
980 4305 1011 4358 et
1033 4296 1105 4359 ideo
1121 4313 1231 4357 ornnes
1253 4293 1354 4366 oculi,
1377 4283 1562 4372 quitatum

468 4398 674 4476 participant,
691 4399 788 4458 unius
809 4397 946 4458 naturae
962 4405 1047 4460 snttt.
1072 4396 1133 4461 Sed
1149 4397 1226 4459 lieet
1248 4395 1350 4458 omnls
1362 4393 1402 4454 de
1422 4391 1491 4452 loce
1506 4396 1564 4462 ott·

474 4497 583 4573 ticipet
600 4496 732 4581 oculos,
757 4503 863 4559 tamen
883 4498 1036 4568 quonism
1058 4499 1143 4562 alins
1163 4498 1313 4574 sentius,
1336 4494 1418 4555 alius
1438 4479 1563 4550 obtusius
