3375 5567
216 795 330 862 Tamen
353 800 452 864 totius
474 803 589 881 capitis
616 802 711 866 sicuti
738 809 769 864 ot
796 803 1016 883 praecedentis
1041 810 1249 882 argumenta-

154 903 225 964 tione
253 920 357 983 aeque
388 901 563 983 ponderata
585 903 671 966 eirca
701 904 908 968 rationalium
930 913 1158 968 creaturarum
1181 911 1246 966 sta·

154 1015 221 1078 tom,
240 1021 323 1085 quae
344 1007 377 1068 in
398 1003 460 1067 hoc
481 1004 600 1068 mundo
624 1015 816 1086 remaotur3
838 1025 877 1070 ac
902 1008 1075 1088 praecipue
1096 1006 1243 1080 collatis,

151 1124 220 1188 quae
246 1108 290 1168 ait
310 1107 343 1168 in
364 1125 394 1168 ιι.
415 1103 446 1170 2
469 1106 509 1169 de
531 1109 686 1169 materiae
707 1110 855 1189 corporis
882 1108 1012 1172 humani
1033 1109 1134 1182 initio,
1160 1108 1251 1170 vicis·

151 1207 339 1281 situdioibus,
362 1215 393 1268 ct
416 1205 493 1282 line,
516 1205 653 1288 ejusque
677 1209 929 1284 instauratione,
952 1227 1009 1271 scu
1033 1207 1249 1287 regeneratio·

150 1327 192 1383 ue,
207 1327 261 1370 nee
281 1327 345 1369 non
365 1309 404 1370 de
427 1308 569 1382 ratione,
586 1327 650 1390 qna
677 1309 755 1372 haee
782 1309 974 1389 perficienda
990 1319 1084 1389 sunt3
1104 1307 1246 1381 collatis,

151 1412 278 1491 iuquam,
302 1428 376 1473 curn
399 1430 451 1484 eo,
471 1412 557 1492 quod
580 1414 624 1474 ait
645 1430 702 1473 aen
726 1412 832 1490 potius
854 1411 1016 1473 concludit
1039 1429 1068 1472 n.
1090 1407 1128 1473 7ι
1151 1431 1168 1470 ιι
1190 1407 1248 1473 llis

151 1515 237 1592 igitur
257 1512 361 1574 tribus
381 1512 585 1592 opinionibus
606 1513 645 1572 de
666 1512 729 1574 tine
748 1513 892 1573 omnium
914 1511 1001 1572 etde
1027 1529 1151 1574 summa
1175 1509 1250 1572 bea·

151 1613 284 1686 titudine,
309 1622 407 1691 prout
427 1615 547 1677 sentire
570 1614 734 1692 potuimus
755 1612 955 1674 adumbratis
977 1622 1038 1674 ete.
1062 1631 1078 1669 a
1100 1611 1250 1692 sequitur

150 1714 269 1787 idcirco,
293 1732 374 1794 quas
395 1716 475 1779 tales
497 1715 535 1778 dc
558 1715 684 1778 mundis
706 1715 874 1795 proposuit
890 1715 1094 1794 quaestiones
1116 1715 1146 1775 in
1165 1730 1195 1775 n.
1219 1708 1249 1776 1.

149 1816 186 1877 nil
205 1816 240 1879 iis
259 1815 413 1891 officere,
435 1835 520 1897 qnae
545 1817 667 1897 ubique
695 1817 819 1891 docuit,
842 1817 1005 1895 sensitque
1022 1815 1117 1897 juxta
1140 1816 1253 1880 catho-

149 1915 235 1979 licum
260 1917 376 1996 dogma
400 1917 440 1979 de
462 1918 572 1979 mnndi
598 1918 694 1980 unius
716 1917 872 1998 principio
901 1925 931 1978 et
961 1917 1249 1994 consummatione,

150 2036 242 2098 arque
268 2017 338 2081 ullo
361 2018 457 2082 modo
478 2014 507 2080 ci
527 2019 649 2082 somnia
666 2018 875 2081 adscribenda
897 2017 936 2080 de
960 2017 1154 2080 mundorum
1177 2016 1250 2097 plu·

149 2119 276 2182 talitate.
299 2118 370 2183 Hoc
391 2130 499 2184 antem
528 2122 698 2200 perspicue
723 2120 868 2184 decernit
889 2128 999 2182 contra
1026 2118 1169 2194 Celsum,
1193 2117 1249 2198 qui

150 2220 319 2284 christianis
340 2221 573 2301 exprobravit,
597 2240 698 2283 unum
726 2218 829 2284 Deum
852 2219 1055 2294 colentibus,
1078 2217 1126 2283 uti
1154 2220 1250 2282 unius

150 2323 248 2384 mundi
270 2341 371 2386 noum
393 2321 611 2388 Conditorem.
629 2323 682 2385 ait
702 2325 833 2384 coimrn
855 2319 984 2398 Quanto
1002 2322 1101 2401 igitur
1121 2321 1249 2385 eviden-

150 2425 217 2496 tius,
237 2434 360 2504 quanto
382 2423 430 2484 his
450 2423 599 2485 omnibus
621 2422 777 2502 tigmentis
799 2422 915 2485 melius
936 2431 984 2485 est
1004 2431 1245 2502 argumentum,

149 2543 208 2603 quo
226 2526 298 2604 quis
319 2543 359 2587 cr
383 2525 553 2604 praeclaro
575 2542 706 2598 rerum,
728 2541 813 2605 quae
842 2525 874 2586 in
898 2523 1018 2588 mundo
1049 2525 1249 2604 conspiciun-

149 2633 209 2699 tur,
229 2626 342 2689 ordine
361 2644 551 2704 persuasus‚
572 2625 671 2689 onius
695 2623 807 2689 maadi
829 2643 927 2687 annm
947 2633 1122 2689 veneratur
1135 2623 1251 2690 Condi-

149 2733 253 2788 torem.
276 2745 293 2782 a
316 2722 404 2788 llaec
432 2725 478 2787 ait
508 2725 539 2787 in
561 2723 658 2787 Libro
682 2724 706 2788 l.
729 2745 759 2786 ιι.
781 2723 832 2793 23.
861 2725 980 2789 Deinde
1009 2729 1038 2788 in
1066 2724 1164 2790 Libro
1192 2725 1247 2790 Vl.

149 2844 174 2886 ιι.
190 2822 236 2891 ld.
260 2826 372 2889 cadem
398 2827 557 2889 instaurat
577 2827 728 2889 subdeosc
744 2848 760 2885 ιι
774 2827 816 2888 tlt
836 2828 1030 2889 christianus
1051 2828 1147 2889 etiam
1170 2827 1248 2890 idio-

151 2938 176 2990 ta
197 2947 255 3008 pro
275 2937 367 2992 certo
389 2929 510 3004 habet,
534 2931 681 3009 quemvis
703 2926 813 2990 mundi
834 2929 942 2990 locum
965 2946 1033 2990 esse
1056 2928 1154 3009 hujus
1180 2930 1251 2990 nni·

152 3031 226 3092 rcrsi
248 3039 387 3110 partem,
410 3049 486 3094 cnm
509 3028 566 3091 Dei
589 3030 744 3110 templum
765 3034 804 3094 sit
826 3031 929 3092 omnis
951 3029 1101 3092 mundus.
1124 3049 1140 3086 ιι

219 3131 351 3195 Ceteras
373 3151 486 3213 porro,
508 3133 775 3212 quas‘praemisit
791 3133 882 3194 vario
904 3149 1020 3210 ponere
1046 3131 1250 3212 quaestiones

150 3253 201 3312 pro
221 3253 311 3296 more
331 3252 405 3308 sno,
427 3236 499 3316 ejus
521 3242 627 3296 mente
658 3251 762 3314 aeque
784 3243 967 3313 perspecta,
1000 3233 1118 3312 cuique
1140 3240 1250 3310 patet,

149 3355 345 3419 nequaqnam
375 3339 459 3416 ipsas
489 3337 551 3400 dici
573 3355 665 3416 posse
687 3339 878 3399 assertiones
907 3337 974 3398 sive
998 3333 1248 3409 affirmationes,

150 3440 191 3499 uti
205 3440 365 3501 immerito
381 3436 529 3516 Oriqcnis
551 3437 658 3499 hostes
673 3437 819 3499 arbitrati
840 3443 916 3499 suat
933 3436 1028 3512 (alius
1050 3453 1189 3514 namque
1204 3446 1252 3499 est

149 3542 198 3617 qui
218 3540 363 3619 quaerit,
387 3547 419 3600 et
440 3538 525 3600 alius
546 3539 601 3617 qui
623 3537 739 3615 docet3
762 3537 847 3598 alter
867 3536 923 3616 qui
949 3535 1093 3608 dubitat,
1117 3543 1149 3598 et
1169 3535 1255 3599 alter

148 3644 197 3721 qui
215 3643 341 3718 asserit)
359 3642 413 3704 sed
438 3639 659 3702 tantummodo
676 3639 776 3700 veluti
799 3638 1036 3716 disquisitiones
1051 3638 1251 3719 philosophi·

149 3761 195 3804 cas
216 3743 376 3806 habendas
397 3761 479 3818 esse,
502 3751 599 3821 prout
621 3741 693 3820 quis
713 3741 782 3801 sive
798 3738 946 3811 inlidelis,
969 3756 1027 3800 seu
1043 3737 1173 3814 dubius,
1196 3752 1254 3803 aut

148 3845 254 3906 sciendi
270 3845 408 3923 cupidus
430 3844 537 3904 animo
558 3861 618 3904 sno
641 3841 760 3921 tingere
783 3849 918 3920 poterat.
942 3836 1031 3914 Quas
1053 3840 1166 3904 deinde
1186 3841 1252 3921 ipsc

149 3941 294 4026 Origenes
314 3945 426 4009 sedula
449 3963 547 4025 opera
569 3945 749 4016 excutiens,
772 3944 840 4004 sire
864 3949 1036 4022 temperat,
1058 3943 1126 4005 sire
1147 3960 1253 4006 emcn-

149 4046 215 4121 dat,
235 4067 293 4111 scu
314 4046 481 4119 confutat,
503 4047 572 4107 sire
592 4027 727 4125 accipit,
749 4044 844 4106 sicuti
866 4041 1053 4121 Scripturas
1075 4043 1253 4108 auctoritas

149 4148 245 4221 docet,
267 4146 445 4228 apostolica
469 4146 598 4209 traditio
619 4147 790 4219 observat,
813 4161 852 4206 ac
873 4145 1012 4222 suipsius
1036 4145 1120 4206 ratio
1143 4153 1255 4224 postn-

148 4248 196 4310 lat.
219 4249 260 4314 Et
273 4251 336 4312 hoc
359 4249 441 4312 idem
456 4248 495 4310 de
524 4249 652 4328 scriptis
666 4246 814 4326 origenis
836 4245 1094 4325 praeclarissimo
1108 4246 1252 4308 conside·

149 4352 224 4413 rarii
236 4371 261 4415 s.
280 4351 475 4414 Athanasius
497 4351 527 4410 in
543 4347 686 4429 Epistola
709 4349 746 4410 dr
768 4345 854 4410 Filio
873 4345 967 4410 Patri
976 4355 1140 4408 coaeterno
1154 4363 1184 4406 n.
1201 4343 1252 4409 27.

151 4471 164 4504 a
183 4448 272 4527 Quae
292 4451 390 4526 enim,
412 4451 477 4522 ait,
499 4452 565 4529 ipse
589 4449 689 4512 veluti
712 4448 893 4528 disputandi
918 4445 1129 4526 certandiqoe
1150 4446 1252 4525 pratia

150 4556 282 4634 scripsit,
302 4572 339 4616 ea
362 4571 426 4616 uon
448 4561 612 4630 tamquam
634 4552 732 4631 ipsius
756 4550 853 4614 rerba
869 4551 912 4612 ita
936 4548 1255 4628 cogitantisaccipist
