3375 5567
232 782 571 851 lloloautemallentio
582 781 927 864 praetertreqnlthntl
938 776 1251 867 lllarnaymnaeirca

161 889 224 953 boe
234 886 435 968 coelectionis
460 904 571 969 genna,
593 885 798 969 Origenlipal
813 886 1037 967 exprobratio
1050 886 1195 968 liniatola
1208 889 1250 952 aal

158 990 406 1072 Ctesiphontem
427 992 459 1053 tn
483 1008 547 1072 qna
578 990 624 1054 aic
653 1008 728 1055 eum
756 988 957 1069 alloqnltnrr
980 986 1067 1053 «Via
1090 990 1199 1054 adbuc
1218 998 1252 1054 et

156 1091 246 1153 alinm
266 1108 440 1171 agnoscere
462 1093 509 1156 tui
539 1092 662 1155 erroris
688 1090 891 1171 prinoipem?
917 1090 1068 1154 Doctrina
1095 1099 1151 1155 tna
1174 1088 1249 1155 Ori·

154 1194 232 1272 genta
253 1194 457 1259 ramusculus
477 1200 536 1257 eat.
558 1190 594 1255 ln
615 1211 655 1257 eo
674 1193 759 1256 enim
780 1191 921 1270 Psalmo,
944 1194 1001 1258 nbi
1020 1194 1177 1273 aeripttm
1200 1203 1250 1257 eat

153 1295 199 1368 tut
215 1295 254 1357 te
273 1294 389 1359 celeria
409 1294 542 1373 taceam)
556 1292 686 1374 inruper
705 1301 734 1357 et
754 1314 851 1376 arque
870 1296 914 1357 od
926 1304 1046 1359 anetem
1065 1293 1251 1358 moreat

152 1414 195 1458 nac
211 1414 295 1459 renea
313 1394 392 1459 mn:
413 1397 528 1460 merit
548 1396 657 1461 rirnm
676 1404 847 1475 nanctum,
868 1396 909 1460 tle
928 1414 1072 1477 quornm
1100 1397 1249 1461 alnebcet

150 1506 180 1561 et
200 1516 331 1562 numero
350 1516 385 1563 ea
404 1506 452 1573 tn,
469 1515 543 1562 enm
564 1498 603 1561 ad
627 1498 784 1563 virtutum
807 1501 932 1563 venerit
949 1500 1186 1574 comitatem,
1207 1516 1249 1563 ne

150 1598 179 1659 in
200 1605 288 1663 nocte
308 1598 437 1679 quidem
451 1600 516 1679 pati
531 1616 581 1674 ea,
597 1616 681 1682 qnae
697 1600 862 1664 bominum
875 1608 963 1675 aunt,
977 1617 1037 1663 nec
1055 1600 1248 1679 cogitatione

150 1697 252 1777 aliqua
275 1699 398 1763 titillari
424 1700 622 1764 vitiorum.»
646 1700 687 1765 llt
716 1702 747 1763 in
769 1700 940 1765 Proocmlo
963 1698 1172 1781 Dictaeum
1191 1702 1248 1763 ed·

150 1816 249 1864 cerm
269 1800 459 1882 Pelncinnm
471 1821 482 1861 .·
495 1822 513 1863 e
526 1800 612 1867 ltlnn
627 1810 737 1867 antem
758 1804 898 1883 (lnquit)
912 1800 1060 1883 Origenlr
1078 1804 1249 1885 pronmnm

150 1910 204 1978 eat,
219 1904 414 1983 impunibile
428 1923 497 1968 esso
511 1905 683 1968 bumanam
704 1911 853 1968 naturam
871 1922 889 1966 a
907 1906 1064 1986 principio
1087 1920 1192 1986 naono
1206 1904 1246 1966 att

149 2013 276 2066 mortem
299 2022 362 2067 non
383 2023 538 2085 peccare3
560 2013 592 2069 et
614 2024 729 2071 rnraua
749 2024 817 2069 ease
844 2006 1016 2086 noscibile,
1038 2023 1112 2068 cnm
1132 2024 1168 2069 re
1187 2003 1247 2067 ali·

148 2106 214 2183 qnia
233 2108 272 2169 ai
294 2107 431 2170 meliora
451 2110 664 2182 converterit,
684 2108 724 2171 ael
747 2116 867 2172 tanum
888 2107 1111 2172 tortitudinem
1133 2124 1246 2187 perve-

147 2208 222 2284 nire,
243 2216 280 2270 nt
301 2208 387 2270 ultra
411 2227 544 2288 peccare
565 2228 627 2272 non
649 2211 791 2289 poerit.»

219 2307 369 2389 Attamen
384 2327 459 2372 cnm
473 2308 621 2390 Origenis
641 2328 782 2384 nonaum,
798 2328 857 2374 nec
876 2310 1020 2373 litteram
1033 2309 1112 2372 citet
1123 2326 1151 2371 a.
1167 2306 1245 2372 llio·

145 2422 304 2491 ronymna,
325 2427 467 2490 cumque
487 2413 610 2489 pariter
629 2412 721 2474 loona
741 2413 783 2474 ait
802 2412 901 2476 alieni
921 2410 1190 2475 animadversioni
1208 2411 1242 2472 in

146 2508 272 2587 praelati
288 2509 437 2575 Doctoria
451 2529 644 2587 aer-monem,
662 2514 855 2577 verbotenus
869 2516 961 2592 urina
979 2514 1079 2593 ipatus
1093 2512 1242 2591 Origenir

142 2613 364 2691 expositionem
386 2614 524 2693 prodere
542 2615 649 2697 ineat,
671 2623 855 2679 contextam
874 2612 913 2677 ic
932 2615 1099 2678 Paulinam
1122 2612 1192 2678 XV.
1210 2612 1242 2680 7.

145 2730 220 2791 qnae
242 2716 428 2796 bnjnamotli
447 2734 481 2779 ae
503 2716 617 2779 babet:
634 2736 651 2775 a
666 2716 853 2779 Benedicent
868 2714 1047 2791 moinum,
1062 2715 1118 2797 qni
1131 2712 1244 2778 tribuit

143 2812 211 2877 nint
228 2814 422 2881 intellectuat
437 2838 446 2881 r
467 2816 598 2897 insuper
615 2826 644 2880 et
657 2836 756 2899 eaque
769 2819 811 2881 nat
825 2826 944 2879 nortem
957 2815 1184 2896 iomeruca-unt
1195 2835 1244 2879 erc

143 2932 220 2979 renea
242 2917 311 2981 mei.
335 2917 497 2983 Benedicil
517 2920 634 2997 aliquio
655 2916 840 2993 Dominum,
863 2935 940 2981 cnm
960 2918 1033 2999 eina
1053 2920 1152 2981 menti
1172 2938 1245 2999 ane·

144 3018 198 3081 olea
217 3022 386 3101 ingeritur.
411 3018 438 3083 Α
460 3020 544 3083 lacie
565 3022 648 3082 enim
671 3022 769 3099 ipsine
788 3020 920 3082 scientia
935 3028 969 3082 et
981 3020 1174 3082 intellector.
1190 3018 1243 3082 Slc

143 3120 177 3192 ei,
197 3123 252 3201 qni
275 3122 415 3185 custodit
436 3122 583 3184 mandata
606 3122 688 3201 eJ'na,
711 3122 913 3185 intellectum
939 3120 1053 3184 tribuit
1074 3118 1171 3184 Dena-
1195 3119 1242 3184 lle

144 3223 265 3286 renibus
287 3232 395 3285 autem
416 3223 575 3304 loquitur,
599 3225 655 3302 qni
677 3242 740 3285 uua
761 3241 835 3285 enm
858 3222 956 3285 corde
975 3222 1181 3285 nominantur
1195 3223 1242 3285 bia

143 3323 259 3386 verbis:
282 3331 430 3386 neretum
450 3324 595 3387 coronet
624 3341 715 3386 renea
737 3323 828 3387 Deua.
853 3322 895 3388 lli
915 3341 1006 3387 renea
1033 3340 1106 3386 enm
1137 3323 1241 3403 perle-

143 3423 178 3482 nti
199 3423 318 3487 luerint
340 3442 398 3504 per
417 3426 679 3504 intelligentiam,
701 3426 855 3489 erudiunt
874 3425 1107 3499 attendentem,
1129 3424 1240 3487 lumen

143 3527 322 3598 praebentes
342 3526 513 3597 scientiae,
536 3526 637 3589 donec
663 3526 860 3588 dissolvatur
886 3526 1083 3605 ignorantiae
1106 3542 1183 3587 nox.
1206 3524 1240 3589 st

143 3630 239 3687 antem
262 3643 329 3689 noa
350 3624 492 3706 (leaignat
521 3625 755 3705 prolanditatea
787 3626 1039 3705 cogitationum,
1061 3625 1240 3687 aecnnoum

142 3724 218 3798 quot
233 3742 342 3789 sermo
356 3727 509 3809 myatioua
524 3726 645 3791 dicitnr
658 3728 828 3801 obscurus,
846 3726 1048 3789 manileatnm
1063 3733 1122 3801 eal,
1136 3743 1240 3805 neque

142 3820 176 3882 at
194 3825 275 3888 bano
295 3835 420 3889 noctem
442 3844 534 3891 renea
555 3829 699 3903 erudire,
714 3829 843 3891 occulta
858 3838 891 3892 et
908 3829 1013 3890 abdita
1029 3827 1238 3891 declarantes.

211 3925 434 4007 obletapbora
449 3936 557 3992 autem
579 3938 705 4007 sumpta
722 3936 802 3993 eata
818 3930 960 4004 renibus,
975 3932 1007 3990 tn
1027 3930 1145 4008 quibua
1163 3946 1239 3991 con·

142 4020 247 4089 siatnnt
266 4028 385 4091 nemina
407 4036 439 4091 et
461 4032 545 4093 virae
565 4030 745 4107 nominales,
766 4050 851 4112 qnae
865 4032 1043 4094 inserviunt
1059 4033 1142 4093 raaia
1154 4033 1238 4109 antia

141 4129 336 4197 uenerationi.
359 4128 441 4193 Sunt
461 4132 561 4211 igitur
581 4133 677 4194 etlam
699 4135 730 4193 in
751 4136 856 4196 anima
876 4152 987 4197 aenens
1005 4131 1136 4214 qnidam
1151 4133 1238 4193 almi·

143 4219 183 4283 lea
200 4230 370 4294 nominibus
387 4232 483 4312 jnrta
504 4234 690 4295 intrinsecos
712 4233 816 4296 toetnr
837 4236 868 4295 tn
884 4235 973 4297 bonis
988 4234 1112 4297 actibus
1124 4234 1236 4295 eteln·

142 4328 218 4441 certe⁸
234 4336 566 4413 contemplationibus.
589 4328 659 4403 Καὶ
681 4330 713 4403 ot
728 4330 884 4414 ἀισθητοὶ
907 4330 1240 4436 &incunctantem

143 4437 172 4486 nr
186 4444 236 4495 τω
257 4425 360 4532 ἄκραν
384 4429 503 4525 ἔχοντα
517 4427 735 4533 σωφροσύνην,
757 4428 813 4511 ἕως
834 4427 892 4502 καὶ
915 4434 974 4512 τῆς
994 4424 1106 4512 νυκτὸς
1127 4425 1237 4523 ἐπεχὸ·

144 4543 222 4610 μενοι
251 4534 409 4701 effipolalag
431 4538 589 4631 λογισμδυ
611 4536 671 4619 τάς
692 4534 885 4631 σωματικάς
906 4535 1009 4635 inpio
1030 4532 1127 4706 γονῶς
1150 4537 1170 4598 ἰ·
1202 4554 1231 4601 ⁰·
