3375 5567
422 779 566 838 monem,
580 761 789 842 anagogicum
802 763 871 828 sire
884 761 1088 843 spiritualem
1101 779 1230 826 sensuro
1242 759 1423 840 disquirens
1432 755 1524 838 buius

423 865 582 926 mosaicae
602 862 702 943 legis3
719 881 757 927 ac
778 865 911 944 insuper
931 883 973 926 ex
989 863 1135 943 Apostoli
1156 869 1278 926 statuto
1301 861 1398 926 unius
1418 856 1524 922 suoru

423 962 528 1025 cirum
547 962 587 1026 de
607 964 771 1044 episcopo,
794 965 950 1045 quasdem
973 966 1137 1027 intorserit
1155 964 1367 1027 discussiones
1388 960 1524 1042 peregri·

424 1081 493 1140 nas,
515 1071 547 1126 et
568 1081 683 1144 parum
706 1066 873 1144 proposito
896 1065 1058 1130 iacientes.
1081 1064 1174 1141 Quae
1194 1063 1301 1128 omnia
1319 1081 1376 1126 sex
1401 1061 1527 1141 iercpa·

424 1166 513 1244 ginas
543 1166 842 1247 comprehendunt;
874 1169 953 1249 quin
980 1169 1146 1248 praelatus
1178 1169 1339 1246 interpres
1371 1171 1464 1226 retus
1490 1161 1527 1222 de

423 1265 472 1327 bis
493 1263 615 1346 aliquid
639 1268 785 1340 verterit,
807 1283 866 1330 scu
887 1271 1017 1331 notarit.
1042 1267 1145 1350 Cuius
1160 1268 1339 1332 omissionis
1359 1266 1527 1344 cumigne-

424 1374 518 1429 retur
546 1385 666 1443 causa,
688 1377 844 1447 apparet,
867 1385 931 1430 uon
951 1387 994 1431 en
1018 1369 1108 1432 istius
1139 1368 1327 1449 interpretis
1347 1367 1472 1430 incuria
1499 1363 1526 1424 id

426 1467 548 1531 lactum
569 1485 651 1542 esse,
673 1475 731 1530 aut
752 1469 918 1532 brevitatis
938 1471 1053 1548 gratia,
1072 1471 1140 1534 sive
1161 1469 1234 1533 alda
1248 1469 1288 1532 de
1302 1471 1410 1533 causis
1422 1484 1528 1547 super·

428 1569 570 1648 senisse3
592 1569 647 1631 sed
669 1569 745 1648 qnia
766 1570 923 1633 incodice
945 1588 1074 1651 graeco,
1090 1589 1187 1652 quesn
1209 1586 1288 1648 prae
1308 1569 1456 1631 manibus
1479 1568 1530 1628 ba·

425 1669 508 1746 buit,
520 1669 694 1750 vertitque,
707 1687 743 1732 aa
756 1669 823 1748 ipsa
835 1669 1111 1736 desiderabantur.
1123 1669 1327 1751 Proindeqne
1336 1667 1528 1732 credendum

424 1777 473 1834 cst
484 1770 569 1834 baud
583 1769 730 1850 Origcnis
742 1788 824 1850 opos
836 1775 1023 1851 genuinum,
1034 1773 1091 1838 sed
1102 1774 1238 1836 alterins
1252 1791 1334 1846 esse,
1354 1772 1414 1852 qui
1434 1770 1528 1831 libros

426 1870 579 1935 doctoris
591 1888 723 1952 graccos
736 1873 963 1951 transcribens,
978 1876 1060 1938 banc
1073 1875 1115 1936 de
1128 1893 1189 1939 suo
1201 1873 1370 1956 adjecisset
1384 1872 1527 1952 glossat.

429 1972 544 2054 Neque
567 1992 645 2037 sero
665 1983 776 2040 contra
801 1976 863 2039 boc
879 1976 970 2051 iacit,
989 1977 1077 2058 quod
1093 1977 1192 2058 paulo
1212 1983 1287 2038 ante
1301 1973 1529 2055 perspeximus,

428 2081 569 2138 veterem
585 2076 738 2139 nimirum
759 2075 973 2158 Interpretens
989 2078 1148 2158 quaedam
1168 2079 1313 2142 omisisse
1331 2079 1364 2140 in
1384 2094 1446 2139 sua
1465 2091 1529 2135 rer·

426 2175 528 2252 sione,
543 2177 675 2255 quaein
696 2177 806 2240 codice
819 2197 937 2258 graeco
956 2199 983 2243 s.
1002 2179 1159 2262 Pamphili
1180 2180 1382 2260 legebantur.
1399 2176 1529 2241 Vernu-

427 2284 534 2340 tamen
555 2277 644 2340 aliud
665 2285 727 2353 est,
748 2280 907 2359 quaedam
930 2280 1090 2358 breviare,
1113 2299 1187 2346 cum
1209 2300 1249 2345 cx
1272 2285 1429 2344 contextu
1444 2276 1530 2341 iacilc

428 2376 575 2458 suppleri
605 2380 747 2460 possint,
770 2387 804 2442 et
831 2381 921 2445 aliud
943 2389 993 2446 est
1020 2381 1163 2446 diversas
1188 2383 1315 2462 penitus
1343 2378 1528 2460 etquidem

428 2479 640 2560 amplissimas
656 2481 771 2546 tollere
785 2481 1011 2560 discussiones,
1027 2483 1075 2547 nti
1086 2485 1118 2546 in
1132 2500 1210 2546 casu
1222 2489 1348 2560 nostro;
1362 2480 1405 2544 de
1420 2478 1528 2560 quibus

429 2580 662 2668 nulla-mentio
684 2581 716 2644 in
746 2584 847 2646 soleri
868 2584 966 2648 letina
988 2583 1268 2665 luterpretstionc.
1288 2580 1320 2646 st
1343 2589 1451 2647 umen
1465 2579 1529 2642 bino

429 2681 592 2750 detectum
613 2690 762 2764 repetere
783 2684 893 2760 licent,
915 2692 954 2748 nt
975 2685 1129 2749 diximus.

508 2783 683 2850 Praeterea
705 2806 746 2852 cx
768 2787 930 2867 pluribus,
952 2805 1038 2866 qnae
1059 2786 1104 2849 ibi
1127 2786 1293 2850 verimode
1313 2785 1531 2865 disquiruntur

428 2887 584 2952 nonnulla
606 2905 636 2950 n.
658 2885 709 2952 22.
733 2887 923 2951 reterontur
943 2888 984 2950 nd
1006 2884 1154 2967 Apostoli
1171 2892 1293 2951 statuta
1314 2886 1355 2948 de
1368 2881 1528 2966 episcopis,

429 2987 571 3052 diaconis
591 2996 626 3052 et
647 2989 763 3062 viduis,
787 3007 968 3068 eorumque
990 2989 1031 3051 ad
1053 2987 1218 3052 Ecclesiae
1238 2988 1452 3052 ministerium
1471 2983 1528 3050 cic

429 3091 556 3165 ctione,
579 3090 635 3170 qui
657 3089 753 3152 unius
774 3089 913 3167 uxoris,
937 3091 990 3152 ret
1015 3089 1112 3154 unius
1138 3089 1198 3153 riri
1221 3087 1351 3153 inerint.
1373 3085 1485 3162 Quae,
1506 3083 1529 3143 si

428 3191 573 3256 studiose
592 3190 747 3255 Auctoris
767 3209 880 3255 sensus
900 3193 1126 3272 investigetur,
1152 3194 1212 3255 nisi
1234 3198 1380 3271 opertam
1407 3190 1439 3250 in
1457 3185 1529 3248 anti·

432 3291 575 3372 logiam,
597 3300 687 3357 certe
715 3292 749 3354 in
779 3293 987 3373 peregrinum
1011 3311 1141 3356 sensum
1171 3292 1402 3356 conducuntur
1421 3289 1461 3351 ab
1482 3286 1529 3356 iis,

429 3411 515 3472 quae
532 3393 609 3457 alibi
630 3393 752 3457 docuit.
771 3391 817 3456 lta
839 3411 980 3473 namque
993 3413 1069 3458 cum
1089 3395 1146 3467 ait,
1164 3391 1357 3473 Apostolum
1379 3390 1464 3455 istnd
1484 3385 1531 3446 de·

431 3494 515 3558 disse
529 3502 736 3575 praeceptum
750 3492 912 3558 Ecclesiae
928 3495 1003 3557 siris
1017 3494 1057 3557 de
1072 3494 1285 3574 monogamia,
1296 3490 1417 3554 subdit:
1431 3485 1530 3550 «Cum

432 3604 542 3657 autom
564 3593 634 3656 lieri
655 3610 747 3673 posse
770 3594 953 3658 rideremus
973 3603 1031 3669 ut,
1051 3596 1091 3658 de
1113 3596 1209 3658 unios
1230 3593 1345 3658 uxoris
1368 3590 1444 3654 siris
1463 3603 1531 3650 non·

434 3694 517 3757 nulli
540 3694 586 3757 bis
608 3693 812 3757 matrimonio
834 3696 1011 3776 conjuncti,
1028 3696 1123 3775 longe
1144 3695 1294 3758 meliores
1314 3697 1431 3765 esseut,
1452 3684 1530 3749 dubii

433 3813 577 3868 eramus,
592 3814 695 3886 quare
712 3795 832 3860 Paulus
846 3795 888 3858 ab
902 3797 1127 3861 ecclesiasticis
1147 3794 1388 3876 nagistrntibus
1399 3792 1531 3869 digamos

434 3905 565 3975 arceat,
586 3898 618 3962 id
640 3899 724 3960 enim
744 3898 821 3960 mibi
842 3901 991 3962 examine
1011 3899 1142 3978 dignum
1166 3898 1349 3967 ridebatur,
1371 3899 1530 3975 propteret

434 3998 522 4077 quod
543 3997 615 4060 beri
636 4006 752 4088 potest,
775 4007 812 4062 ut
832 3999 889 4080 qni
910 4001 942 4062 in
962 3999 1092 4064 duobus
1112 3997 1325 4061 matrimoniis
1345 3993 1444 4057 luerit
1462 3985 1531 4052 inte

435 4097 495 4174 tis,
512 4107 544 4162 et
563 4099 700 4168 alteram
716 4119 853 4164 uxorem
874 4101 1051 4164 etiamnum
1063 4100 1193 4180 juvenis
1207 4098 1364 4173 amiserit,
1377 4094 1529 4172 reliquunt

438 4202 523 4264 ritae
544 4208 670 4281 tempus
690 4201 731 4266 ad
751 4210 951 4266 senectutem
973 4220 1077 4283 nsque
1099 4201 1369 4265 continentissime
1388 4206 1421 4260 et
1435 4191 1530 4258 castis

436 4300 516 4364 sime
538 4301 730 4366 traduxerit.
748 4301 828 4379 Quis
843 4321 922 4384 ergo
934 4303 1011 4384 jure
1032 4302 1147 4366 merito
1162 4303 1304 4366 incertus
1326 4297 1530 4363 concrescat,

437 4400 516 4479 quid
536 4401 577 4464 sit
598 4418 671 4479 cur,
686 4421 760 4467 cnm
784 4402 949 4468 Ecclesiae
962 4403 1105 4483 principe
1125 4421 1209 4484 opus
1227 4402 1280 4479 sit,
1304 4402 1390 4464 bunc
1405 4398 1530 4459 unsrun

439 4517 583 4566 uxorum
606 4503 725 4582 airum,
748 4513 883 4586 propter
901 4505 961 4570 ista
983 4503 1134 4570 connubii
1156 4502 1329 4580 vocabula,
1350 4517 1413 4566 non
1433 4495 1531 4578 praet·
