3375 5567
1196 722 1255 794 tat

170 824 363 901 ideanimae,
380 846 464 908 quaa
484 847 518 892 se
534 830 577 892 ita
600 827 668 892 beo
683 844 741 907 per
763 824 967 892 dilectionem
977 826 1103 909 junxit,
1128 834 1164 890 al
1178 844 1253 891 entn

170 944 198 988 so
215 927 430 1008 unusspiritns
453 930 568 993 merita
589 926 736 992 dicatur?
757 924 883 991 idcireo
899 929 954 1006 lita
977 928 1105 993 Anolor
1126 926 1253 1009 Episto-

162 1029 223 1104 lae)
240 1038 269 1091 et
286 1030 383 1094 bomo
406 1030 509 1094 lactus
538 1040 586 1095 est
607 1028 771 1103 Christus,
791 1049 853 1093 sno
876 1032 992 1095 merito
1015 1031 1076 1097 laos
1103 1032 1253 1101 sortitus,

168 1141 194 1194 ot
208 1132 353 1213 Propbets
377 1140 515 1196 testatur
535 1133 662 1197 dicens:
685 1132 825 1195 dilexisti
844 1133 1004 1214 justitiam
1027 1141 1059 1197 ol
1080 1132 1174 1196 odisti
1196 1130 1258 1193 iui-

167 1232 308 1312 poilsteu,
332 1242 504 1314 propterea
527 1234 621 1297 unxit
651 1242 681 1295 te
704 1230 789 1297 Deus
812 1242 888 1297 tuus
916 1236 990 1298 oleo
1010 1233 1154 1299 laetitiae
1175 1249 1256 1313 prae

168 1334 353 1414 participibus
369 1335 444 1399 tuis·
462 1333 603 1398 Docebat
625 1335 709 1399 enim
725 1334 831 1411 illum,
849 1336 905 1416 qni
923 1353 1066 1415 unquam
1086 1336 1129 1398 ab
1150 1336 1260 1413 unipe-

165 1435 218 1497 aito
234 1444 399 1516 separatus
418 1443 480 1510 est,
504 1454 567 1499 uua
589 1454 664 1500 cum
687 1436 852 1516 unigenito
873 1436 1046 1519 appellari,
1069 1443 1101 1500 et
1122 1452 1196 1499 eum
1217 1452 1257 1497 en

166 1534 327 1612 parificari.
350 1532 433 1616 Ungi
454 1552 595 1615 namque
616 1545 678 1600 ete·
703 1556 719 1592 a

226 1634 370 1699 llnlbnus
384 1644 493 1699 aulem
509 1656 550 1699 ex
573 1635 685 1699 codice
701 1652 761 1699 suo
776 1636 832 1698 ita:
848 1632 974 1711 «Quod
991 1642 1100 1700 aulem
1113 1633 1259 1697 dileetio-

164 1736 200 1797 ois
211 1736 361 1817 perfectio
372 1746 404 1800 ct
419 1739 527 1801 meriti
543 1736 680 1801 allectus
691 1738 858 1801 sinceritas
871 1738 900 1799 ei
912 1737 993 1800 bane
1012 1735 1259 1816 inseparabilem

164 1855 224 1899 ram
238 1835 303 1901 beo
321 1837 437 1901 lecerit
453 1839 625 1912 unitatem,
639 1840 682 1899 lta
698 1844 735 1900 ul
750 1856 813 1900 uon
830 1836 963 1901 fortuita
985 1834 1096 1909 luerit,
1109 1843 1167 1897 ant
1185 1852 1261 1898 eum

164 1955 299 2016 peuonae
320 1940 542 2018 accepiatione
562 1941 688 2002 animae
708 1940 780 2020 ejus
800 1939 1000 2019 assumptio,
1021 1936 1076 2000 sed
1104 1936 1263 2001 virtutum

160 2056 275 2103 suarum
301 2043 421 2105 merito
442 2040 570 2117 delata,
593 2039 670 2103 audi
694 2040 890 2121 Propltctam
912 2040 953 2102 ad
974 2057 1045 2103 cam
1073 2039 1260 2101 dicentem:

160 2135 283 2204 lilerista'
305 2140 492 2221 p'atrtitiam,
514 2151 542 2202 st
568 2138 667 2203 odisti
687 2138 911 2221 iniquitatem:
928 2148 1096 2218 propterea
1115 2135 1211 2199 aaait
1238 2142 1266 2199 tc

161 2236 240 2316 deas,
261 2239 348 2307 beas
361 2252 437 2306 taes
456 2243 520 2306 olco
534 2242 674 2305 laetitiae
690 2260 769 2324 prae
780 2238 995 2323 participibus
1015 2239 1090 2303 tais.
1111 2238 1264 2325 Dilectio-

161 2344 198 2404 ais
221 2360 296 2425 erpo
320 2344 438 2408 merito
466 2345 601 2426 ungitur
621 2344 696 2409 oleo
717 2345 883 2422 laetitiao;
907 2345 987 2406 idest
1008 2344 1113 2407 anima
1144 2340 1265 2405 Christi

158 2460 218 2505 coar
240 2442 350 2509 Verbo
364 2443 423 2508 Dei
445 2444 619 2524 (Cbrislus)
638 2445 688 2508 rel
710 2446 836 2523 (nnnml
850 2445 998 2509 allicitur.
1020 2443 1102 2527 Ungi
1121 2464 1262 2525 namque

159 2542 220 2605 oleo
237 2544 406 2624 laetitiae,
427 2564 492 2610 non
517 2546 605 2610 alind
629 2547 845 2627 intelligitur,
868 2566 966 2628 quatu
994 2547 1118 2627 Spiritu
1147 2544 1265 2611 Sancto

159 2646 274 2725 repleri.
288 2646 388 2723 Quod
408 2655 518 2711 antem
533 2666 614 2728 prae
623 2646 839 2729 participibus
853 2649 947 2725 dixit,
965 2649 1084 2713 indicat
1103 2650 1179 2729 quia
1202 2666 1265 2711 non

158 2748 248 2823 pratia
268 2747 412 2830 Spiritus
431 2750 516 2813 sicut
538 2749 703 2829 prophetis
724 2752 753 2813 ci
776 2749 850 2813 data
873 2758 942 2826 est,
964 2750 1018 2813 sed
1041 2750 1139 2829 ipsius
1166 2746 1265 2812 Verbi

158 2842 205 2911 liei
217 2848 247 2911 iu
260 2868 299 2913 ea
316 2849 536 2914 substantialis
551 2852 656 2915 iuerat
671 2849 853 2932 plenitudo,
869 2852 953 2915 sicut
972 2850 1147 2931 Apostolus
1163 2850 1263 2913 dixit:

158 2945 186 3009 ιἰι
202 2968 262 3029 quo
281 2950 442 3014 inhabitat
455 2950 557 3015 amaia
568 2951 733 3032 plenitudo
749 2950 932 3017 divinitatis
952 2948 1159 3031 corporaliter
1173 2960 1234 3014 ete.
1250 2971 1266 3005 a

225 3049 332 3114 Porro
356 3052 455 3114 totins
476 3056 648 3132 pericopae
675 3070 788 3116 sensus
810 3072 911 3134 prope
935 3051 1052 3117 Rullini
1086 3053 1266 3115 versionem

157 3166 190 3213 ex
208 3154 392 3233 praemissis
414 3153 582 3216 manileslo
604 3156 747 3231 eruitur,
762 3155 935 3236 Origeoem
949 3155 1117 3218 ostendere
1137 3151 1218 3217 iesu
1233 3171 1266 3215 a·

157 3250 262 3315 nimam
283 3250 399 3316 Verbo
410 3249 469 3315 Dei
489 3254 662 3329 sociatam,
685 3273 748 3318 ono
770 3256 912 3337 potuisse
927 3274 989 3319 non
1004 3254 1108 3319 Deam
1123 3253 1267 3333 dtttpere.

158 3347 192 3413 El
210 3355 361 3435 quamvis
383 3354 450 3435 ipsa
472 3353 592 3420 Christi
623 3358 728 3419 anima
750 3356 896 3438 ejusdem
922 3368 1059 3421 naturae
1088 3373 1127 3422 aa
1148 3355 1269 3421 anima·

158 3469 221 3516 ram
243 3457 391 3519 omnium
415 3457 499 3518 lorel
520 3464 552 3517 et
574 3456 646 3520 bion
661 3456 766 3521 libero
788 3477 921 3537 quoque
936 3458 1073 3525 arbitrio
1095 3457 1208 3521 ditatas
1226 3458 1272 3519 ni·

156 3552 338 3633 bilomiuus,
354 3558 430 3638 qula
446 3560 477 3620 in
492 3563 597 3623 anima
613 3558 694 3624 Iesu
714 3558 817 3621 amatis
826 3558 993 3640 plenitudo
1013 3556 1196 3624 diuinitatis
1215 3557 1272 3619 ba·

157 3652 260 3721 litavit
279 3658 505 3738 corporaliter,
518 3662 697 3725 dilectionis
719 3663 915 3725 immensitas
929 3663 1054 3725 animae
1076 3664 1176 3741 ipsius
1189 3677 1268 3739 erpa

157 3752 274 3835 ὓιιιιιι,
299 3758 341 3821 ab
361 3778 398 3821 ea
419 3778 547 3825 omnem
569 3763 811 3839 conversionis,
833 3764 902 3828 site
925 3762 1109 3826 mutationis
1139 3778 1268 3825 sensum
1319 3782 1322 3795 ·

156 3856 291 3924 abstulit.
316 3860 365 3924 de
385 3860 458 3924 ideo
479 3864 537 3926 etsi
559 3864 590 3926 in
612 3865 812 3927 humanitate
834 3871 974 3927 tentatus
1001 3863 1173 3939 Christus,
1196 3882 1270 3943 pec·

155 3975 221 4023 aare
236 3980 303 4025 nou
322 3964 441 4044 potuit.
464 3962 506 4027 El
521 3964 584 4027 boe
604 3975 664 4039 est,
678 3962 913 4044 quod‘diseutlt
925 3964 1135 4029 Adamantius
1153 3966 1271 4027 tanta

155 4054 199 4134 iis,
218 4080 307 4141 quae
328 4062 446 4126 ibidem
467 4063 672 4145 explanaril3
693 4073 761 4128 lum
783 4066 1042 4144 insequentibus
1064 4064 1270 4129 concorditer

156 4165 184 4221 el
200 4162 392 4243 sibimetipsi
411 4175 558 4228 constans
574 4168 672 4229 sensit
691 4185 729 4230 ac
743 4167 866 4243 docuit,
890 4166 990 4229 veluti
1013 4167 1131 4247 coique
1150 4166 1270 4245 legenti

156 4269 256 4337 patet:
281 4266 483 4346 proindeque
505 4267 587 4331 nulli
608 4288 678 4331 osse
699 4266 913 4331 dubitandum
934 4268 1012 4348 quio
1035 4265 1153 4331 sanat
1175 4268 1272 4331 inler-

156 4366 290 4441 pretatin
312 4366 371 4429 sibi
394 4369 579 4431 cobserent.

225 4465 345 4531 Postea
366 4469 554 4533 attendatur
575 4468 653 4550 quid
674 4468 733 4532 sibi
756 4470 834 4533 velit
855 4468 1010 4549 Origenes
1029 4471 1125 4553 juata
1142 4468 1271 4550 Episto-

155 4562 201 4629 lae
219 4568 260 4630 ad
286 4566 435 4634 lteram
456 4573 690 4653 expositionem
700 4592 713 4652 3
731 4571 827 4653 cujus
848 4589 960 4637 sensus
983 4573 1013 4635 io
1027 4573 1074 4636 bis
1098 4574 1204 4637 verbis
1219 4572 1265 4634 in-
