3375 5567
357 701 416 753 xm

352 812 535 903 ignorasse
563 804 848 883 luculentissima
874 802 1012 880 Christi
1032 801 1155 879 verbus
1181 804 1233 879 ite
1253 801 1440 880 maledicti

351 935 388 1005 in
416 934 532 1029 ipaem
555 936 765 1016 octauum,
787 934 851 1032 qui
875 945 1026 1031 perotus
1057 946 1109 1006 est
1140 928 1281 1007 &obolo
1307 947 1342 1007 et
1369 954 1437 1006 urt-

351 1062 437 1160 9eb't
462 1063 563 1161 ejas,
595 1062 664 1135 etsi
700 1058 934 1135 obstantibus
970 1058 1130 1136 uirorum
1166 1059 1437 1135 nominatorum

352 1191 522 1291 pisoitis;
546 1204 710 1267 ettamen
730 1210 813 1265 eum
833 1189 895 1265 diu
923 1187 1201 1286 perpenderint,
1225 1187 1345 1285 alique
1371 1212 1439 1263 sr-

351 1342 441 1395 esna
470 1317 595 1400 verba,
622 1330 686 1393 sut
705 1336 852 1393 sensum
871 1314 1046 1392 abscondi
1059 1315 1105 1391 in
1123 1315 1351 1391 sermonibus
1365 1314 1442 1390 Do·

350 1447 476 1532 cteris,
504 1446 697 1533 incertum,
719 1444 782 1521 vet
796 1444 918 1543 potius
944 1443 1264 1529 inconsideratum,
1283 1466 1355 1543 quo
1379 1466 1440 1519 re·

350 1587 486 1660 scroto,
501 1572 644 1649 sustolli
677 1572 889 1650 omnimode
913 1573 1095 1670 potuisset
1117 1571 1251 1649 mentis
1277 1594 1366 1647 suaa
1383 1572 1443 1645 in-
1584 1571 1614 1634 ri·

350 1700 557 1787 stabilitas,
585 1701 693 1779 sicuti
719 1700 883 1795 eiusdem
909 1701 993 1777 ideo
1019 1724 1043 1777 a
1070 1698 1241 1777 Dontdm
1272 1697 1440 1775 Catholi-

348 1854 389 1905 oa
417 1830 623 1915 dissensus,
649 1828 807 1909 libenter
832 1852 894 1905 me
920 1828 1075 1906 submisi
1100 1827 1230 1906 labori,

274 1982 277 1987 ·
400 2028 402 2033 ,
455 1957 653 2058 Postquam
684 1982 770 2035 aero
796 1979 858 2035 nse
884 1958 1054 2057 perspexi
1083 1979 1235 2055 scopum
1252 1956 1436 2053 attigisse,

350 2102 389 2163 et
415 2108 447 2163 s.
468 2086 688 2185 Episcopum
708 2087 776 2163 sibi
791 2100 1076 2163 consentaneam
1091 2084 1224 2183 ubique
1242 2084 1437 2183 probasse,

352 2239 418 2293 nec
447 2234 605 2315 unquam
633 2239 654 2289 a
682 2214 752 2291 fide
779 2214 983 2291 orthodoxe
1007 2213 1164 2289 alienam
1191 2215 1238 2291 de
1257 2228 1436 2314 perpetus

222 2347 223 2350 ’
348 2346 604 2421 damnatorum
620 2362 753 2442 poena,
772 2341 891 2419 dubiis
911 2356 949 2418 et
973 2341 1179 2429 latebrosis,
1193 2356 1344 2441 stenae
1361 2344 1436 2420 sibi

349 2472 552 2547 contraries
580 2469 807 2557 videbantur,
835 2468 1079 2547 locutionibus
1106 2467 1317 2557 illustratist
1342 2470 1437 2547 inita·

348 2600 562 2685 concordis,
590 2598 718 2675 eodem
746 2597 976 2684 tentamine,
1003 2610 1042 2675 et
1067 2596 1285 2695 quibusdam
1315 2599 1437 2698 ipsius

348 2729 557 2827 praemissis
585 2726 874 2805 theorematibus
901 2727 999 2803 circa
1017 2726 1160 2802 animae
1188 2739 1326 2801 statum
1348 2746 1436 2826 pest

347 2856 488 2933 obitum
505 2870 543 2935 et
570 2870 657 2933 ente
675 2855 951 2933 resurrectionis
977 2855 1088 2939 diem,
1107 2866 1282 2952 tanquam
1306 2880 1328 2929 a
1344 2880 1433 2934 eer-

349 2985 396 3060 tis
422 2985 467 3060 ad
496 2986 634 3059 incerta
662 2983 865 3069 transiens,
893 2982 1068 3080 cogitavi,
1091 2981 1436 3083 ‘plurimasqnoqnc

349 3112 518 3205 ciusdem
539 3111 681 3209 generis
713 3110 868 3187 reserari
902 3132 1010 3207 posse
1036 3109 1204 3206 Origeois
1230 3109 1435 3195 dictiones,

349 3242 510 3339 dogmati
548 3240 725 3317 catholico
762 3261 964 3338 repugnare
1004 3239 1112 3313 abas.
1154 3237 1279 3337 quue
1317 3241 1436 3338 magis

348 3372 443 3467 quod
470 3380 699 3467 compertum
727 3368 776 3443 sit
801 3391 851 3441 er
878 3366 1182 3468 frequentissimis
1208 3394 1252 3444 ac
1278 3342 1437 3467 apertisss

350 3497 451 3572 simis
489 3497 602 3596 ipsius
632 3496 877 3579 testimoniis,
909 3498 1213 3573 interminabilem
1252 3497 1433 3573 maiorum

264 3645 275 3671 ·
348 3638 483 3699 sortem
513 3624 549 3697 in
575 3622 691 3699 altero
719 3622 842 3699 secuto
875 3647 946 3697 non
973 3624 1093 3699 solum
1119 3625 1339 3707 credidisse,
1367 3625 1433 3698 sed

347 3767 387 3827 at
413 3753 520 3846 buius
555 3751 741 3827 doctrinae
766 3751 996 3826 adversarios
1028 3752 1240 3829 confutasse
1264 3752 1436 3829 alacriter

351 3882 618 3957 Adamantium.

456 4007 686 4107 Quapropter
712 4008 762 4084 ita
791 4009 973 4105 inceptam
991 4008 1160 4085 eamdem
1188 4025 1312 4087 tenere
1335 4012 1432 4087 viam

350 4139 438 4213 mibi
467 4138 584 4215 visum
611 4150 670 4213 est
697 4136 732 4211 in
766 4136 890 4212 ordine
914 4136 1250 4222 demonstrationis,
1280 4136 1432 4235 Nysseni

349 4267 488 4341 seilicet
505 4290 635 4342 sensus
655 4266 921 4363 praemittendo
936 4265 1049 4340 veluti
1063 4266 1329 4363 praeliminaris
1345 4292 1434 4341 exa-

352 4394 472 4481 minis,
500 4395 595 4494 qnod
623 4394 810 4469 subiturus
835 4408 895 4469 est
910 4418 1100 4492 processus
1128 4396 1318 4471 institutus
1344 4396 1432 4471 olim

351 4534 476 4601 contra
504 4522 671 4622 Origenis
698 4520 823 4608 libros,
844 4537 882 4598 et
909 4528 988 4616 ejus
1006 4540 1178 4621 patrotms
1205 4520 1342 4601 Nitriae
1361 4522 1433 4601 Μο·
