3375 5567
452 794 598 873 origenis
614 810 742 858 sensnm
757 800 988 874 corruperunt,
1004 808 1170 874 pravaque
1189 794 1439 875 interpretatione
1447 795 1525 858 sitia·

453 906 540 970 runt,
562 897 634 959 inde
653 898 684 958 in
705 898 954 960 christianorum
975 904 1071 959 eoeiu
1091 896 1297 975 propalantes
1317 904 1456 977 tanquam
1472 912 1528 959 ua·

450 1015 565 1077 gerum
586 999 708 1061 socium
730 1007 761 1061 et
782 998 1062 1079 adstipulatorem,
1088 998 1194 1059 virum
1216 999 1342 1076 penitus
1357 998 1395 1058 als
1414 998 1470 1059 hoe
1485 1014 1528 1059 er·

448 1117 524 1162 rore
546 1102 727 1163 immunem.
751 1100 813 1176 Qut
836 1101 908 1162 ideo
930 1108 1015 1161 tauta
1038 1100 1099 1162 ilde
1120 1109 1153 1162 et
1174 1100 1246 1161 zelo
1268 1098 1418 1162 adsersus
1435 1116 1527 1177 mago·

451 1218 523 1263 rum
545 1201 678 1264 artificia
701 1202 861 1281 loquitur,
877 1210 915 1265 nt
934 1202 1107 1280 impiorum
1129 1208 1162 1263 et
1182 1210 1387 1281 peccatorum
1406 1198 1527 1269 nomine,

447 1302 503 1381 qni
521 1303 595 1363 talia
611 1311 720 1382 agunt,
739 1311 853 1365 soeetr
869 1324 887 1361 r
901 1302 1005 1365 Saneii
1021 1303 1144 1381 (inquit
1158 1320 1186 1364 e.
1204 1298 1308 1365 xxti.
1322 1296 1398 1370 ui„
1419 1294 1530 1363 Selecto-

447 1418 520 1464 rum
544 1400 580 1465 irs
594 1400 744 1467 Numeros
759 1402 768 1482 l
790 1411 932 1482 puguant
947 1402 1053 1465 serbis
1067 1420 1215 1482 precum,
1229 1402 1319 1483 impii
1334 1418 1410 1465 reru
1428 1408 1459 1462 et
1470 1416 1531 1477 pse·

447 1510 573 1567 satores
595 1504 700 1565 verbis
721 1506 860 1584 magieis.
876 1524 894 1561 r
1596 1495 1597 1500 ’

526 1601 663 1666 Demum
680 1612 718 1667 ut
736 1605 804 1667 sole
828 1602 1024 1686 splendidior
1038 1604 1148 1668 luceat
1171 1602 1375 1683 origenianae
1397 1600 1466 1663 litei
1483 1616 1531 1680 pu·

449 1708 538 1779 ritas,
554 1721 698 1785 suaeque
718 1706 884 1768 doetrinae
904 1707 1091 1785 integritasg
1109 1713 1143 1767 et
1163 1713 1200 1768 ut
1220 1704 1455 1785 expositionum
1471 1718 1533 1763 sur·

447 1824 520 1869 rum
541 1808 640 1886 magis
661 1815 783 1871 constet
814 1808 968 1887 sagacitas
988 1808 1020 1869 in
1040 1806 1285 1886 seripturarum
1307 1804 1531 1868 difficultatibus

445 1908 622 1983 diluendis,
645 1926 703 1971 nee
724 1909 795 1970 ideo
814 1910 967 1990 fautorem
987 1926 1062 1983 ears,
1084 1918 1332 1987 neopatrensem
1351 1905 1432 1969 ertia
1449 1901 1536 1984 mage
1597 1911 1598 1944 ⁴

445 2026 509 2085 ene,
530 2026 627 2089 neque
641 2028 731 2073 urmn
751 2008 862 2073 tulisse
881 2019 917 2071 nt
935 2020 1048 2071 anatra
1062 2011 1209 2090 dogmate
1221 2009 1367 2074 ueritatis
1386 2008 1534 2083 iaredmt,

444 2130 507 2173 non
527 2119 575 2174 est
589 2112 642 2172 lile
658 2111 928 2191 praetereundum
947 2110 1033 2190 quod
1055 2114 1123 2192 ipse
1137 2110 1293 2192 Origenes
1309 2110 1449 2175 llomilia
1459 2108 1534 2172 xit.

366 2244 368 2249 ·
446 2232 476 2277 n.
497 2210 527 2277 7.
543 2211 579 2275 irs
599 2210 762 2289 Numeros,
778 2213 921 2275 divinum
943 2212 1150 2275 mandatnm:
1166 2230 1231 2275 nou
1250 2211 1312 2275 erit
1328 2209 1536 2292 nuperrimis

445 2312 552 2389 terei,
574 2330 669 2394 neque
689 2310 845 2376 divinatio
866 2313 901 2377 irs
923 2311 1037 2389 lsrud,
1058 2330 1233 2395 exponens,
1256 2310 1535 2393 scribitsrlgitnr,

447 2418 598 2495 quoniam
621 2417 722 2480 visum
745 2427 792 2479 est
810 2416 878 2497 jam
892 2416 983 2479 uobis
1003 2417 1187 2496 diligentius
1204 2416 1245 2478 de
1264 2417 1402 2497 singulis
1421 2416 1538 2497 quibus·

443 2536 507 2599 qne
521 2519 694 2594 discutere,
712 2536 774 2581 neu
795 2519 957 2583 ridebitur
975 2519 1166 2595 absurdum,
1181 2522 1208 2582 si
1222 2520 1321 2582 etiam
1343 2520 1421 2601 qnid
1440 2520 1538 2583 sitan·

444 2621 584 2700 guertio,
608 2621 659 2683 rel
680 2621 853 2699 divinatio;
874 2622 1025 2702 quoniam
1044 2621 1090 2684 sie
1103 2620 1234 2703 plaenlt
1253 2620 1444 2699 Scripturas
1462 2638 1537 2683 eon·

442 2740 623 2785 memorare
644 2721 683 2785 de
705 2724 762 2798 iis,
795 2742 833 2785 ne
854 2723 939 2785 iorte
960 2725 1031 2804 quis
1051 2723 1238 2801 ignoranter
1262 2724 1294 2785 iu
1317 2725 1400 2787 haee
1419 2722 1536 2793 ineidat,

443 2824 658 2903 requiramus.
671 2822 808 2886 Videtur
822 2841 900 2903 ergo
913 2824 990 2887 milri
1005 2824 1195 2887 futurorum
1209 2824 1435 2904 pmeseientia,
1449 2840 1538 2904 qnan-

446 2930 514 2985 tum
535 2924 574 2985 ad
597 2925 696 3001 ipsam
720 2942 787 2986 rem
808 2932 943 3003 spectat,
966 2923 1106 2986 medium
1122 2924 1275 3003 quiddam
1296 2942 1381 2998 esse,
1398 2924 1476 2985 idest
1493 2940 1538 2983 ue·

443 3040 508 3103 que
528 3024 658 3104 proprie
679 3023 819 3098 bonum,
842 3042 947 3103 neque
968 3026 1099 3105 proprie
1120 3025 1263 3088 malurn:
1283 3023 1537 3106 qnandoquidem

442 3133 547 3203 potest
565 3126 727 3188 interdum
749 3126 878 3187 etiamr
900 3133 992 3205 parte
1011 3126 1129 3187 diaboli
1151 3125 1191 3187 ed
1214 3126 1383 3191 hominnm
1406 3126 1537 3188 notitiam

440 3222 628 3287 interorum
655 3226 761 3288 venire
782 3226 1002 3304 praescientia.
1025 3226 1099 3289 Siue
1120 3228 1218 3291 dubio
1239 3236 1352 3291 autem
1375 3246 1449 3292 eum
1470 3238 1538 3288 ten·

440 3343 501 3405 pus
522 3332 554 3389 et
574 3332 797 3405 opportunitas
819 3333 933 3409 possit,
954 3337 988 3391 et
1009 3330 1159 3393 voluutas
1180 3328 1238 3393 liei
1259 3329 1377 3404 inerit,
1399 3329 1494 3392 datur
1510 3344 1537 3386 e·

441 3427 516 3487 tiam
538 3442 555 3487 a
578 3422 644 3487 Deo
667 3444 724 3506 per
745 3428 918 3507 prophetas
947 3428 1129 3492 hominibus
1157 3431 1370 3509 praescientia
1382 3451 1394 3508 3
1424 3439 1456 3492 et
1475 3428 1538 3489 ideo

440 3525 592 3601 diximus,
605 3527 681 3605 quia
696 3544 800 3606 neque
812 3530 944 3609 proprie
957 3530 1077 3592 bouum
1092 3530 1153 3592 diei
1169 3539 1285 3611 potest,
1298 3530 1390 3612 quod
1405 3530 1539 3610 aliquan·

438 3626 479 3688 do
501 3642 518 3687 a
541 3627 627 3689 melo
651 3630 734 3689 venit
746 3649 756 3707 3
780 3647 885 3709 neque
905 3632 1036 3711 proprie
1058 3633 1197 3707 malum,
1219 3632 1308 3711 quod
1321 3629 1536 3712 ·aliquaadua

440 3722 508 3788 Deo
523 3727 694 3791 deseendit.
718 3728 758 3793 tir
773 3732 921 3809 quamvis
934 3730 975 3793 de
996 3734 1057 3794 isoc
1077 3732 1279 3795 abundanter
1292 3735 1394 3797 etiam
1409 3751 1450 3796 ex
1464 3728 1538 3793 Suri·

438 3829 544 3908 pturis
565 3827 837 3911 diriuisexemplu
859 3834 1074 3911 suppeditent,
1089 3832 1238 3896 suilleere
1260 3844 1369 3898 tameo
1384 3835 1536 3899 eredimus

437 3932 463 3991 si
485 3938 618 3993 utamur
637 3950 688 4006 eo,
712 3935 797 4012 quod
820 3937 853 3997 iu
874 3932 1059 4014 Regnorum
1080 3933 1179 3997 Libro
1205 3938 1366 4015 seriptum
1387 3937 1534 4016 legimus:

438 4032 492 4095 ubi
509 4032 592 4095 drea
616 4030 674 4096 Dei
688 4033 728 4095 ab
742 4033 927 4118 Alloplnylis
946 4045 1037 4116 eapte
1060 4045 1120 4111 est,
1135 4044 1168 4099 et
1188 4036 1326 4099 deducta
1344 4038 1376 4098 in
1393 4036 1535 4105 drotum,

437 4141 469 4195 et
484 4133 540 4196 ibi:
557 4132 815 4210 introduxerunt,
830 4136 946 4216 inquit,
961 4155 1028 4199 rem
1041 4135 1078 4199 in
1096 4138 1222 4199 domum
1236 4134 1370 4217 Dauom
1391 4144 1421 4199 st
1438 4134 1539 4198 ism·

437 4242 488 4296 itit
508 4244 551 4297 ert
572 4232 686 4315 Dagon
707 4232 853 4299 recidisse
872 4236 909 4299 in
929 4247 1065 4299 ursum.
1080 4283 1087 4297 .
1101 4282 1109 4299 .
1125 4284 1134 4299 .
1150 4236 1193 4299 Bt
1212 4246 1484 4319 mgregumn
1496 4252 1540 4295 sa·

438 4336 575 4398 certiores
594 4347 622 4399 et
643 4332 770 4401 divinos
790 4356 864 4401 suos
883 4337 1037 4402 discurras
1057 4336 1137 4419 quid
1154 4338 1307 4416 summus
1326 4341 1366 4403 da
1385 4338 1468 4403 Areu
1486 4332 1541 4400 tte

435 4436 517 4501 mirsi
528 4432 571 4498 P.
589 4485 595 4498 .
614 4484 620 4499 .
637 4485 644 4498 .
660 4456 677 4494 n
