3375 5567
423 764 509 826 bitrii
531 761 720 827 facultatem
750 763 855 828 anima
879 764 1053 843 trtgeccana
1082 761 1189 827 denuo
1218 762 1250 826 iu
1271 767 1408 826 mentem
1435 759 1520 824 terri·

417 865 493 927 dam
512 863 653 927 eradere
675 873 817 944 potesta
840 866 1016 946 frigiditate
1038 881 1210 939 converse,
1224 866 1323 942 culpa
1347 863 1520 939 emandata3

420 983 495 1028 cum
517 964 548 1025 iu
568 982 603 1027 ae
621 982 751 1044 semper
772 965 889 1029 babent
921 966 1011 1028 vetut
1031 966 1151 1028 semina
1174 963 1336 1043 quaedam
1366 962 1525 1044 reparandi

421 1082 460 1128 ac
482 1064 657 1126 renovandi
680 1065 824 1128 melioris
844 1065 1040 1129 intellectus.

507 1163 703 1246 Huiusmodi
725 1185 825 1246 porro
845 1166 994 1248 Origcuis
1017 1165 1258 1244 metaphoricae
1279 1164 1319 1227 de
1349 1165 1452 1227 anima
1471 1181 1529 1226 ser·

421 1284 474 1330 mo
495 1268 634 1346 amptius
647 1269 844 1350 explanatur
864 1269 905 1330 ab
922 1265 1060 1331 Humilia
1079 1265 1171 1329 vttt.
1196 1264 1230 1328 iu
1252 1264 1441 1330 Hieremiam
1461 1282 1489 1326 n.
1502 1261 1527 1326 t.

422 1367 478 1430 ubi
499 1368 667 1448 distinguit
686 1370 825 1432 animam
849 1370 1024 1433 habitatum
1046 1371 1086 1431 ab
1113 1371 1219 1432 anima
1241 1370 1382 1430 deserta:
1407 1387 1423 1423 n
1447 1364 1531 1426 idcir·

423 1486 485 1540 co,
507 1465 632 1547 iuquit,
655 1478 813 1548 quantum
835 1487 1006 1549 possumus
1032 1471 1185 1534 iaborare
1206 1470 1374 1537 nitamur,
1397 1472 1433 1530 ιιι
1454 1466 1529 1528 babi-

424 1575 489 1629 tatu
510 1570 614 1629 anima
637 1578 745 1632 nostra
767 1587 785 1630 ιι
811 1572 964 1650 supientia
998 1570 1055 1634 Dei
1085 1574 1240 1650 erigatur.
1270 1568 1394 1634 Cecidit
1422 1567 1530 1647 quippe

424 1670 516 1732 etde
536 1669 666 1732 sublimi
687 1675 826 1745 corruit,
852 1673 1052 1736 venientibus
1078 1673 1168 1734 uobis
1190 1672 1346 1733 inlocum
1368 1670 1461 1732 istum
1483 1667 1531 1728 mi·

424 1770 596 1833 seriarum.
627 1769 749 1835 Cecidit
782 1773 923 1836 babitatu
945 1776 1049 1836 anima
1072 1783 1204 1846 nostra,
1230 1783 1402 1851 postquam
1432 1786 1531 1849 pccca-

426 1870 555 1946 vimus,
578 1872 687 1951 inique
716 1872 871 1949 fecimus,
895 1873 1011 1954 injuste
1032 1877 1169 1952 egimus,
1192 1873 1288 1952 impie
1310 1872 1484 1951 gessimusz
1504 1879 1531 1930 et

425 1980 498 2052 post
518 1973 644 2035 ruinam
668 1973 786 2052 indiget
808 1977 983 2038 erectione.
1006 1975 1037 2038 Si
1059 1985 1168 2037 autem
1191 1991 1252 2036 non
1277 1975 1322 2034 vis
1345 1976 1404 2034 ista
1419 1979 1531 2034 senteu-

429 2074 470 2135 tia
492 2072 622 2150 adduci,
644 2079 849 2138 communem
875 2078 972 2138 totius
993 2075 1080 2138 orbis
1098 2091 1294 2154 quaeramus
1319 2074 1457 2146 ruinam,
1472 2077 1533 2150 post

428 2193 537 2240 casum
564 2174 634 2256 cius
653 2185 888 2254 cousequenter
906 2175 992 2238 Deus
1014 2178 1138 2255 erigens
1154 2176 1371 2254 praedicatur.
1389 2170 1532 2248 Quicum·

427 2293 492 2355 que
513 2282 563 2337 cst
583 2275 616 2335 iu
636 2275 697 2338 isto
717 2276 822 2350 orbe,
843 2286 917 2340 ente
940 2277 1136 2339 erectionem
1159 2277 1285 2339 cecidit.
1309 2276 1341 2338 Si
1364 2282 1470 2336 autem
1490 2289 1532 2333 cc

425 2375 525 2450 cidit,
551 2385 786 2457 consequenter
806 2377 978 2457 erigendus
1000 2377 1084 2439 init:
1108 2395 1202 2441 ncmo
1229 2378 1350 2458 quippe
1370 2377 1437 2438 siue
1466 2391 1532 2436 casu

427 2476 633 2538 sublevatur.
649 2475 681 2538 st
695 2487 805 2540 autem
826 2487 1031 2552 erectorem,
1057 2478 1221 2541 videamus
1236 2497 1321 2558 quoe
1345 2477 1436 2538 ruina
1453 2491 1532 2554 prae·

429 2577 572 2640 cesserit.
594 2574 714 2640 Omnes
740 2581 926 2643 corruimus
949 2597 1009 2659 per
1029 2589 1197 2659 peccatum
1218 2580 1249 2639 in
1273 2577 1354 2642 orbe
1371 2584 1531 2640 terrarum.

430 2675 486 2740 Est
507 2673 678 2752 Dominus,
699 2681 756 2755 qui
778 2679 872 2757 erigit
899 2679 1007 2741 elisos:
1031 2685 1063 2741 et
1084 2678 1225 2740 clevavit
1257 2695 1314 2738 nos
1333 2677 1483 2757 jacentes.
1505 2671 1534 2732 iu

430 2777 534 2841 Adam
556 2796 666 2842 omues
687 2780 870 2858 morimur3
893 2787 991 2859 atque
1008 2779 1051 2841 itu
1068 2782 1194 2842 corruit
1215 2779 1302 2842 orbis
1325 2781 1533 2848 terrarum‚et

430 2878 549 2959 indiget
569 2881 745 2953 erectione,
768 2888 805 2942 ut
827 2880 858 2941 iu
881 2877 1012 2946 Christo
1034 2897 1143 2944 omues
1161 2879 1373 2942 vivificemur.
1388 2897 1404 2934 r
1422 2873 1534 2954 thuia

431 2984 495 3040 tam
516 2977 653 3042 stolidus
666 2979 730 3041 erit>
743 2988 779 3042 ut
794 2980 875 3043 benc
888 2978 1040 3059 Origcuis
1057 2981 1291 3061 expositionem
1310 2978 1441 3058 proprie
1460 2991 1535 3038 eom·

433 3078 610 3158 prehendat
630 3078 669 3140 de
690 3082 873 3142 animarum
895 3089 1081 3143 nostrarum
1105 3079 1285 3161 dejectione
1311 3085 1370 3140 aut
1394 3076 1483 3155 iapru
1501 3071 1534 3132 de

431 3178 560 3240 subiimi
584 3188 641 3242 aut
662 3180 702 3241 dc
724 3181 823 3243 coelia
845 3182 876 3241 in
900 3189 1032 3257 terram,
1050 3181 1135 3244 unde
1158 3181 1265 3244 denuo
1285 3185 1454 3242 erecturus
1473 3179 1534 3237 erat

434 3276 606 3344 Christus?
621 3280 759 3357 Quando
780 3282 950 3362 perspicue
972 3283 1013 3342 ibi
1033 3299 1181 3345 sermone
1197 3282 1338 3361 figurato
1354 3278 1534 3343 describitur

436 3381 534 3444 totius
554 3384 680 3462 generis
701 3384 833 3445 humaui
855 3383 999 3446 conditio
1022 3389 1094 3464 post
1111 3383 1227 3444 Adami
1248 3379 1443 3461 peccatum?

515 3479 619 3559 igitur
637 3500 712 3546 cum
740 3483 783 3544 ita
807 3500 866 3544 uec
888 3482 984 3544 aliter
1010 3503 1045 3568 se
1073 3482 1188 3545 babeat
1216 3481 1365 3560 Origcuis
1385 3478 1534 3546 atocutio,

435 3577 513 3657 quid
534 3580 607 3643 iude
627 3582 834 3645 statuendum
857 3591 904 3646 est
927 3585 1013 3646 circa
1037 3584 1217 3644 animarum
1241 3580 1533 3662 praeexistentiam,

435 3697 616 3759 carumque
641 3693 830 3761 peceatum,
858 3681 953 3762 cujus
974 3701 1052 3762 crgo
1075 3682 1219 3767 dejectae
1240 3701 1257 3743 e
1281 3681 1387 3754 coeio,
1410 3680 1460 3742 btc
1479 3685 1535 3736 tau

437 3797 537 3860 quum
567 3784 599 3842 iu
621 3799 754 3862 poenum
788 3784 912 3863 peccati
936 3783 986 3844 sui
1020 3783 1160 3845 bumana
1183 3799 1322 3862 corpore
1349 3771 1534 3842 induissent?

439 3881 633 3957 Praeterea,
654 3883 681 3946 ai
703 3885 733 3944 iu
756 3883 952 3947 dictionibus
972 3884 1013 3944 ab
1034 3883 1178 3946 Auctore
1204 3883 1376 3946 adhibitis:
1399 3895 1477 3942 ruens
1492 3873 1533 3952 [ι-

435 3993 487 4044 ctu
507 3992 552 4045 sat
572 3981 695 4068 anime:
714 3983 826 4048 auimo
846 4003 963 4046 rursus
984 3984 1088 4065 effecta
1107 3994 1152 4046 ert
1171 4001 1276 4057 mena,
1297 3984 1469 4063 quidquem
1488 3973 1535 4036 ob·

437 4085 567 4146 scurius
590 4084 786 4164 reperietur,
808 4084 1043 4160 conterantur,
1066 4103 1150 4164 quac
1170 4085 1246 4148 aiibi
1268 4084 1304 4147 iu
1321 4072 1534 4166 Epistoiunud

440 4180 599 4246 Romanus
619 4202 647 4246 c.
672 4181 696 4244 Ι.
719 4202 750 4246 n.
772 4181 821 4248 18.
854 4184 953 4248 rerba
984 4186 1237 4265 interpretatus:
1260 4203 1334 4246 curo
1361 4168 1533 4259 couscript'ttt'i

435 4283 586 4345 adversm
604 4279 772 4362 spiritum,
792 4281 929 4364 spiritus
957 4293 1060 4347 uatem
1081 4285 1233 4348 eduorum
1254 4301 1403 4356 curnem,
1425 4277 1530 4357 inquit:

442 4406 458 4442 ι
481 4382 587 4448 Media
614 4385 730 4463 procui
751 4385 850 4448 dubio
883 4384 1015 4463 ponitur
1035 4388 1163 4461 anima,
1185 4403 1270 4466 quac
1303 4384 1354 4448 ret
1382 4375 1528 4445 desideriis

439 4485 572 4564 spiritus
593 4487 787 4566 acquiescat,
805 4487 856 4548 vat
878 4485 916 4548 ed
939 4487 1045 4550 caruis
1066 4488 1342 4566 concupiscentius
1364 4483 1527 4546 inclinetur·
