3375 5567
443 646 503 715 112

877 758 1031 827 utens
1054 762 1108 829 lx.

441 956 485 1018 lle
505 956 722 1022 sanctissimae
746 957 915 1024 Trinitatis
936 964 1105 1043 mysterio,
1130 966 1211 1031 Verbi
1231 980 1259 1033 et
1280 966 1417 1050 Spiritus
1440 970 1531 1037 Suari

481 1057 660 1136 divinitate,
685 1058 833 1139 Oripenis
847 1060 1010 1141 doctrina,
1026 1068 1214 1146 praesertim
1228 1090 1268 1133 sn
1282 1070 1469 1137 l’eriarcboa
1482 1074 1534 1137 dir·

480 1159 635 1241 quiritur,
655 1161 754 1227 simul
767 1164 958 1245 comparatis
980 1164 1098 1248 lluffini
1111 1181 1140 1235 st
1161 1168 1349 1253 Hieronymi
1361 1173 1534 1239 rnnnnilsr

483 1276 511 1325 et
532 1260 680 1343 Epistola
703 1264 746 1327 nd
766 1262 929 1331 Merinum.

444 1518 651 1658 Hucusque
666 1578 840 1659 disputata,
863 1580 970 1646 divina
985 1581 1207 1648 tantummodo
1228 1585 1385 1649 attributa
1400 1591 1540 1664 speciano

444 1698 530 1743 nunc
552 1681 676 1760 reliqua
706 1680 855 1763 Origenis
878 1685 1058 1748 testimonia
1086 1687 1125 1749 de
1149 1684 1246 1750 Verbi
1280 1684 1361 1761 ilci,
1388 1683 1540 1765 Sanctiqna

445 1781 584 1863 Spiritus
599 1781 747 1847 Perennis
761 1784 960 1849 discutienda
975 1788 1122 1851 subeant.
1140 1787 1174 1850 lu
1193 1788 1240 1851 bis
1257 1791 1343 1852 eninr
1359 1788 1475 1869 pariter
1487 1788 1542 1867 ipss

445 1882 613 1964 impetitur
633 1885 673 1945 ab
694 1884 888 1947 adversariis
911 1894 1062 1967 tanquam
1085 1887 1302 1969 blasphemiae
1324 1888 1484 1960 adsertor,
1500 1884 1541 1949 li

445 1985 526 2047 lium
547 1986 667 2067 quippe
690 1982 804 2059 Putre,
827 1996 860 2048 et
880 1986 1035 2070 Spiritum
1058 1988 1210 2054 Sanctum
1231 1988 1329 2053 Patre
1351 2001 1384 2053 et
1407 1988 1484 2053 Filio
1497 1990 1542 2049 mi·

444 2105 556 2150 norem
578 2089 773 2151 existimaus.
795 2086 847 2151 Sic
863 2106 1001 2171 namque
1024 2092 1149 2155 Auctor
1164 2090 1330 2173 Epistulae
1352 2091 1392 2155 ad
1414 2089 1544 2155 Mennim

445 2211 487 2252 ex
510 2188 607 2254 Libro
630 2189 655 2251 Ι.
681 2189 725 2252 De
748 2188 924 2271 Principiis
947 2212 973 2255 c.
998 2189 1056 2255 ΙΙΙ.
1079 2190 1109 2255 5.
1131 2192 1279 2273 Origenis
1303 2196 1403 2257 verba
1421 2190 1543 2273 prodidit

445 2310 520 2353 cum
552 2291 738 2372 hujusmodi
760 2293 1047 2374 interpretatione:
1079 2296 1271 2358 «Arbitror
1292 2292 1399 2358 Mum
1431 2292 1544 2374 quiden

444 2394 590 2467 Patrem,
611 2412 685 2457 cusu
707 2396 812 2457 omnia
829 2396 990 2459 contineat
1012 2394 1051 2457 ad
1069 2394 1327 2481 unumquodque
1350 2396 1470 2459 entium
1485 2410 1545 2473 per·

446 2495 570 2567 venire,
586 2512 655 2557 esse
670 2495 847 2576 unicnique
860 2496 1095 2576 impertientem
1112 2495 1152 2557 de
1165 2515 1244 2559 sun:
1261 2495 1329 2574 ipse
1344 2496 1430 2559 enim
1445 2492 1545 2572 estqui

445 2605 504 2661 est.
527 2595 635 2660 Minor
657 2616 736 2661 sero
760 2596 853 2661 Patre
878 2595 979 2662 l'ilius
1000 2598 1128 2660 adsela
1153 2598 1358 2667 rationabilia
1387 2598 1544 2680 perrecin

445 2699 589 2763 ostenim
610 2698 804 2763 secundusa
828 2698 933 2761 Patre.
950 2697 1066 2762 annuc
1087 2698 1183 2761 otiam
1200 2700 1306 2763 minor
1326 2700 1466 2781 Spiritus
1480 2696 1546 2759 San·

447 2810 519 2862 ntus
539 2800 580 2861 ad
600 2801 688 2865 solos
707 2807 836 2864 sanetus
857 2800 1019 2881 pertingit.
1044 2798 1091 2863 lta
1113 2820 1153 2865 ex
1177 2803 1238 2865 boc
1260 2800 1369 2883 major
1396 2808 1445 2866 est
1471 2809 1545 2880 pute·

445 2908 513 2963 stas
536 2898 640 2963 Patris
660 2918 758 2980 qnam
782 2897 855 2962 Filii
877 2909 910 2964 et
930 2900 1068 2982 Spiritus
1090 2898 1208 2965 Sancti.
1238 2902 1391 2982 Amplior
1411 2903 1484 2965 item
1503 2918 1548 2981 po

445 3010 543 3065 testas
566 2999 639 3066 Filii
656 3018 755 3082 quam
773 3001 913 3083 Spiritus
929 2998 1049 3065 Sancti:
1067 3018 1252 3067 desursum
1274 3005 1492 3083 praestantior
1510 3008 1549 3062 est

448 3103 555 3167 Sancti
567 3102 705 3183 Spiritus
717 3105 820 3167 virtus
831 3122 929 3183 qnam
941 3102 1082 3167 aliorum
1094 3112 1281 3169 sanctorum
1293 3104 1429 3167 eutium.
1447 3100 1548 3167 rllsoe

448 3205 592 3267 eamdem
609 3204 905 3285 interpretationem
923 3201 1140 3291 Hieronymus
1155 3207 1185 3269 iu
1205 3202 1352 3286 Epistola
1374 3204 1415 3268 ad
1432 3204 1550 3268 Avitum

416 3304 421 3317 '
448 3307 641 3387 obsignarit,
665 3305 827 3369 redactam
842 3306 884 3367 ab
900 3304 1053 3387 Epistolis
1071 3306 1278 3371 Pascbalibus
1298 3303 1482 3385 lbeopbili.

526 3408 721 3490 Priusquam
746 3426 822 3471 vero
845 3409 924 3473 baec
945 3416 978 3473 ot
998 3408 1114 3473 similia
1136 3429 1154 3473 e
1177 3408 1330 3491 praelatis
1352 3410 1445 3473 libris
1467 3407 1551 3471 etsie

449 3532 508 3592 per
520 3511 650 3575 eosdem
668 3515 860 3592 interpretes
881 3520 1060 3575 commenta
1084 3522 1195 3575 contra
1212 3512 1326 3592 dogma
1348 3510 1553 3575 sanctissimae

448 3611 625 3689 Trinitatis,
647 3612 780 3693 Origeui
802 3612 999 3694 adiudicati,
1021 3613 1135 3676 sedulo
1158 3612 1320 3695 pensando
1339 3615 1549 3679 enucleemus·

447 3734 566 3797 operae
594 3718 752 3795 praetium
769 3723 898 3795 reputo,
917 3733 1001 3795 quae
1018 3716 1094 3778 alibi
1111 3715 1310 3779 luculentius
1338 3715 1468 3797 scripsit
1482 3710 1554 3775 dda-

449 3818 587 3880 manlius
602 3817 642 3879 de
664 3816 724 3879 boo
752 3816 918 3899 mysterio,
941 3816 1084 3897 objicere
1106 3815 1305 3895 lectoribus3
1321 3834 1359 3878 an
1376 3832 1439 3877 oon
1459 3811 1554 3875 solum

449 3940 492 3984 ex
517 3919 565 3982 bis
587 3918 699 3993 libris,
726 3937 840 3983 rerum
863 3918 1023 3980 etiamen
1049 3920 1166 3981 ceteris
1189 3918 1280 3981 sario
1301 3934 1421 3997 genere
1445 3930 1555 3979 sermo

450 4021 542 4084 uibus
568 4019 640 4081 ideo
664 4017 839 4081 abeodem
863 4036 923 4099 pro
950 4016 1093 4081 bdelium
1120 4015 1301 4079 eruditione
1320 4015 1488 4095 congestis.
1502 4008 1555 4077 Ubi

450 4120 556 4184 serbis
572 4117 836 4181 manifestissimis
852 4116 1045 4180 catholicam
1064 4116 1242 4180 doctrinam
1258 4116 1454 4197 prolitetnr3
1476 4118 1506 4177 et
1520 4110 1555 4174 si·

448 4222 516 4287 mol
538 4228 650 4285 contra
672 4219 879 4283 adversarios
894 4225 1078 4301 propugnat
1094 4218 1194 4281 trium
1209 4216 1392 4279 divinarum
1413 4214 1557 4279 Persam·

447 4344 521 4389 rum
544 4324 713 4395 unitatem,
736 4328 873 4384 naturae
895 4322 1115 4391 identitatem,
1137 4320 1324 4401 sapientiae,
1349 4316 1490 4391 virtutis,
1511 4329 1556 4374 ae

446 4425 606 4489 tenuitatis
628 4433 688 4487 ete.
713 4422 780 4487 ulla
802 4424 868 4485 sine
890 4422 1114 4497 distinctione,
1137 4420 1205 4483 sire
1229 4420 1395 4501 temporis,
1418 4418 1483 4481 sire
1505 4432 1552 4493 pc·

451 4526 582 4589 testatis.
