3375 5567
220 760 359 828 indicas
378 769 491 827 antem
511 762 589 825 buic
609 759 749 823 versioni
769 756 930 835 contrait,
952 756 1121 825 ostendens
1143 763 1241 825 ratiu-

158 865 243 927 nslen
262 874 446 929 creaturum
468 866 501 927 ia
521 863 583 927 linc
603 862 761 937 omnium,
782 862 850 926 sire
872 860 904 924 in
925 858 1026 925 seculi
1048 862 1148 945 huius
1168 880 1244 926 con·

156 967 356 1042 summatione,
372 964 456 1040 iore,
472 963 567 1028 sicuti
588 962 652 1027 luit
671 963 713 1026 ab
733 962 836 1038 initio,
858 961 989 1042 qnando
1008 963 1133 1027 scilicet
1153 960 1241 1027 Dent

155 1065 254 1127 cressit
266 1084 336 1127 enm
351 1064 390 1127 ed
414 1066 583 1146 imaginem
598 1072 631 1127 et
650 1062 893 1127 similitudinem
908 1081 1010 1127 susm.
1034 1062 1129 1141 Quod
1146 1082 1243 1144 argu·

155 1175 272 1229 neotum
293 1166 552 1247 trequentissime
572 1166 637 1247 egit
652 1160 878 1241 Adamantius,
899 1173 933 1228 et
953 1166 1144 1245 praesertim
1164 1184 1240 1231 cum

154 1268 369 1333 baereticorum
391 1270 560 1334 contundit
582 1268 818 1349 pervicaciam,
840 1268 945 1331 carnis
968 1269 1240 1331 resurrectionem

151 1367 204 1431 ieri
222 1388 281 1433 non
300 1388 397 1450 posse
417 1370 678 1435 contendentium
706 1369 750 1432 ob
770 1368 856 1445 illas,
877 1367 996 1449 quibus
1017 1368 1160 1434 conditio
1179 1370 1241 1434 len·

150 1488 223 1531 usna
242 1470 336 1535 modo
360 1480 492 1553 peccato
520 1470 661 1534 obnoxio
682 1468 835 1545 sdicitur,
860 1470 952 1533 vario
972 1487 1089 1549 genere
1110 1470 1243 1535 infirmi·

150 1577 232 1644 tates,
251 1582 350 1651 prout
371 1575 500 1654 saepius
524 1590 542 1633 a
564 1591 616 1637 me
637 1578 730 1635 anien
752 1589 795 1634 ex
814 1570 961 1652 ejusdem
983 1570 1073 1633 libris
1094 1588 1243 1651 compro·

149 1672 239 1735 batum
257 1682 317 1737 est.
340 1673 553 1755 Quapropter
574 1673 722 1749 ductor,
747 1691 833 1753 qnae
854 1672 1057 1752 potissimum
1078 1674 1109 1733 in
1130 1691 1161 1737 c.
1185 1671 1240 1736 vt.

149 1770 218 1837 libri
237 1774 261 1837 Ι.
281 1776 474 1857 disputarit,
496 1795 613 1842 rursus
634 1777 689 1839 btc
708 1777 843 1840 resumit
864 1793 926 1857 pro
945 1794 985 1837 eo
1001 1774 1181 1851 decertans,
1204 1783 1242 1841 ut

147 1876 353 1945 doctissimo
373 1881 601 1960 compleantur
621 1878 768 1959 Apostoli
784 1876 895 1953 serbe,
918 1885 953 1939 nt
966 1874 1009 1940 sr't
1031 1875 1113 1939 Deus
1132 1877 1241 1943 oront'u

147 1976 173 2037 r's
187 1976 332 2043 onnr'bus.
357 1978 407 2043 lle
426 1979 501 2043 ideo
520 1996 649 2045 neccsse
669 1978 714 2041 eit
738 1995 757 2039 a
778 1977 899 2040 rnuodo
929 1976 1124 2040 abolendum
1147 1995 1240 2053 csse,

147 2096 255 2143 unssm
269 2081 400 2159 mortis,
421 2087 615 2163 peccatum
635 2087 673 2143 nt
685 2079 732 2143 sic
745 2087 862 2142 nutura
884 2077 1026 2143 humens
1039 2078 1078 2139 ad
1095 2077 1242 2143 eumdem

148 2181 321 2247 restituatur
333 2182 613 2263 dignitatemque
627 2178 726 2245 sileo
745 2181 876 2244 conditu
889 2188 939 2245 est
952 2182 1094 2261 primum
1108 2181 1148 2242 ad
1164 2182 1244 2243 ims-

147 2284 231 2359 tincns
248 2284 379 2347 scilicet
398 2291 432 2347 ct
450 2283 692 2346 similitudinem
712 2301 818 2346 snum.

209 2382 249 2448 llt
267 2386 332 2449 lroc
356 2385 451 2467 plane
477 2384 660 2449 ostenditur
679 2402 718 2449 oc
740 2384 918 2448 roboretur
942 2383 1055 2459 exiis,
1077 2401 1163 2466 qnae
1183 2384 1243 2449 irn-

146 2485 261 2550 nediate
286 2494 488 2569 sequuntur.
511 2504 542 2549 n.
569 2484 601 2550 3.
624 2486 679 2549 nbi
700 2487 831 2551 omnino
853 2484 957 2560 cedit,
978 2484 1066 2565 qnod
1088 2486 1241 2567 exposuit

146 2580 348 2670 Hieronymus
368 2586 515 2653 testato
535 2584 730 2666 incorporeo
750 2584 958 2648 rationalium
975 2586 1007 2647 in
1028 2585 1242 2649 resurrectio·

147 2704 186 2765 ne,
197 2695 227 2751 et
239 2689 444 2755 tneutsetios
455 2696 553 2765 suni,
573 2706 660 2768 quae
673 2686 823 2753 Rudinus
837 2687 1069 2767 interpretatus
1083 2696 1132 2751 cst
1147 2696 1242 2769 utpo-

148 2794 171 2850 te
192 2792 360 2855 contextui
381 2809 420 2854 sc
439 2790 547 2854 scmui
568 2789 722 2853 doctoris
743 2788 844 2869 magis
864 2786 1131 2853 accommodotn:
1152 2808 1170 2848 r
1191 2788 1244 2853 Sic

145 2904 207 2968 ergo
224 2889 307 2966 linis,
331 2890 451 2970 inquit,
472 2889 511 2952 nd
533 2888 727 2969 principium
748 2895 934 2969 reparatus,
949 2896 982 2951 et
1003 2904 1115 2951 rerum
1135 2889 1243 2951 exitus

146 2988 225 3055 initiis
244 2991 444 3067 collocatos,
466 2990 613 3054 restituet
635 2988 730 3053 iilnm
750 2996 891 3063 statum,
912 3006 1008 3070 quem
1031 2996 1108 3052 tnnc
1128 2987 1244 3052 babuit
1354 3074 1355 3079 ἵ

145 3100 242 3156 satura
263 3092 449 3163 rationslis,
465 3110 540 3155 cnm
561 3092 601 3155 de
615 3091 703 3172 ligno
722 3090 843 3155 sciendi
859 3090 978 3154 bonnm
998 3096 1031 3153 et
1053 3091 1174 3154 melum
1189 3107 1243 3154 co·

146 3195 258 3259 nederc
277 3213 347 3258 non
367 3193 483 3275 egebst
501 3203 563 3258 etc.
585 3212 603 3249 s
625 3192 752 3258 Natura
778 3192 978 3257 rationabilis
999 3210 1073 3255 cnm
1095 3192 1135 3255 de
1155 3194 1244 3273 ligno

146 3298 245 3359 sciendi
259 3299 388 3360 bonnm
407 3304 442 3359 et
462 3295 583 3359 malum
604 3294 775 3359 comedere
789 3312 854 3357 non
874 3294 1000 3375 egebat,
1022 3312 1085 3357 nou
1106 3302 1178 3357 erat
1198 3296 1245 3357 iu·

146 3414 300 3477 corporea,
324 3415 441 3461 rernm
467 3414 564 3459 carne
583 3404 616 3460 et
635 3396 760 3459 ossibus
774 3402 959 3476 compecto,
981 3395 1151 3473 sensibilis,
1174 3395 1242 3475 pal·

146 3498 242 3574 pabilis
252 3508 315 3563 ctc.
327 3497 371 3561 Et
385 3498 533 3559 bocitem
541 3498 753 3578 praemiserat
762 3498 794 3557 in
806 3494 873 3559 Lib.
894 3493 935 3557 ll.
953 3514 980 3559 c.
992 3493 1033 3579 X,
1047 3494 1071 3557 l.
1086 3496 1242 3561 scribens:

146 3597 253 3675 «Quid
268 3597 382 3680 ergo?
401 3596 434 3662 Si
454 3605 581 3662 certum
595 3606 645 3661 est
664 3597 752 3677 qnod
767 3597 959 3679 corporibus
980 3598 1070 3661 nobis
1087 3598 1243 3661 utendum

145 3700 187 3772 sit,
199 3710 229 3765 et
241 3719 399 3783 corpora,
413 3717 498 3781 quoe
513 3700 711 3777 ceciderunt,
728 3717 901 3779 resurgere
915 3700 1145 3777 praedicantur
1164 3700 1243 3777 (non

145 3804 214 3865 enm
233 3807 369 3884 proprie
389 3802 509 3865 dicitur
529 3818 717 3882 resurgere,
731 3801 788 3864 nisi
810 3801 855 3877 id,
877 3800 965 3879 qnod
987 3812 1060 3865 ante
1078 3802 1242 3879 ceciderit)

147 3904 213 3965 nolli
232 3906 371 3971 dubium
386 3912 435 3969 est
455 3904 576 3968 idcirco
596 3921 633 3967 ca
656 3920 842 3984 resurgere,
865 3902 970 3965 uthis
992 3902 1109 3967 iterum
1131 3921 1172 3965 cx
1194 3920 1245 3963 re·

146 4007 334 4070 surrectione
354 4007 539 4069 induamur.
562 4006 712 4069 Alterum
726 4022 806 4084 ergo
829 4004 941 4067 beerct
961 4022 1001 4066 cs
1023 4003 1147 4082 altero;
1170 4020 1243 4066 nour

149 4113 174 4164 et
189 4108 213 4169 si
227 4114 402 4188 resurgant
414 4123 567 4188 corpora,
580 4108 649 4171 sine
663 4106 762 4169 dubio
775 4106 814 4167 ad
830 4105 1054 4169 indumentum
1070 4104 1170 4167 nostri
1193 4122 1243 4167 ru·

147 4219 277 4287 snrgunt.
301 4210 385 4274 Etsi
405 4228 534 4273 necesse
546 4218 607 4284 ert,
628 4227 686 4273 noa
706 4227 776 4271 esse
796 4210 828 4270 in
849 4208 1053 4288 corporibus,
1068 4206 1153 4268 sicut
1172 4220 1242 4267 cer-

150 4312 314 4373 ienceesse
334 4320 399 4389 cst,
421 4330 485 4375 nou
506 4312 537 4373 in
558 4310 629 4374 eliis
649 4327 749 4391 qnam
770 4312 801 4371 in
822 4312 940 4373 nostris
961 4305 1154 4389 corporibus
1175 4323 1243 4369 csse

149 4402 297 4489 debemus,
320 4430 337 4467 rr
