3375 5567
154 790 304 871 lilssuprn
323 796 431 856 cetera
446 791 551 854 omnin
572 792 612 855 do
630 790 787 855 charitate
810 790 996 865 mandatur,
1011 798 1044 855 et
1065 789 1162 857 Petro
1176 809 1255 857 cnm

153 910 266 956 summo
285 910 394 956 rernm
409 892 449 956 do
463 891 628 973 pascendis
643 890 757 955 ovilvns
773 878 1021 969 traderetur,'et
1033 911 1134 975 snper
1146 895 1252 974 ipsum

154 992 235 1057 velut
246 1011 346 1074 snper
358 1002 481 1074 petram
497 994 648 1059 inodaret
663 994 855 1070 Ecclesiam,
870 994 993 1060 nullius
1007 979 1142 1059 allerins
1156 995 1198 1059 ab
1213 1014 1254 1060 en

155 1094 273 1159 virtutis
294 1095 473 1171 cocleario,
495 1097 554 1159 nisi
576 1098 741 1161 charitatis
773 1098 937 1177 exigitnr3
965 1105 996 1160 et
1017 1096 1158 1162 loannes
1178 1114 1255 1161 cnm

153 1197 246 1260 multa
267 1198 306 1261 dc
327 1198 498 1272 charitate,
523 1207 590 1261 tum
612 1200 707 1261 etiarn
725 1200 786 1263 hoc
806 1200 895 1275 dicit,
912 1202 1002 1280 qnia:
1017 1199 1076 1280 pari
1095 1200 1199 1263 manu
1218 1198 1255 1265 ia

152 1296 296 1362 claritate
314 1295 351 1361 in
374 1297 436 1361 liro
454 1308 569 1362 monet.
602 1296 644 1363 lit
664 1299 736 1363 ideo
758 1301 874 1365 marito
894 1302 1056 1377 charitas,
1079 1319 1164 1382 qnae
1183 1301 1253 1365 sola

151 1399 286 1465 omnium
309 1399 504 1481 micauri,
535 1418 662 1465 omnem
695 1409 881 1465 creaturam
902 1402 1077 1465 continebit
1096 1419 1113 1463 a
1136 1402 1254 1482 lapsu,

152 1500 272 1579 qnando
293 1498 356 1563 erit
378 1498 461 1565 noo·
481 1500 590 1566 omniu
610 1500 646 1565 io
666 1500 819 1565 omittas.
843 1502 893 1566 lid
916 1503 1003 1567 ltnnc
1023 1519 1163 1583 namque
1183 1520 1256 1582 per·

151 1602 288 1667 iectionis
302 1603 438 1683 pradum
451 1606 641 1669 ascenderat
654 1605 831 1684 Apostolus
854 1602 987 1682 Paulus,
1002 1612 1035 1667 ct
1050 1604 1081 1666 in
1096 1604 1158 1667 hoc
1168 1612 1254 1666 stans

150 1704 340 1769 conlidenler
359 1704 505 1770 dicebntr
527 1706 600 1789 quia
620 1704 703 1770 enirn
717 1725 775 1770 nor
795 1703 952 1786 reparabit
971 1725 992 1767 c
1006 1704 1160 1767 charitate
1180 1702 1254 1779 nei,

148 1824 218 1885 quoe
237 1816 281 1869 ert
295 1804 331 1869 c'tv
355 1803 477 1869 Uiriato
491 1803 597 1871 tero?
617 1802 814 1871 tribulatio?
826 1825 870 1870 oa
891 1804 1044 1886 coposrto
1055 1800 1077 1867 P
1090 1824 1135 1868 aa
1153 1823 1257 1883 perce·

149 1902 253 1969 cutio?
265 1953 272 1968 .
286 1954 296 1970 .
312 1954 339 1971 ..
354 1907 395 1973 Et
413 1910 532 1974 iterum
546 1930 555 1973 ε
571 1918 675 1972 certam
694 1928 763 1971 sum
784 1908 883 1983 enim,
898 1907 975 1990 quio
993 1926 1090 1989 acque
1111 1905 1189 1979 cito,
1201 1925 1254 1969 nc·

150 2026 202 2087 pcc
221 2028 327 2073 mora.
345 2056 352 2071 .
370 2053 402 2073 ..
424 2020 649 2075 neccrectnro
669 2009 738 2073 ulia
755 2012 871 2090 poterit
892 2028 950 2073 nor
970 2029 1119 2089 saporare
1138 2030 1160 2073 o
1180 2009 1255 2072 cio·

151 2108 236 2173 ritate
251 2109 321 2185 liei,
336 2131 415 2191 punc
434 2121 480 2174 cst
499 2109 535 2175 ia
553 2108 674 2175 Christo
697 2108 829 2173 minino
844 2122 960 2173 nostro.
978 2109 1138 2191 liquibus
1154 2108 1256 2173 omni-

151 2211 203 2275 bus
223 2204 390 2277 eridc'nter
410 2214 603 2289 ostenditur,
626 2214 702 2293 quin
723 2217 748 2277 si
772 2213 852 2277 haec
873 2215 992 2289 omnia,
1015 2228 1101 2293 qnae
1121 2228 1253 2274 enume-

152 2316 227 2376 rarit
249 2313 446 2393 apostotos,
468 2332 620 2393 separare
641 2333 699 2379 nos
723 2332 785 2377 non
807 2324 942 2395 possunt
960 2333 980 2379 a
1000 2314 1158 2376 charitato
1181 2311 1253 2387 llei,

151 2432 215 2478 cum
232 2417 262 2479 in
285 2415 367 2480 illnd
384 2417 456 2494 quis
477 2416 605 2479 culmen
622 2416 827 2497 perfectionis
848 2416 1050 2494 ascenderit3
1067 2414 1171 2479 multo
1186 2433 1251 2478 rna·

151 2517 336 2595 gislibertus
356 2518 481 2581 arbitrii
503 2536 559 2582 nos
573 2519 614 2580 ab
635 2518 707 2598 ejus
727 2518 886 2581 charitate
906 2534 1061 2598 separare
1081 2534 1144 2581 non
1164 2527 1255 2598 pote·

151 2620 196 2681 rit.
209 2638 226 2677 a
242 2618 333 2683 llaec
348 2640 423 2683 cunr
438 2621 600 2683 notaverit
614 2619 753 2683 lluetias
775 2624 823 2685 uti
844 2621 1006 2684 catlrolico
1019 2620 1126 2683 sensui
1141 2619 1256 2683 adver·

151 2732 222 2796 cata,
244 2723 354 2785 addit:
371 2743 389 2782 r
406 2720 528 2785 Verum
549 2724 608 2786 ista
625 2740 641 2783 a
660 2721 787 2786 Bullino
810 2724 999 2802 interprete,
1021 2740 1119 2801 quem
1134 2739 1151 2783 a
1167 2721 1255 2801 pela-

152 2823 234 2901 piam
255 2824 417 2887 lermento
435 2824 494 2887 sibi
515 2824 591 2887 satis
611 2840 674 2889 nnn
695 2824 816 2889 cavisse
838 2841 933 2887 nemo
953 2824 1065 2897 nescit,
1088 2821 1251 2902 inquinata

153 2921 241 2989 inisse
263 2944 435 3006 possumus
456 2925 661 3004 suspicari.»

223 3025 256 3091 ln
280 3026 340 3091 taso
362 3028 512 3108 pericope
527 3027 612 3090 circa
634 3025 770 3090 dnbinm
793 3023 903 3089 linctii
918 3024 958 3087 de
978 3023 1123 3105 ejusdem
1139 3041 1254 3089 curru·

152 3126 249 3204 ptione
271 3145 332 3208 per
353 3126 471 3192 liuillni
492 3128 676 3203 calamum,
699 3126 973 3207 praemittendum
995 3134 1065 3199 cst,
1091 3123 1255 3188 Rudinum

152 3226 246 3307 ipsum
271 3230 419 3305 tortasse,
444 3247 519 3293 cum
541 3229 648 3293 brevis
668 3248 737 3293 esse
759 3228 956 3292 laboraverit
975 3228 1007 3289 in
1030 3228 1175 3290 versione
1197 3228 1255 3290 ho·

153 3346 217 3393 rum
232 3333 554 3408 commentariorum,
575 3333 750 3397 obscurum
767 3330 886 3396 inisse:
908 3341 942 3393 et
957 3332 1018 3393 troc
1032 3348 1095 3395 non
1116 3329 1252 3393 iniicior.

153 3426 240 3504 Quod
264 3433 436 3496 verudata
459 3451 572 3513 opera,
594 3435 687 3497 illum
707 3434 900 3512 depravasse
919 3431 1067 3512 Origenis
1092 3436 1252 3505 mentem,

154 3529 226 3595 hanc
250 3533 431 3597 trahentem
453 3534 492 3596 ad
509 3535 708 3599 haereticum
733 3533 852 3614 Pelagii
881 3551 1023 3607 sensnm,
1050 3532 1104 3595 vix
1130 3530 1255 3593 admitti

153 3648 236 3707 posse
252 3633 391 3697 videtur.
407 3634 455 3697 Ac
468 3634 609 3709 interim,
622 3636 736 3698 ceteris
751 3634 883 3697 lectoris
893 3633 1021 3715 indicio
1035 3633 1186 3707 remissis,
1203 3651 1255 3695 so·

153 3730 313 3799 tummodo
328 3752 420 3799 nome
434 3734 578 3808 interest,
595 3733 750 3800 linctiuna
766 3742 958 3815 ceterosque
978 3732 1126 3813 Origeuis
1140 3734 1255 3795 adver-

153 3838 259 3911 sarios,
282 3854 356 3899 cam
386 3837 458 3899 lainc
481 3845 685 3916 praetextum
719 3839 899 3916 repererint
929 3836 1023 3898 unius
1047 3835 1096 3898 vel
1118 3834 1255 3899 alterius

153 3935 308 4017 culpandi,
332 3939 435 4000 minus
457 3945 551 4001 cauto
573 3940 668 4001 citata
690 3937 836 4016 Origenis
859 3936 957 3998 verba
978 3936 1124 3999 diluisse.

223 4038 270 4100 dc
291 4038 431 4118 primum
447 4057 501 4103 eoa
524 4056 615 4117 rogo,
632 4038 670 4101 de
692 4039 780 4119 quali
798 4037 996 4120 perfectione
1016 4038 1132 4100 ibidem
1147 4036 1254 4117 loqui·

154 4136 368 4217 turlirigencs
380 4135 397 4201 l
411 4137 459 4200 Ad
480 4155 576 4217 quem
593 4139 728 4203 hominis
741 4145 862 4203 statum
881 4137 1068 4218 hujusmodi
1085 4136 1256 4217 perlectio-

153 4250 215 4297 nem
237 4238 351 4312 reiert,
374 4237 455 4303 adeo
478 4247 514 4302 nt
534 4240 672 4319 amplius
694 4240 734 4301 ab
755 4258 791 4303 ea
820 4256 881 4301 non
909 4235 1064 4301 deliciet?
1086 4237 1134 4301 Ad
1158 4236 1256 4317 quale

154 4335 295 4418 tenpus?
318 4337 363 4401 lle
377 4340 550 4418 praesenti,
571 4356 610 4401 an
626 4338 664 4402 de
687 4340 799 4403 inturo
820 4338 933 4403 seculo
953 4339 1019 4417 agit
1035 4333 1186 4401 ductori
1206 4332 1254 4419 lle

154 4437 321 4510 proborum
342 4439 539 4526 perfectione
561 4442 770 4521 inpraesenti
792 4442 873 4517 vita,
886 4458 962 4503 cum
981 4440 1088 4503 adhuc
1108 4436 1253 4520 quotidie

153 4534 188 4599 tit
205 4539 355 4621 peccandi
369 4540 474 4619 locns,
491 4559 530 4605 an
544 4541 575 4605 in
589 4540 694 4607 altero
711 4542 835 4620 seculo,
852 4542 908 4605 nbi
925 4541 1005 4606 bene
1018 4546 1075 4605 cut
1090 4539 1252 4605 maleme-
