3375 5567
170 803 197 858 to
220 813 322 875 prseco
352 797 486 871 talento,
517 803 584 860 tum
618 795 735 858 vetaris
758 792 946 873 interpretis
973 793 1064 856 latlui
1093 795 1252 872 penninas

169 897 308 960 ioetrinse
325 898 486 977 expositio
507 896 654 976 genuina.
738 935 742 942 -

229 999 371 1062 Similiter
391 999 565 1078 quemdam
587 1000 795 1078 peregrinum
812 1014 995 1060 sermonem
1009 997 1254 1077 comprehendi·

166 1117 224 1160 uus
240 1099 269 1160 in
288 1097 605 1182 anonymo-Graeco
619 1115 656 1162 sc
674 1101 801 1163 sarium
822 1117 840 1160 a
860 1099 960 1160 veteri
984 1098 1255 1177 interpretatione

166 1197 298 1264 in'lomo
327 1199 413 1264 xvt.
436 1219 466 1263 o.
487 1199 518 1266 8.
540 1221 582 1264 ιι
603 1200 722 1266 Christi
746 1201 870 1264 serbis:
900 1199 1091 1282 quicumque
1119 1197 1255 1262 notuerit

165 1299 232 1360 ister
247 1319 297 1362 eos
317 1302 420 1382 major
439 1320 516 1378 esse,
536 1301 596 1365 ers't
615 1311 716 1366 uester
734 1300 889 1366 minister.
914 1302 960 1365 liti
981 1303 1137 1381 Origenes
1158 1303 1253 1382 plnrs

165 1400 293 1481 collipess
313 1403 354 1467 de
376 1403 567 1474 humilitatis
598 1405 739 1482 virtute,
764 1405 845 1468 hano
876 1405 1018 1468 maxime
1039 1405 1069 1466 in
1094 1402 1255 1468 Ecclesiae

164 1502 291 1568 ministris
306 1513 502 1588 propugnat,
524 1515 563 1570 nt
583 1503 751 1570 Christum
773 1506 943 1569 imitentur
956 1505 1184 1569 inanimatum
1207 1523 1257 1568 re·

164 1606 270 1682 poue,
288 1606 374 1671 nsua
397 1617 504 1671 umen
524 1607 650 1671 seclusa
672 1607 870 1687 quandoque
889 1606 1074 1680 severitate,
1097 1624 1162 1684 qna
1183 1623 1256 1685 pec·

163 1713 250 1769 rantes
267 1726 379 1772 coram
407 1709 557 1773 omnibus
576 1717 738 1789 arguant,
762 1715 798 1770 nt
827 1707 929 1770 ceteri
951 1713 1074 1770 rnetnsn
1104 1706 1252 1769 habeant.

162 1802 236 1880 Quae
252 1809 381 1889 quidem
403 1811 574 1891 perspicue
594 1811 748 1890 exposuit
764 1816 857 1872 setus
872 1805 1048 1888 interpres:
1066 1805 1214 1870 «Discite
1234 1829 1254 1870 a

161 1923 196 1966 ssr
212 1907 282 1986 pain
300 1909 388 1974 ssss'ts's
407 1929 477 1973 sum
496 1919 524 1974 et
544 1907 673 1973 humilis
693 1909 794 1972 corde.
818 1907 893 1974 Non
912 1910 974 1972 ista
994 1909 1131 1972 dicimus
1152 1917 1189 1972 ut
1209 1909 1257 1970 ln·

161 2004 295 2074 tlinemus
309 2012 563 2076 ecclesiasticum
577 2012 802 2093 principatum.
815 2009 872 2073 Est
881 2012 967 2074 cuim
977 2011 1139 2075 intertium
1154 2026 1255 2089 quan·

161 2107 380 2176 uerecundum
403 2131 514 2178 rocem
536 2113 759 2193 apostolicam,
786 2119 954 2190 peccantes
973 2128 1085 2175 coram
1105 2110 1255 2174 omnibus

161 2221 295 2291 arguant,
317 2221 407 2282 utet
428 2218 529 2280 ceteri
550 2224 672 2279 metum
695 2213 854 2276 habeant:
877 2221 927 2276 est
947 2212 1138 2294 aliquando,
1159 2222 1196 2277 ut
1219 2230 1255 2274 u·

161 2319 380 2393 tenspotestate
400 2334 460 2380 sus
478 2317 584 2380 tradat
605 2323 790 2395 peccantem
809 2323 940 2378 satanae
959 2323 1012 2379 etc
1021 2335 1033 2395 3
1051 2323 1156 2377 tsmen
1177 2331 1255 2377 rsro

161 2409 461 2480 luncuernet.»

221 2513 340 2582 Textns
373 2537 452 2583 sero
475 2537 611 2599 gracum
633 2516 743 2583 fluetii
772 2519 853 2583 haec
873 2517 986 2582 cadem
1007 2516 1051 2580 its
1073 2517 1194 2581 troslit·
1216 2513 1254 2584 δυ

157 2613 240 2688 ταῦτα
258 2615 294 2687 δε
306 2642 411 2712 φαμεν
427 2617 679 2712 ἀνιιιςτημένως
693 2619 861 2693 ταπεινοῦν
881 2607 1015 2698 ἑαυτοιὶς
1029 2611 1210 2694 θέλοντες
1191 2637 1254 2686 uuo

158 2711 203 2798 tat
222 2721 378 2848 κριιᾶιαν
400 2747 498 2850 χειρα
511 2727 569 2796 τοῦ
591 2724 683 2808 Θεοῦ,
705 2725 764 2796 uui
786 2719 872 2794 uesci
891 2715 947 2792 τὸν
970 2718 1101 2814 λόγον
1080 2723 1179 2791 αυτοῦ
1194 2717 1257 2792 ὑπὸ

156 2843 201 2904 op
220 2823 490 2911 ἓικλησιαστικήν
513 2827 718 2902 διακονίαν(
711 2849 730 2892 ι.
751 2851 780 2894 e
799 2829 887 2894 llaec
902 2837 1011 2892 antem
1026 2846 1089 2891 noo
1104 2828 1252 2904 dicimus,

158 2924 320 2993 inconsulto
333 2929 506 2995 humiliore
526 2949 583 2994 nos
606 2935 690 3011 ipsos
707 2931 851 2994 solantes
867 2929 923 2993 sul
932 2928 1056 3011 potissts'
1067 2948 1166 2992 mauu
1181 2929 1254 3005 Dei,

156 3025 199 3086 et'
188 3031 299 3104 Juxta
291 3031 391 3109 spsins
411 3045 606 3106 sermonem,
622 3032 684 3096 sub
698 3032 918 3096 ecclesiastico
939 3030 1136 3105 ministerio,
1152 3048 1254 3110 qnan-

157 3121 247 3205 tloqne
259 3131 486 3212 anteusjuxta
501 3131 649 3212 Apostoli
665 3130 817 3196 clintum:
835 3139 1003 3211 peccantes
1017 3147 1129 3193 corssn
1151 3131 1253 3193 omui-

158 3221 203 3288 bus
221 3231 413 3310 corripiendi
434 3241 615 3296 suntote.»
632 3229 1104 3312 Utraqnnigitnrexpmitione
1125 3249 1254 3312 compa·

158 3335 224 3404 uu,
244 3333 272 3394 si
292 3333 518 3397 consideretur
536 3333 614 3414 quid
639 3333 716 3396 tulit
732 3333 792 3396 sibi
807 3351 922 3413 graeca
937 3333 1079 3396 locutio:
1100 3333 1169 3395 sive
1193 3351 1255 3396 cnr

159 3425 239 3502 tuat,
259 3451 339 3508 nos,
362 3433 444 3498 idest
464 3432 631 3498 Ecclesiae
644 3433 828 3498 secerdotes
851 3453 915 3497 non
935 3434 1054 3498 (lettere
1069 3435 1253 3498 inconsulto

158 3527 304 3595 humiliari
324 3535 386 3597 snb
407 3536 528 3614 potenti
551 3553 649 3599 mann
671 3532 750 3610 Dal,
773 3535 910 3599 divinari
931 3539 1008 3601 satia
1028 3536 1170 3600 arduum
1190 3545 1249 3600 est.

157 3623 370 3697 Verumtamen
393 3633 509 3699 Petrus
530 3637 707 3715 apostotos
728 3637 836 3714 (noda
858 3637 938 3701 lance
959 3639 1048 3700 eruit
1062 3637 1251 3721 Anonpmna

157 3724 385 3815 Transcriptor)
399 3737 430 3798 in
452 3734 596 3816 Epistola
613 3734 642 3799 l.
666 3755 694 3799 c.
720 3735 757 3800 V.
772 3734 804 3801 6.
827 3755 891 3799 non
913 3736 953 3800 da
974 3735 1140 3800 Ecclesiae
1161 3757 1250 3817 pres·

159 3827 257 3912 litteris
272 3833 435 3914 loquitur,
456 3835 510 3899 scd
533 3837 572 3899 de
585 3837 857 3913 adolescentibus,
880 3845 918 3901 ut
930 3838 1050 3901 subditi
1064 3839 1128 3901 sint
1148 3841 1251 3903 aenio·

152 3929 373 4016 ‚eburonices
401 3935 533 4000 issus'ceus
552 3935 762 4002 humilitatem
788 3936 974 4002 iusiuuntss
994 3938 1074 4019 qus'a
1095 3937 1178 4004 Deus
1197 3960 1252 4004 su·

155 4033 237 4107 striis
254 4037 385 4116 resistit,
399 4037 568 4102 tumuitus
589 4048 693 4102 eutem
707 4037 763 4102 dot
774 4040 925 4120 pretium.
939 4039 1170 4105 Humiliams'us‘
1189 4040 1251 4122 ipi-

158 4139 198 4192 ltr
214 4136 267 4200 suls
283 4138 407 4219 potruts'
424 4127 532 4204 mussu'
547 4139 616 4215 Dcs',
631 4151 668 4204 ut
680 4159 734 4203 uos
755 4142 871 4206 exaltet
889 4139 1074 4222 intempore
1093 4141 1250 4206 visitatio-

158 4230 204 4293 tt's·
222 4233 279 4300 Ubi
307 4239 458 4304 absolute
480 4239 657 4320 Apostolus
684 4243 725 4304 ab
745 4243 1003 4308 adolescentibus
1024 4244 1168 4324 postulat
1189 4246 1249 4309 ltn-

160 4331 304 4402 nilitstcm
317 4339 379 4404 sub
401 4342 523 4420 potenti
544 4340 727 4422 tumultui,
749 4351 782 4407 et
807 4344 881 4408 hinc
899 4346 962 4408 auls
983 4353 1141 4425 potestate
1162 4363 1250 4426 pres·

159 4432 352 4514 titterornm.
369 4439 522 4517 Quorum
545 4444 720 4509 verborum
742 4465 871 4510 sensnm
886 4455 1075 4526 pervertens
1087 4445 1245 4524 Graccus,

161 4537 228 4608 tuot
242 4540 373 4606 subditis
386 4546 555 4623 proprium
565 4533 677 4611 statuit
692 4545 819 4624 Petrus,
830 4549 885 4612 ille
901 4549 939 4611 ad
952 4547 1116 4613 Ecclesiae
1128 4549 1246 4628 primo·

266 4639 325 4704 Vol.
432 4641 457 4704 Ι.
1090 4648 1130 4714 17
