<?xml version="1.0" encoding="UTF-8"?>
<!DOCTYPE html PUBLIC "-//W3C//DTD XHTML 1.0 Transitional//EN"
    "http://www.w3.org/TR/xhtml1/DTD/xhtml1-transitional.dtd">
<html xmlns="http://www.w3.org/1999/xhtml" xml:lang="en" lang="en">
 <head>
  <title>
</title>
<meta http-equiv="Content-Type" content="text/html;charset=utf-8" />
  <meta name='ocr-system' content='tesseract 3.04.00' />
  <meta name='ocr-capabilities' content='ocr_page ocr_carea ocr_par ocr_line ocrx_word'/>
</head>
<body>
  <div class='ocr_page' id='page_1' title='image "./insgregoriinyss02vincgoog/insgregoriinyss02vincgoog_0390.png"; bbox 0 0 3375 5567; ppageno 0'>
   <div class='ocr_carea' id='block_1_1' title="bbox 427 779 1541 2683">
    <p class='ocr_par' dir='ltr' id='par_1_1' title="bbox 427 779 1526 1067">
     <span class='ocr_line' id='line_1_1' title="bbox 427 779 1526 866; baseline 0.001 -17"><span class='ocrx_word' id='word_1_1' title='bbox 427 799 568 866; x_wconf 85' lang='lat' dir='ltr'><strong>eorpors</strong></span> <span class='ocrx_word' id='word_1_2' title='bbox 589 780 834 864; x_wconf 68' lang='lat' dir='ltr'><strong>resurgentibus</strong></span> <span class='ocrx_word' id='word_1_3' title='bbox 851 798 869 847; x_wconf 91' lang='lat' dir='ltr'><strong>s</strong></span> <span class='ocrx_word' id='word_1_4' title='bbox 884 780 1023 847; x_wconf 78' lang='lat' dir='ltr'><strong>mortuis</strong></span> <span class='ocrx_word' id='word_1_5' title='bbox 1044 779 1176 862; x_wconf 82' lang='lat' dir='ltr'><strong>deutur3</strong></span> <span class='ocrx_word' id='word_1_6' title='bbox 1196 780 1251 847; x_wconf 93' lang='lat' dir='ltr'><strong>sed</strong></span> <span class='ocrx_word' id='word_1_7' title='bbox 1264 782 1343 849; x_wconf 88' lang='lat' dir='ltr'><strong>bsee</strong></span> <span class='ocrx_word' id='word_1_8' title='bbox 1364 784 1442 864; x_wconf 86' lang='lat' dir='ltr'><strong>ipss,</strong></span> <span class='ocrx_word' id='word_1_9' title='bbox 1454 801 1526 866; x_wconf 80' lang='lat' dir='ltr'><strong>quse</strong></span> 
     </span>
     <span class='ocr_line' id='line_1_2' title="bbox 429 882 1526 963; baseline 0.003 -14"><span class='ocrx_word' id='word_1_10' title='bbox 429 889 574 951; x_wconf 82' lang='lat' dir='ltr'><strong>virentes</strong></span> <span class='ocrx_word' id='word_1_11' title='bbox 595 885 798 963; x_wconf 76' lang='lat' dir='ltr'><strong>babuerunt,</strong></span> <span class='ocrx_word' id='word_1_12' title='bbox 818 904 861 949; x_wconf 85' lang='lat' dir='ltr'><strong>ex</strong></span> <span class='ocrx_word' id='word_1_13' title='bbox 883 882 1101 950; x_wconf 89' lang='lat' dir='ltr'><strong>deterioribus</strong></span> <span class='ocrx_word' id='word_1_14' title='bbox 1123 886 1154 947; x_wconf 91' lang='lat' dir='ltr'><strong>iu</strong></span> <span class='ocrx_word' id='word_1_15' title='bbox 1176 886 1291 951; x_wconf 88' lang='lat' dir='ltr'><strong>melius</strong></span> <span class='ocrx_word' id='word_1_16' title='bbox 1314 888 1526 952; x_wconf 83' lang='lat' dir='ltr'><strong>trsuslormrts</strong></span> 
     </span>
     <span class='ocr_line' id='line_1_3' title="bbox 429 985 710 1067; baseline -0.018 -17"><span class='ocrx_word' id='word_1_17' title='bbox 429 985 588 1067; x_wconf 76' lang='lat' dir='ltr'><strong>recipiunt</strong></span> <span class='ocrx_word' id='word_1_18' title='bbox 606 992 669 1051; x_wconf 86' lang='lat' dir='ltr'><strong>oto.</strong></span> <span class='ocrx_word' id='word_1_19' title='bbox 693 1006 710 1045; x_wconf 82' lang='lat' dir='ltr'><strong>s</strong></span> 
     </span>
    </p>

    <p class='ocr_par' dir='ltr' id='par_1_2' title="bbox 428 1080 1541 2683">
     <span class='ocr_line' id='line_1_4' title="bbox 434 1080 1529 1166; baseline 0.002 -21"><span class='ocrx_word' id='word_1_20' title='bbox 434 1109 438 1116; x_wconf 93' lang='lat'>·</span> <span class='ocrx_word' id='word_1_21' title='bbox 509 1080 563 1145; x_wconf 79' lang='lat' dir='ltr'><strong>bb</strong></span> <span class='ocrx_word' id='word_1_22' title='bbox 582 1080 632 1145; x_wconf 90' lang='lat' dir='ltr'><strong>bis</strong></span> <span class='ocrx_word' id='word_1_23' title='bbox 651 1098 753 1162; x_wconf 91' lang='lat' dir='ltr'><strong>porro</strong></span> <span class='ocrx_word' id='word_1_24' title='bbox 773 1087 806 1145; x_wconf 87' lang='lat' dir='ltr'><strong>et</strong></span> <span class='ocrx_word' id='word_1_25' title='bbox 824 1080 985 1145; x_wconf 88' lang='lat' dir='ltr'><strong>sinilibus</strong></span> <span class='ocrx_word' id='word_1_26' title='bbox 1007 1080 1197 1166; x_wconf 70' lang='lat' dir='ltr'>Hieronymi</span> <span class='ocrx_word' id='word_1_27' title='bbox 1226 1080 1299 1157; x_wconf 81' lang='lat' dir='ltr'><strong>(eui</strong></span> <span class='ocrx_word' id='word_1_28' title='bbox 1318 1082 1462 1146; x_wconf 84' lang='lat' dir='ltr'><strong>lubusret</strong></span> <span class='ocrx_word' id='word_1_29' title='bbox 1481 1080 1529 1147; x_wconf 77' lang='lat' dir='ltr'><strong>le-</strong></span> 
     </span>
     <span class='ocr_line' id='line_1_5' title="bbox 430 1180 1529 1264; baseline -0.002 -14"><span class='ocrx_word' id='word_1_30' title='bbox 430 1182 558 1263; x_wconf 78' lang='lat' dir='ltr'><strong>torius)</strong></span> <span class='ocrx_word' id='word_1_31' title='bbox 586 1180 793 1247; x_wconf 71' lang='lat' dir='ltr'><strong>illusionibus</strong></span> <span class='ocrx_word' id='word_1_32' title='bbox 812 1181 855 1246; x_wconf 90' lang='lat' dir='ltr'><strong>de</strong></span> <span class='ocrx_word' id='word_1_33' title='bbox 873 1181 1023 1264; x_wconf 73' lang='lat' dir='ltr'><strong>(trigenis</strong></span> <span class='ocrx_word' id='word_1_34' title='bbox 1053 1182 1199 1248; x_wconf 80' lang='lat' dir='ltr'><strong>doctrine</strong></span> <span class='ocrx_word' id='word_1_35' title='bbox 1220 1182 1307 1247; x_wconf 86' lang='lat' dir='ltr'><strong>eires</strong></span> <span class='ocrx_word' id='word_1_36' title='bbox 1331 1187 1529 1248; x_wconf 82' lang='lat' dir='ltr'><strong>resurreetio</strong></span> 
     </span>
     <span class='ocr_line' id='line_1_6' title="bbox 430 1280 1531 1365; baseline 0 -16"><span class='ocrx_word' id='word_1_37' title='bbox 430 1304 517 1361; x_wconf 83' lang='lat' dir='ltr'><strong>som,</strong></span> <span class='ocrx_word' id='word_1_38' title='bbox 538 1283 622 1349; x_wconf 88' lang='lat' dir='ltr'><strong>illud</strong></span> <span class='ocrx_word' id='word_1_39' title='bbox 642 1301 776 1365; x_wconf 85' lang='lat' dir='ltr'><strong>qnoque</strong></span> <span class='ocrx_word' id='word_1_40' title='bbox 798 1281 921 1349; x_wconf 85' lang='lat' dir='ltr'><strong>lurtum</strong></span> <span class='ocrx_word' id='word_1_41' title='bbox 936 1288 997 1360; x_wconf 83' lang='lat' dir='ltr'><strong>esi,</strong></span> <span class='ocrx_word' id='word_1_42' title='bbox 1018 1290 1058 1348; x_wconf 88' lang='lat' dir='ltr'><strong>ut</strong></span> <span class='ocrx_word' id='word_1_43' title='bbox 1078 1290 1209 1365; x_wconf 82' lang='lat' dir='ltr'><strong>putaret</strong></span> <span class='ocrx_word' id='word_1_44' title='bbox 1223 1280 1399 1364; x_wconf 72' lang='lat' dir='ltr'><strong>Origenem</strong></span> <span class='ocrx_word' id='word_1_45' title='bbox 1418 1284 1531 1349; x_wconf 84' lang='lat' dir='ltr'><strong>dosuis-</strong></span> 
     </span>
     <span class='ocr_line' id='line_1_7' title="bbox 429 1384 1530 1468; baseline -0.001 -17"><span class='ocrx_word' id='word_1_46' title='bbox 429 1406 478 1463; x_wconf 85' lang='lat' dir='ltr'><strong>se,</strong></span> <span class='ocrx_word' id='word_1_47' title='bbox 489 1385 576 1468; x_wconf 85' lang='lat' dir='ltr'><strong>upnd</strong></span> <span class='ocrx_word' id='word_1_48' title='bbox 588 1384 710 1449; x_wconf 88' lang='lat' dir='ltr'><strong>ioleros</strong></span> <span class='ocrx_word' id='word_1_49' title='bbox 725 1384 952 1449; x_wconf 84' lang='lat' dir='ltr'><strong>dumnutornm</strong></span> <span class='ocrx_word' id='word_1_50' title='bbox 967 1400 1107 1466; x_wconf 81' lang='lat' dir='ltr'><strong>corporo</strong></span> <span class='ocrx_word' id='word_1_51' title='bbox 1119 1384 1192 1466; x_wconf 71' lang='lat' dir='ltr'><strong>igue</strong></span> <span class='ocrx_word' id='word_1_52' title='bbox 1212 1402 1276 1449; x_wconf 94' lang='lat' dir='ltr'><strong>nou</strong></span> <span class='ocrx_word' id='word_1_53' title='bbox 1289 1384 1386 1449; x_wconf 82' lang='lat' dir='ltr'><strong>eduri</strong></span> <span class='ocrx_word' id='word_1_54' title='bbox 1401 1386 1530 1468; x_wconf 81' lang='lat' dir='ltr'><strong>proprie,</strong></span> 
     </span>
     <span class='ocr_line' id='line_1_8' title="bbox 428 1483 1532 1563; baseline -0.004 -14"><span class='ocrx_word' id='word_1_55' title='bbox 428 1488 639 1562; x_wconf 63' lang='lat' dir='ltr'><strong>incessentem</strong></span> <span class='ocrx_word' id='word_1_56' title='bbox 658 1494 692 1549; x_wconf 90' lang='lat' dir='ltr'><strong>et</strong></span> <span class='ocrx_word' id='word_1_57' title='bbox 704 1486 928 1563; x_wconf 72' lang='lat' dir='ltr'><strong>intensissime,</strong></span> <span class='ocrx_word' id='word_1_58' title='bbox 949 1484 1003 1549; x_wconf 89' lang='lat' dir='ltr'><strong>sed</strong></span> <span class='ocrx_word' id='word_1_59' title='bbox 1021 1492 1145 1549; x_wconf 87' lang='lat' dir='ltr'><strong>tuntum</strong></span> <span class='ocrx_word' id='word_1_60' title='bbox 1159 1483 1387 1549; x_wconf 74' lang='lat' dir='ltr'><strong>conscientiam</strong></span> <span class='ocrx_word' id='word_1_61' title='bbox 1401 1486 1532 1550; x_wconf 90' lang='lat' dir='ltr'><strong>illorum.</strong></span> 
     </span>
     <span class='ocr_line' id='line_1_9' title="bbox 434 1585 1535 1669; baseline -0.002 -18"><span class='ocrx_word' id='word_1_62' title='bbox 434 1588 470 1651; x_wconf 87' lang='lat' dir='ltr'><strong>lu</strong></span> <span class='ocrx_word' id='word_1_63' title='bbox 491 1586 638 1669; x_wconf 74' lang='lat' dir='ltr'><strong>Epistola</strong></span> <span class='ocrx_word' id='word_1_64' title='bbox 669 1586 709 1649; x_wconf 86' lang='lat' dir='ltr'><strong>ed</strong></span> <span class='ocrx_word' id='word_1_65' title='bbox 731 1586 881 1660; x_wconf 73' lang='lat' dir='ltr'><strong>Avitum,</strong></span> <span class='ocrx_word' id='word_1_66' title='bbox 902 1592 934 1651; x_wconf 89' lang='lat' dir='ltr'><strong>ot</strong></span> <span class='ocrx_word' id='word_1_67' title='bbox 955 1588 987 1651; x_wconf 93' lang='lat' dir='ltr'><strong>in</strong></span> <span class='ocrx_word' id='word_1_68' title='bbox 1009 1585 1219 1668; x_wconf 64' lang='lat' dir='ltr'><strong>Apolopiob</strong></span> <span class='ocrx_word' id='word_1_69' title='bbox 1245 1594 1361 1651; x_wconf 77' lang='lat' dir='ltr'><strong>eontra</strong></span> <span class='ocrx_word' id='word_1_70' title='bbox 1383 1586 1535 1653; x_wconf 80' lang='lat' dir='ltr'><strong>Rudinum</strong></span> 
     </span>
     <span class='ocr_line' id='line_1_10' title="bbox 432 1685 1536 1770; baseline 0.002 -17"><span class='ocrx_word' id='word_1_71' title='bbox 432 1707 464 1753; x_wconf 87' lang='lat' dir='ltr'><strong>u.</strong></span> <span class='ocrx_word' id='word_1_72' title='bbox 486 1688 518 1755; x_wconf 79' lang='lat' dir='ltr'><strong>l.</strong></span> <span class='ocrx_word' id='word_1_73' title='bbox 541 1688 604 1752; x_wconf 80' lang='lat' dir='ltr'><strong>sits</strong></span> <span class='ocrx_word' id='word_1_74' title='bbox 627 1709 646 1749; x_wconf 78' lang='lat' dir='ltr'><strong>s</strong></span> <span class='ocrx_word' id='word_1_75' title='bbox 668 1685 763 1769; x_wconf 76' lang='lat' dir='ltr'><strong>lprses</strong></span> <span class='ocrx_word' id='word_1_76' title='bbox 780 1694 943 1767; x_wconf 76' lang='lat' dir='ltr'><strong>ueterum,</strong></span> <span class='ocrx_word' id='word_1_77' title='bbox 966 1706 1049 1769; x_wconf 86' lang='lat' dir='ltr'><strong>qnos</strong></span> <span class='ocrx_word' id='word_1_78' title='bbox 1069 1687 1250 1770; x_wconf 72' lang='lat' dir='ltr'><strong>intelligere</strong></span> <span class='ocrx_word' id='word_1_79' title='bbox 1270 1688 1356 1753; x_wconf 86' lang='lat' dir='ltr'><strong>solet</strong></span> <span class='ocrx_word' id='word_1_80' title='bbox 1376 1688 1536 1770; x_wconf 72' lang='lat' dir='ltr'><strong>Origenes,</strong></span> 
     </span>
     <span class='ocr_line' id='line_1_11' title="bbox 431 1787 1535 1873; baseline 0.001 -19"><span class='ocrx_word' id='word_1_81' title='bbox 431 1800 514 1873; x_wconf 92' lang='lat' dir='ltr'><strong>puto</strong></span> <span class='ocrx_word' id='word_1_82' title='bbox 532 1790 620 1873; x_wconf 80' lang='lat' dir='ltr'><strong>quod</strong></span> <span class='ocrx_word' id='word_1_83' title='bbox 640 1798 671 1855; x_wconf 91' lang='lat' dir='ltr'><strong>te</strong></span> <span class='ocrx_word' id='word_1_84' title='bbox 691 1807 755 1854; x_wconf 83' lang='lat' dir='ltr'><strong>nou</strong></span> <span class='ocrx_word' id='word_1_85' title='bbox 770 1789 887 1870; x_wconf 72' lang='lat' dir='ltr'><strong>lugiet,</strong></span> <span class='ocrx_word' id='word_1_86' title='bbox 906 1790 1131 1854; x_wconf 78' lang='lat' dir='ltr'><strong>consulentium</strong></span> <span class='ocrx_word' id='word_1_87' title='bbox 1155 1787 1303 1853; x_wconf 77' lang='lat' dir='ltr'><strong>videlieet</strong></span> <span class='ocrx_word' id='word_1_88' title='bbox 1322 1797 1535 1871; x_wconf 70' lang='lat' dir='ltr'><strong>peecatorum,</strong></span> 
     </span>
     <span class='ocr_line' id='line_1_12' title="bbox 432 1890 1536 1974; baseline -0.001 -16"><span class='ocrx_word' id='word_1_89' title='bbox 432 1902 475 1958; x_wconf 84' lang='lat' dir='ltr'><strong>et·</strong></span> <span class='ocrx_word' id='word_1_90' title='bbox 488 1892 730 1974; x_wconf 84' lang='lat' dir='ltr'><strong>poenitudinem</strong></span> <span class='ocrx_word' id='word_1_91' title='bbox 743 1892 869 1955; x_wconf 74' lang='lat' dir='ltr'><strong>isteron</strong></span> <span class='ocrx_word' id='word_1_92' title='bbox 884 1890 993 1955; x_wconf 83' lang='lat' dir='ltr'><strong>sordis</strong></span> <span class='ocrx_word' id='word_1_93' title='bbox 1007 1898 1174 1969; x_wconf 84' lang='lat' dir='ltr'><strong>urentem,</strong></span> <span class='ocrx_word' id='word_1_94' title='bbox 1196 1891 1237 1957; x_wconf 89' lang='lat' dir='ltr'><strong>ds</strong></span> <span class='ocrx_word' id='word_1_95' title='bbox 1251 1910 1317 1973; x_wconf 77' lang='lat' dir='ltr'><strong>qun</strong></span> <span class='ocrx_word' id='word_1_96' title='bbox 1333 1900 1368 1956; x_wconf 90' lang='lat' dir='ltr'><strong>et</strong></span> <span class='ocrx_word' id='word_1_97' title='bbox 1385 1891 1480 1956; x_wconf 87' lang='lat' dir='ltr'><strong>ississ</strong></span> <span class='ocrx_word' id='word_1_98' title='bbox 1494 1894 1536 1957; x_wconf 79' lang='lat' dir='ltr'><strong>lo</strong></span> 
     </span>
     <span class='ocr_line' id='line_1_13' title="bbox 433 1987 1537 2074; baseline -0.003 -16"><span class='ocrx_word' id='word_1_99' title='bbox 433 1994 570 2074; x_wconf 78' lang='lat' dir='ltr'><strong>quitur:</strong></span> <span class='ocrx_word' id='word_1_100' title='bbox 589 1989 706 2055; x_wconf 80' lang='lat' dir='ltr'><strong>normis</strong></span> <span class='ocrx_word' id='word_1_101' title='bbox 724 2008 832 2054; x_wconf 78' lang='lat' dir='ltr'><strong>mm</strong></span> <span class='ocrx_word' id='word_1_102' title='bbox 852 2008 915 2054; x_wconf 82' lang='lat' dir='ltr'><strong>nost</strong></span> <span class='ocrx_word' id='word_1_103' title='bbox 936 1990 1111 2066; x_wconf 66' lang='lat' dir='ltr'><strong>nomem,</strong></span> <span class='ocrx_word' id='word_1_104' title='bbox 1131 1999 1160 2054; x_wconf 88' lang='lat' dir='ltr'><strong>st</strong></span> <span class='ocrx_word' id='word_1_105' title='bbox 1178 1987 1267 2072; x_wconf 63' lang='lat' dir='ltr'><strong>ipris</strong></span> <span class='ocrx_word' id='word_1_106' title='bbox 1284 2009 1394 2055; x_wconf 72' lang='lat' dir='ltr'><strong>smum</strong></span> <span class='ocrx_word' id='word_1_107' title='bbox 1415 2010 1476 2057; x_wconf 85' lang='lat' dir='ltr'><strong>ttott</strong></span> <span class='ocrx_word' id='word_1_108' title='bbox 1492 2010 1537 2055; x_wconf 82' lang='lat' dir='ltr'><strong>sr-</strong></span> 
     </span>
     <span class='ocr_line' id='line_1_14' title="bbox 433 2090 1537 2175; baseline -0.002 -18"><span class='ocrx_word' id='word_1_109' title='bbox 433 2091 812 2174; x_wconf 48' lang='lat' dir='ltr'><strong>&amp;possessivorum</strong></span> <span class='ocrx_word' id='word_1_110' title='bbox 833 2090 1023 2175; x_wconf 73' lang='lat' dir='ltr'><strong>Hieronymi</strong></span> <span class='ocrx_word' id='word_1_111' title='bbox 1043 2092 1227 2172; x_wconf 85' lang='lat' dir='ltr'><strong>opinionem</strong></span> <span class='ocrx_word' id='word_1_112' title='bbox 1249 2100 1334 2157; x_wconf 86' lang='lat' dir='ltr'><strong>stunt</strong></span> <span class='ocrx_word' id='word_1_113' title='bbox 1359 2092 1456 2159; x_wconf 82' lang='lat' dir='ltr'><strong>verbs</strong></span> <span class='ocrx_word' id='word_1_114' title='bbox 1474 2091 1537 2156; x_wconf 81' lang='lat' dir='ltr'><strong>Ori</strong></span> 
     </span>
     <span class='ocr_line' id='line_1_15' title="bbox 433 2192 1539 2277; baseline 0.001 -18"><span class='ocrx_word' id='word_1_115' title='bbox 433 2198 523 2277; x_wconf 68' lang='lat' dir='ltr'><strong>penis</strong></span> <span class='ocrx_word' id='word_1_116' title='bbox 543 2214 584 2259; x_wconf 84' lang='lat' dir='ltr'><strong>es</strong></span> <span class='ocrx_word' id='word_1_117' title='bbox 605 2213 635 2259; x_wconf 82' lang='lat' dir='ltr'><strong>e.</strong></span> <span class='ocrx_word' id='word_1_118' title='bbox 657 2192 746 2258; x_wconf 81' lang='lat' dir='ltr'><strong>Vlll.</strong></span> <span class='ocrx_word' id='word_1_119' title='bbox 771 2192 975 2275; x_wconf 71' lang='lat' dir='ltr'><strong>Apologetioi</strong></span> <span class='ocrx_word' id='word_1_120' title='bbox 994 2212 1020 2257; x_wconf 88' lang='lat' dir='ltr'><strong>s.</strong></span> <span class='ocrx_word' id='word_1_121' title='bbox 1043 2192 1223 2275; x_wconf 76' lang='lat' dir='ltr'><strong>Pamphili,</strong></span> <span class='ocrx_word' id='word_1_122' title='bbox 1252 2194 1387 2275; x_wconf 90' lang='lat' dir='ltr'><strong>limpide</strong></span> <span class='ocrx_word' id='word_1_123' title='bbox 1407 2212 1539 2260; x_wconf 69' lang='lat' dir='ltr'><strong>emeretr</strong></span> 
     </span>
     <span class='ocr_line' id='line_1_16' title="bbox 437 2293 1538 2377; baseline -0.002 -16"><span class='ocrx_word' id='word_1_124' title='bbox 437 2298 500 2361; x_wconf 80' lang='lat' dir='ltr'><strong>tiss</strong></span> <span class='ocrx_word' id='word_1_125' title='bbox 522 2318 540 2359; x_wconf 82' lang='lat' dir='ltr'><strong>s</strong></span> <span class='ocrx_word' id='word_1_126' title='bbox 557 2294 641 2361; x_wconf 83' lang='lat' dir='ltr'><strong>Puto</strong></span> <span class='ocrx_word' id='word_1_127' title='bbox 654 2295 739 2360; x_wconf 90' lang='lat' dir='ltr'><strong>euim</strong></span> <span class='ocrx_word' id='word_1_128' title='bbox 759 2293 847 2376; x_wconf 83' lang='lat' dir='ltr'><strong>qnod</strong></span> <span class='ocrx_word' id='word_1_129' title='bbox 863 2300 983 2376; x_wconf 85' lang='lat' dir='ltr'><strong>qnnntu</strong></span> <span class='ocrx_word' id='word_1_130' title='bbox 1005 2294 1185 2359; x_wconf 68' lang='lat' dir='ltr'><strong>differentis</strong></span> <span class='ocrx_word' id='word_1_131' title='bbox 1206 2302 1254 2359; x_wconf 88' lang='lat' dir='ltr'><strong>est</strong></span> <span class='ocrx_word' id='word_1_132' title='bbox 1269 2296 1301 2358; x_wconf 92' lang='lat' dir='ltr'><strong>in</strong></span> <span class='ocrx_word' id='word_1_133' title='bbox 1317 2298 1481 2377; x_wconf 72' lang='lat' dir='ltr'><strong>praesenti</strong></span> <span class='ocrx_word' id='word_1_134' title='bbox 1498 2315 1538 2359; x_wconf 81' lang='lat' dir='ltr'><strong>se</strong></span> 
     </span>
     <span class='ocr_line' id='line_1_17' title="bbox 434 2394 1540 2477; baseline -0.002 -14"><span class='ocrx_word' id='word_1_135' title='bbox 434 2399 514 2463; x_wconf 88' lang='lat' dir='ltr'><strong>eulo</strong></span> <span class='ocrx_word' id='word_1_136' title='bbox 534 2396 658 2461; x_wconf 90' lang='lat' dir='ltr'><strong>nudum</strong></span> <span class='ocrx_word' id='word_1_137' title='bbox 680 2395 871 2475; x_wconf 76' lang='lat' dir='ltr'><strong>verberari,</strong></span> <span class='ocrx_word' id='word_1_138' title='bbox 892 2413 991 2477; x_wconf 85' lang='lat' dir='ltr'><strong>quem</strong></span> <span class='ocrx_word' id='word_1_139' title='bbox 1014 2395 1184 2473; x_wconf 81' lang='lat' dir='ltr'><strong>restitum,</strong></span> <span class='ocrx_word' id='word_1_140' title='bbox 1206 2394 1246 2458; x_wconf 83' lang='lat' dir='ltr'><strong>ed</strong></span> <span class='ocrx_word' id='word_1_141' title='bbox 1269 2396 1540 2477; x_wconf 74' lang='lat' dir='ltr'><strong>praesentiendum</strong></span> 
     </span>
     <span class='ocr_line' id='line_1_18' title="bbox 435 2496 1541 2581; baseline -0.001 -17"><span class='ocrx_word' id='word_1_142' title='bbox 435 2500 561 2564; x_wconf 77' lang='lat' dir='ltr'><strong>seilicet</strong></span> <span class='ocrx_word' id='word_1_143' title='bbox 580 2501 764 2564; x_wconf 85' lang='lat' dir='ltr'><strong>orueiotum</strong></span> <span class='ocrx_word' id='word_1_144' title='bbox 780 2498 839 2578; x_wconf 86' lang='lat' dir='ltr'><strong>(eo</strong></span> <span class='ocrx_word' id='word_1_145' title='bbox 859 2498 947 2579; x_wconf 77' lang='lat' dir='ltr'><strong>quod</strong></span> <span class='ocrx_word' id='word_1_146' title='bbox 964 2498 1186 2562; x_wconf 82' lang='lat' dir='ltr'><strong>vehementius</strong></span> <span class='ocrx_word' id='word_1_147' title='bbox 1200 2496 1323 2562; x_wconf 88' lang='lat' dir='ltr'><strong>nudum</strong></span> <span class='ocrx_word' id='word_1_148' title='bbox 1339 2516 1463 2581; x_wconf 86' lang='lat' dir='ltr'><strong>eorpus</strong></span> <span class='ocrx_word' id='word_1_149' title='bbox 1476 2516 1541 2563; x_wconf 78' lang='lat' dir='ltr'><strong>ern</strong></span> 
     </span>
     <span class='ocr_line' id='line_1_19' title="bbox 434 2598 1541 2683; baseline -0.003 -17"><span class='ocrx_word' id='word_1_150' title='bbox 434 2604 522 2667; x_wconf 85' lang='lat' dir='ltr'><strong>nient</strong></span> <span class='ocrx_word' id='word_1_151' title='bbox 544 2602 696 2678; x_wconf 65' lang='lat' dir='ltr'><strong>uerbere,</strong></span> <span class='ocrx_word' id='word_1_152' title='bbox 717 2618 817 2683; x_wconf 81' lang='lat' dir='ltr'><strong>quom</strong></span> <span class='ocrx_word' id='word_1_153' title='bbox 838 2598 1013 2675; x_wconf 78' lang='lat' dir='ltr'><strong>restitum)</strong></span> <span class='ocrx_word' id='word_1_154' title='bbox 1036 2607 1168 2663; x_wconf 84' lang='lat' dir='ltr'><strong>tuntum</strong></span> <span class='ocrx_word' id='word_1_155' title='bbox 1191 2607 1271 2681; x_wconf 89' lang='lat' dir='ltr'><strong>puto</strong></span> <span class='ocrx_word' id='word_1_156' title='bbox 1293 2598 1445 2665; x_wconf 86' lang='lat' dir='ltr'><strong>loturum</strong></span> <span class='ocrx_word' id='word_1_157' title='bbox 1463 2599 1541 2663; x_wconf 83' lang='lat' dir='ltr'><strong>dide·</strong></span> 
     </span>
    </p>
   </div>
   <div class='ocr_carea' id='block_1_2' title="bbox 300 2692 1542 2785">
    <p class='ocr_par' dir='ltr' id='par_1_3' title="bbox 300 2692 1542 2785">
     <span class='ocr_line' id='line_1_20' title="bbox 300 2692 1542 2785; baseline 0.001 -20"><span class='ocrx_word' id='word_1_158' title='bbox 300 2692 306 2701; x_wconf 76' lang='grc'><strong><em>’</em></strong></span> <span class='ocrx_word' id='word_1_159' title='bbox 436 2703 574 2767; x_wconf 75' lang='lat' dir='ltr'><strong>rentium</strong></span> <span class='ocrx_word' id='word_1_160' title='bbox 594 2702 737 2779; x_wconf 85' lang='lat' dir='ltr'><strong>doloris,</strong></span> <span class='ocrx_word' id='word_1_161' title='bbox 763 2718 839 2766; x_wconf 81' lang='lat' dir='ltr'><strong>oum</strong></span> <span class='ocrx_word' id='word_1_162' title='bbox 860 2718 981 2783; x_wconf 86' lang='lat' dir='ltr'><strong>eorpus</strong></span> <span class='ocrx_word' id='word_1_163' title='bbox 1001 2699 1181 2765; x_wconf 84' lang='lat' dir='ltr'><strong>humerum</strong></span> <span class='ocrx_word' id='word_1_164' title='bbox 1210 2700 1435 2767; x_wconf 71' lang='lat' dir='ltr'><strong>erassitudinis</strong></span> <span class='ocrx_word' id='word_1_165' title='bbox 1456 2702 1542 2785; x_wconf 75' lang='lat' dir='ltr'><strong>buius</strong></span> 
     </span>
    </p>
   </div>
   <div class='ocr_carea' id='block_1_3' title="bbox 429 2800 1552 4604">
    <p class='ocr_par' dir='ltr' id='par_1_4' title="bbox 429 2800 1547 3479">
     <span class='ocr_line' id='line_1_21' title="bbox 436 2800 1541 2885; baseline 0 -19"><span class='ocrx_word' id='word_1_166' title='bbox 436 2804 628 2869; x_wconf 78' lang='lat' dir='ltr'><strong>iodnneslo</strong></span> <span class='ocrx_word' id='word_1_167' title='bbox 645 2802 816 2884; x_wconf 80' lang='lat' dir='ltr'><strong>deposito,</strong></span> <span class='ocrx_word' id='word_1_168' title='bbox 838 2800 929 2868; x_wconf 81' lang='lat' dir='ltr'><strong>selus</strong></span> <span class='ocrx_word' id='word_1_169' title='bbox 952 2800 1077 2865; x_wconf 79' lang='lat' dir='ltr'><strong>nudum</strong></span> <span class='ocrx_word' id='word_1_170' title='bbox 1106 2818 1226 2885; x_wconf 87' lang='lat' dir='ltr'><strong>eorpus</strong></span> <span class='ocrx_word' id='word_1_171' title='bbox 1249 2803 1399 2883; x_wconf 81' lang='lat' dir='ltr'><strong>eoeperit</strong></span> <span class='ocrx_word' id='word_1_172' title='bbox 1418 2806 1541 2869; x_wconf 83' lang='lat' dir='ltr'><strong>sustine</strong></span> 
     </span>
     <span class='ocr_line' id='line_1_22' title="bbox 429 2899 1544 2973; baseline -0.005 -2"><span class='ocrx_word' id='word_1_173' title='bbox 429 2925 476 2971; x_wconf 88' lang='lat' dir='ltr'><strong>re</strong></span> <span class='ocrx_word' id='word_1_174' title='bbox 498 2912 669 2970; x_wconf 79' lang='lat' dir='ltr'><strong>tormento.</strong></span> <span class='ocrx_word' id='word_1_175' title='bbox 691 2902 773 2968; x_wconf 87' lang='lat' dir='ltr'><strong>ltem</strong></span> <span class='ocrx_word' id='word_1_176' title='bbox 793 2899 951 2966; x_wconf 73' lang='lat' dir='ltr'><strong>incestu</strong></span> <span class='ocrx_word' id='word_1_177' title='bbox 970 2899 1022 2973; x_wconf 74' lang='lat' dir='ltr'><strong>es.</strong></span> <span class='ocrx_word' id='word_1_178' title='bbox 1043 2900 1079 2965; x_wconf 84' lang='lat' dir='ltr'><strong>io</strong></span> <span class='ocrx_word' id='word_1_179' title='bbox 1100 2899 1295 2968; x_wconf 76' lang='lat' dir='ltr'><strong>Muttimm</strong></span> <span class='ocrx_word' id='word_1_180' title='bbox 1315 2920 1347 2966; x_wconf 89' lang='lat' dir='ltr'><strong>u.</strong></span> <span class='ocrx_word' id='word_1_181' title='bbox 1370 2902 1424 2971; x_wconf 75' lang='lat'><strong>72</strong></span> <span class='ocrx_word' id='word_1_182' title='bbox 1447 2904 1544 2969; x_wconf 77' lang='lat' dir='ltr'><strong>endi</strong></span> 
     </span>
     <span class='ocr_line' id='line_1_23' title="bbox 434 3000 1545 3083; baseline -0.005 -9"><span class='ocrx_word' id='word_1_183' title='bbox 434 3011 495 3074; x_wconf 82' lang='lat' dir='ltr'><strong>etis</strong></span> <span class='ocrx_word' id='word_1_184' title='bbox 514 3005 601 3073; x_wconf 72' lang='lat' dir='ltr'><strong>lobs</strong></span> <span class='ocrx_word' id='word_1_185' title='bbox 623 3006 756 3069; x_wconf 83' lang='lat' dir='ltr'><strong>eomedst</strong></span> <span class='ocrx_word' id='word_1_186' title='bbox 774 3022 845 3067; x_wconf 83' lang='lat' dir='ltr'><strong>essm</strong></span> <span class='ocrx_word' id='word_1_187' title='bbox 865 3000 973 3083; x_wconf 71' lang='lat' dir='ltr'><strong>ionis,</strong></span> <span class='ocrx_word' id='word_1_188' title='bbox 994 3001 1052 3083; x_wconf 83' lang='lat' dir='ltr'><strong>qui</strong></span> <span class='ocrx_word' id='word_1_189' title='bbox 1071 3022 1135 3068; x_wconf 81' lang='lat' dir='ltr'><strong>oon</strong></span> <span class='ocrx_word' id='word_1_190' title='bbox 1155 3001 1365 3068; x_wconf 78' lang='lat' dir='ltr'><strong>oooenditssrs</strong></span> <span class='ocrx_word' id='word_1_191' title='bbox 1387 3026 1406 3067; x_wconf 84' lang='lat' dir='ltr'><strong>s</strong></span> <span class='ocrx_word' id='word_1_192' title='bbox 1428 3005 1477 3072; x_wconf 84' lang='lat' dir='ltr'><strong>Ne</strong></span> <span class='ocrx_word' id='word_1_193' title='bbox 1495 3024 1545 3070; x_wconf 81' lang='lat' dir='ltr'><strong>nn</strong></span> 
     </span>
     <span class='ocr_line' id='line_1_24' title="bbox 437 3103 1546 3190; baseline -0.002 -18"><span class='ocrx_word' id='word_1_194' title='bbox 437 3120 502 3173; x_wconf 87' lang='lat' dir='ltr'><strong>tem</strong></span> <span class='ocrx_word' id='word_1_195' title='bbox 518 3108 660 3184; x_wconf 88' lang='lat' dir='ltr'><strong>mireris,</strong></span> <span class='ocrx_word' id='word_1_196' title='bbox 675 3105 791 3187; x_wconf 78' lang='lat' dir='ltr'><strong>inquit,</strong></span> <span class='ocrx_word' id='word_1_197' title='bbox 811 3103 947 3167; x_wconf 86' lang='lat' dir='ltr'><strong>sudiens</strong></span> <span class='ocrx_word' id='word_1_198' title='bbox 960 3121 1030 3168; x_wconf 88' lang='lat' dir='ltr'><strong>esse</strong></span> <span class='ocrx_word' id='word_1_199' title='bbox 1043 3104 1237 3168; x_wconf 84' lang='lat' dir='ltr'><strong>invisibilem</strong></span> <span class='ocrx_word' id='word_1_200' title='bbox 1250 3106 1360 3185; x_wconf 73' lang='lat' dir='ltr'><strong>iguem</strong></span> <span class='ocrx_word' id='word_1_201' title='bbox 1371 3116 1405 3172; x_wconf 93' lang='lat' dir='ltr'><strong>et</strong></span> <span class='ocrx_word' id='word_1_202' title='bbox 1421 3108 1546 3190; x_wconf 89' lang='lat' dir='ltr'><strong>punien-</strong></span> 
     </span>
     <span class='ocr_line' id='line_1_25' title="bbox 438 3206 1544 3289; baseline -0.005 -12"><span class='ocrx_word' id='word_1_203' title='bbox 438 3222 517 3289; x_wconf 84' lang='lat' dir='ltr'><strong>tem,</strong></span> <span class='ocrx_word' id='word_1_204' title='bbox 538 3229 614 3275; x_wconf 87' lang='lat' dir='ltr'><strong>eum</strong></span> <span class='ocrx_word' id='word_1_205' title='bbox 630 3209 737 3271; x_wconf 81' lang='lat' dir='ltr'><strong>tideus</strong></span> <span class='ocrx_word' id='word_1_206' title='bbox 758 3206 844 3270; x_wconf 87' lang='lat' dir='ltr'><strong>iuter</strong></span> <span class='ocrx_word' id='word_1_207' title='bbox 865 3207 1010 3270; x_wconf 85' lang='lat' dir='ltr'><strong>homines</strong></span> <span class='ocrx_word' id='word_1_208' title='bbox 1025 3206 1171 3270; x_wconf 83' lang='lat' dir='ltr'><strong>colorem</strong></span> <span class='ocrx_word' id='word_1_209' title='bbox 1190 3207 1387 3287; x_wconf 82' lang='lat' dir='ltr'><strong>corporibus</strong></span> <span class='ocrx_word' id='word_1_210' title='bbox 1409 3211 1544 3275; x_wconf 83' lang='lat' dir='ltr'><strong>reoiden</strong></span> 
     </span>
     <span class='ocr_line' id='line_1_26' title="bbox 440 3308 1547 3393; baseline -0.005 -16"><span class='ocrx_word' id='word_1_211' title='bbox 440 3322 522 3390; x_wconf 53' lang='lat' dir='ltr'><strong>teum</strong></span> <span class='ocrx_word' id='word_1_212' title='bbox 543 3319 577 3376; x_wconf 87' lang='lat' dir='ltr'><strong>et</strong></span> <span class='ocrx_word' id='word_1_213' title='bbox 595 3328 661 3375; x_wconf 84' lang='lat' dir='ltr'><strong>nou</strong></span> <span class='ocrx_word' id='word_1_214' title='bbox 682 3309 891 3373; x_wconf 83' lang='lat' dir='ltr'><strong>mediocriter</strong></span> <span class='ocrx_word' id='word_1_215' title='bbox 912 3308 1154 3372; x_wconf 78' lang='lat' dir='ltr'><strong>excruciantem</strong></span> <span class='ocrx_word' id='word_1_216' title='bbox 1175 3308 1315 3371; x_wconf 77' lang='lat' dir='ltr'><strong>menime</strong></span> <span class='ocrx_word' id='word_1_217' title='bbox 1335 3328 1414 3387; x_wconf 90' lang='lat' dir='ltr'><strong>eos,</strong></span> <span class='ocrx_word' id='word_1_218' title='bbox 1437 3312 1491 3393; x_wconf 87' lang='lat' dir='ltr'><strong>qui</strong></span> <span class='ocrx_word' id='word_1_219' title='bbox 1510 3310 1547 3374; x_wconf 86' lang='lat' dir='ltr'><strong>ub</strong></span> 
     </span>
     <span class='ocr_line' id='line_1_27' title="bbox 438 3408 1544 3479; baseline -0.003 -1"><span class='ocrx_word' id='word_1_220' title='bbox 438 3434 481 3479; x_wconf 82' lang='lat' dir='ltr'><strong>eo</strong></span> <span class='ocrx_word' id='word_1_221' title='bbox 493 3412 687 3477; x_wconf 82' lang='lat' dir='ltr'><strong>solidissime</strong></span> <span class='ocrx_word' id='word_1_222' title='bbox 701 3409 927 3473; x_wconf 85' lang='lat' dir='ltr'><strong>molestentur.</strong></span> <span class='ocrx_word' id='word_1_223' title='bbox 942 3408 1032 3473; x_wconf 72' lang='lat' dir='ltr'><strong>»Sed</strong></span> <span class='ocrx_word' id='word_1_224' title='bbox 1044 3408 1084 3473; x_wconf 86' lang='lat' dir='ltr'><strong>ds</strong></span> <span class='ocrx_word' id='word_1_225' title='bbox 1099 3410 1251 3473; x_wconf 81' lang='lat' dir='ltr'><strong>bisontes</strong></span> <span class='ocrx_word' id='word_1_226' title='bbox 1263 3412 1341 3474; x_wconf 87' lang='lat' dir='ltr'><strong>setis</strong></span> <span class='ocrx_word' id='word_1_227' title='bbox 1356 3410 1544 3477; x_wconf 83' lang='lat' dir='ltr'><strong>dictumest</strong></span> 
     </span>
    </p>

    <p class='ocr_par' dir='ltr' id='par_1_5' title="bbox 441 3511 1552 4604">
     <span class='ocr_line' id='line_1_28' title="bbox 520 3511 1548 3593; baseline 0 -16"><span class='ocrx_word' id='word_1_228' title='bbox 520 3511 636 3589; x_wconf 72' lang='lat' dir='ltr'><strong>Quoue</strong></span> <span class='ocrx_word' id='word_1_229' title='bbox 661 3518 770 3574; x_wconf 81' lang='lat' dir='ltr'><strong>eutem</strong></span> <span class='ocrx_word' id='word_1_230' title='bbox 791 3519 916 3585; x_wconf 79' lang='lat' dir='ltr'><strong>celere,</strong></span> <span class='ocrx_word' id='word_1_231' title='bbox 931 3528 1017 3590; x_wconf 85' lang='lat' dir='ltr'><strong>quse</strong></span> <span class='ocrx_word' id='word_1_232' title='bbox 1037 3512 1202 3591; x_wconf 88' lang='lat' dir='ltr'><strong>speeiutim</strong></span> <span class='ocrx_word' id='word_1_233' title='bbox 1224 3512 1462 3593; x_wconf 78' lang='lat' dir='ltr'><strong>interpretetur</strong></span> <span class='ocrx_word' id='word_1_234' title='bbox 1482 3512 1548 3577; x_wconf 82' lang='lat' dir='ltr'><strong>llio·</strong></span> 
     </span>
     <span class='ocr_line' id='line_1_29' title="bbox 442 3610 1547 3691; baseline 0 -14"><span class='ocrx_word' id='word_1_235' title='bbox 442 3614 589 3678; x_wconf 86' lang='lat' dir='ltr'><strong>rnnimsts</strong></span> <span class='ocrx_word' id='word_1_236' title='bbox 608 3619 723 3675; x_wconf 81' lang='lat' dir='ltr'><strong>eontrs</strong></span> <span class='ocrx_word' id='word_1_237' title='bbox 743 3628 805 3687; x_wconf 82' lang='lat' dir='ltr'><strong>es,</strong></span> <span class='ocrx_word' id='word_1_238' title='bbox 824 3628 911 3691; x_wconf 83' lang='lat' dir='ltr'><strong>quus</strong></span> <span class='ocrx_word' id='word_1_239' title='bbox 932 3612 1010 3674; x_wconf 81' lang='lat' dir='ltr'><strong>silut</strong></span> <span class='ocrx_word' id='word_1_240' title='bbox 1031 3610 1206 3687; x_wconf 73' lang='lat' dir='ltr'><strong>bullione,</strong></span> <span class='ocrx_word' id='word_1_241' title='bbox 1221 3611 1261 3675; x_wconf 90' lang='lat' dir='ltr'><strong>de</strong></span> <span class='ocrx_word' id='word_1_242' title='bbox 1285 3614 1382 3676; x_wconf 82' lang='lat' dir='ltr'><strong>seriis</strong></span> <span class='ocrx_word' id='word_1_243' title='bbox 1403 3616 1547 3679; x_wconf 90' lang='lat' dir='ltr'><strong>nimirum</strong></span> 
     </span>
     <span class='ocr_line' id='line_1_30' title="bbox 442 3712 1549 3795; baseline -0.002 -16"><span class='ocrx_word' id='word_1_244' title='bbox 442 3723 674 3779; x_wconf 81' lang='lat' dir='ltr'><strong>erestursrum</strong></span> <span class='ocrx_word' id='word_1_245' title='bbox 691 3712 903 3777; x_wconf 86' lang='lat' dir='ltr'><strong>rutiouulium</strong></span> <span class='ocrx_word' id='word_1_246' title='bbox 924 3712 1146 3776; x_wconf 77' lang='lat' dir='ltr'><strong>voluntatibus</strong></span> <span class='ocrx_word' id='word_1_247' title='bbox 1167 3714 1273 3795; x_wconf 85' lang='lat' dir='ltr'><strong>deque</strong></span> <span class='ocrx_word' id='word_1_248' title='bbox 1294 3713 1464 3781; x_wconf 75' lang='lat' dir='ltr'><strong>bessorum</strong></span> <span class='ocrx_word' id='word_1_249' title='bbox 1489 3716 1549 3779; x_wconf 80' lang='lat' dir='ltr'><strong>uui</strong></span> 
     </span>
     <span class='ocr_line' id='line_1_31' title="bbox 442 3810 1550 3894; baseline -0.002 -15"><span class='ocrx_word' id='word_1_250' title='bbox 442 3832 570 3879; x_wconf 80' lang='lat' dir='ltr'><strong>morum</strong></span> <span class='ocrx_word' id='word_1_251' title='bbox 591 3812 744 3894; x_wconf 83' lang='lat' dir='ltr'><strong>perustis,</strong></span> <span class='ocrx_word' id='word_1_252' title='bbox 767 3812 852 3875; x_wconf 79' lang='lat' dir='ltr'><strong>unde</strong></span> <span class='ocrx_word' id='word_1_253' title='bbox 872 3810 1028 3877; x_wconf 84' lang='lat' dir='ltr'><strong>detulerit</strong></span> <span class='ocrx_word' id='word_1_254' title='bbox 1046 3831 1076 3876; x_wconf 89' lang='lat' dir='ltr'><strong>s.</strong></span> <span class='ocrx_word' id='word_1_255' title='bbox 1097 3811 1232 3890; x_wconf 77' lang='lat' dir='ltr'><strong>beetur,</strong></span> <span class='ocrx_word' id='word_1_256' title='bbox 1254 3813 1402 3879; x_wconf 81' lang='lat' dir='ltr'><strong>divinare</strong></span> <span class='ocrx_word' id='word_1_257' title='bbox 1416 3816 1550 3880; x_wconf 87' lang='lat' dir='ltr'><strong>srduuus</strong></span> 
     </span>
     <span class='ocr_line' id='line_1_32' title="bbox 443 3912 1550 4002; baseline -0.004 -21"><span class='ocrx_word' id='word_1_258' title='bbox 443 3923 506 3993; x_wconf 85' lang='lat' dir='ltr'><strong>est,</strong></span> <span class='ocrx_word' id='word_1_259' title='bbox 525 3915 625 3979; x_wconf 84' lang='lat' dir='ltr'><strong>sinoti</strong></span> <span class='ocrx_word' id='word_1_260' title='bbox 642 3919 675 3979; x_wconf 89' lang='lat' dir='ltr'><strong>et</strong></span> <span class='ocrx_word' id='word_1_261' title='bbox 695 3914 773 4002; x_wconf 85' lang='lat' dir='ltr'><strong>mibi</strong></span> <span class='ocrx_word' id='word_1_262' title='bbox 796 3912 890 3977; x_wconf 82' lang='lat' dir='ltr'><strong>sslds</strong></span> <span class='ocrx_word' id='word_1_263' title='bbox 909 3914 1040 3989; x_wconf 83' lang='lat' dir='ltr'><strong>mirum,</strong></span> <span class='ocrx_word' id='word_1_264' title='bbox 1062 3913 1149 3994; x_wconf 84' lang='lat' dir='ltr'><strong>quod</strong></span> <span class='ocrx_word' id='word_1_265' title='bbox 1165 3913 1322 3994; x_wconf 74' lang='lat' dir='ltr'><strong>Origenes</strong></span> <span class='ocrx_word' id='word_1_266' title='bbox 1343 3918 1487 3997; x_wconf 85' lang='lat' dir='ltr'><strong>potuerit</strong></span> <span class='ocrx_word' id='word_1_267' title='bbox 1499 3916 1550 3979; x_wconf 76' lang='lat' dir='ltr'><strong>eli</strong></span> 
     </span>
     <span class='ocr_line' id='line_1_33' title="bbox 442 4012 1550 4096; baseline -0.003 -15"><span class='ocrx_word' id='word_1_268' title='bbox 442 4015 577 4096; x_wconf 80' lang='lat' dir='ltr'><strong>quondo</strong></span> <span class='ocrx_word' id='word_1_269' title='bbox 595 4014 676 4077; x_wconf 89' lang='lat' dir='ltr'><strong>tules</strong></span> <span class='ocrx_word' id='word_1_270' title='bbox 696 4014 915 4093; x_wconf 75' lang='lat' dir='ltr'><strong>omestioues,</strong></span> <span class='ocrx_word' id='word_1_271' title='bbox 936 4032 974 4077; x_wconf 92' lang='lat' dir='ltr'><strong>ue</strong></span> <span class='ocrx_word' id='word_1_272' title='bbox 996 4012 1102 4077; x_wconf 82' lang='lat' dir='ltr'><strong>dicem</strong></span> <span class='ocrx_word' id='word_1_273' title='bbox 1121 4012 1260 4087; x_wconf 72' lang='lat' dir='ltr'><strong>tubulus,</strong></span> <span class='ocrx_word' id='word_1_274' title='bbox 1275 4016 1345 4079; x_wconf 85' lang='lat' dir='ltr'><strong>suis</strong></span> <span class='ocrx_word' id='word_1_275' title='bbox 1364 4016 1505 4081; x_wconf 87' lang='lat' dir='ltr'><strong>inserere</strong></span> <span class='ocrx_word' id='word_1_276' title='bbox 1516 4018 1550 4079; x_wconf 92' lang='lat' dir='ltr'><strong>li·</strong></span> 
     </span>
     <span class='ocr_line' id='line_1_34' title="bbox 442 4110 1552 4199; baseline 0.001 -21"><span class='ocrx_word' id='word_1_277' title='bbox 442 4116 519 4179; x_wconf 85' lang='lat' dir='ltr'><strong>bris.</strong></span> <span class='ocrx_word' id='word_1_278' title='bbox 543 4112 695 4178; x_wconf 76' lang='lat' dir='ltr'><strong>Fortasse</strong></span> <span class='ocrx_word' id='word_1_279' title='bbox 722 4110 941 4197; x_wconf 75' lang='lat' dir='ltr'><strong>Hieronymus</strong></span> <span class='ocrx_word' id='word_1_280' title='bbox 961 4112 994 4176; x_wconf 90' lang='lat' dir='ltr'><strong>in</strong></span> <span class='ocrx_word' id='word_1_281' title='bbox 1021 4114 1084 4177; x_wconf 88' lang='lat' dir='ltr'><strong>hoo</strong></span> <span class='ocrx_word' id='word_1_282' title='bbox 1107 4112 1164 4176; x_wconf 85' lang='grc' dir='ltr'><strong>ΙΙΙ.</strong></span> <span class='ocrx_word' id='word_1_283' title='bbox 1188 4112 1286 4179; x_wconf 85' lang='lat' dir='ltr'><strong>Libro</strong></span> <span class='ocrx_word' id='word_1_284' title='bbox 1316 4114 1360 4178; x_wconf 73' lang='lat' dir='ltr'><strong>ite</strong></span> <span class='ocrx_word' id='word_1_285' title='bbox 1382 4114 1552 4199; x_wconf 78' lang='lat' dir='ltr'><strong>Principiis</strong></span> 
     </span>
     <span class='ocr_line' id='line_1_35' title="bbox 442 4212 1550 4301; baseline -0.002 -18"><span class='ocrx_word' id='word_1_286' title='bbox 442 4219 586 4293; x_wconf 83' lang='lat' dir='ltr'><strong>ilerssit,</strong></span> <span class='ocrx_word' id='word_1_287' title='bbox 599 4233 686 4296; x_wconf 85' lang='lat' dir='ltr'><strong>quoe</strong></span> <span class='ocrx_word' id='word_1_288' title='bbox 701 4215 732 4279; x_wconf 93' lang='lat' dir='ltr'><strong>iu</strong></span> <span class='ocrx_word' id='word_1_289' title='bbox 748 4212 847 4279; x_wconf 82' lang='lat' dir='ltr'><strong>Libro</strong></span> <span class='ocrx_word' id='word_1_290' title='bbox 870 4213 893 4278; x_wconf 93' lang='grc' dir='ltr'><strong>Ι.</strong></span> <span class='ocrx_word' id='word_1_291' title='bbox 917 4232 946 4279; x_wconf 86' lang='lat' dir='ltr'><strong>e.</strong></span> <span class='ocrx_word' id='word_1_292' title='bbox 965 4213 1019 4279; x_wconf 88' lang='lat' dir='ltr'><strong>vl.</strong></span> <span class='ocrx_word' id='word_1_293' title='bbox 1044 4217 1099 4279; x_wconf 89' lang='lat' dir='ltr'><strong>ubi</strong></span> <span class='ocrx_word' id='word_1_294' title='bbox 1120 4225 1347 4296; x_wconf 77' lang='lat' dir='ltr'><strong>argumentum</strong></span> <span class='ocrx_word' id='word_1_295' title='bbox 1370 4218 1550 4301; x_wconf 81' lang='lat' dir='ltr'><strong>hujusmodi</strong></span> 
     </span>
     <span class='ocr_line' id='line_1_36' title="bbox 442 4314 1551 4399; baseline 0 -18"><span class='ocrx_word' id='word_1_296' title='bbox 442 4316 489 4381; x_wconf 75' lang='lat' dir='ltr'><strong>ne</strong></span> <span class='ocrx_word' id='word_1_297' title='bbox 507 4314 622 4381; x_wconf 72' lang='lat' dir='ltr'><strong>mosidi</strong></span> <span class='ocrx_word' id='word_1_298' title='bbox 640 4315 908 4380; x_wconf 70' lang='lat' dir='ltr'><strong>consummatione</strong></span> <span class='ocrx_word' id='word_1_299' title='bbox 921 4316 1031 4399; x_wconf 69' lang='lat' dir='ltr'><strong>egitur</strong></span> <span class='ocrx_word' id='word_1_300' title='bbox 1045 4318 1086 4380; x_wconf 89' lang='lat' dir='ltr'><strong>nb</strong></span> <span class='ocrx_word' id='word_1_301' title='bbox 1098 4318 1251 4398; x_wconf 73' lang='lat' dir='ltr'><strong>Origene,</strong></span> <span class='ocrx_word' id='word_1_302' title='bbox 1268 4326 1445 4384; x_wconf 75' lang='lat' dir='ltr'><strong>retractato</strong></span> <span class='ocrx_word' id='word_1_303' title='bbox 1463 4328 1551 4398; x_wconf 85' lang='lat' dir='ltr'><strong>suut;</strong></span> 
     </span>
     <span class='ocr_line' id='line_1_37' title="bbox 441 4417 1550 4499; baseline 0.002 -18"><span class='ocrx_word' id='word_1_304' title='bbox 441 4418 499 4481; x_wconf 88' lang='lat' dir='ltr'><strong>ills</strong></span> <span class='ocrx_word' id='word_1_305' title='bbox 520 4435 581 4499; x_wconf 87' lang='lat' dir='ltr'><strong>pes·</strong></span> <span class='ocrx_word' id='word_1_306' title='bbox 609 4434 735 4483; x_wconf 84' lang='lat' dir='ltr'><strong>summe</strong></span> <span class='ocrx_word' id='word_1_307' title='bbox 757 4417 863 4498; x_wconf 82' lang='lat' dir='ltr'><strong>cupite</strong></span> <span class='ocrx_word' id='word_1_308' title='bbox 886 4436 1066 4495; x_wconf 78' lang='lat' dir='ltr'><strong>recensens,</strong></span> <span class='ocrx_word' id='word_1_309' title='bbox 1097 4417 1312 4483; x_wconf 80' lang='lat' dir='ltr'><strong>diversimode</strong></span> <span class='ocrx_word' id='word_1_310' title='bbox 1335 4438 1413 4484; x_wconf 85' lang='lat' dir='ltr'><strong>vero</strong></span> <span class='ocrx_word' id='word_1_311' title='bbox 1433 4420 1475 4485; x_wconf 86' lang='lat' dir='ltr'><strong>sb</strong></span> <span class='ocrx_word' id='word_1_312' title='bbox 1502 4440 1550 4493; x_wconf 83' lang='lat' dir='ltr'><strong>eo,</strong></span> 
     </span>
     <span class='ocr_line' id='line_1_38' title="bbox 444 4518 1551 4604; baseline 0.003 -20"><span class='ocrx_word' id='word_1_313' title='bbox 444 4519 533 4600; x_wconf 72' lang='lat' dir='ltr'><strong>quod</strong></span> <span class='ocrx_word' id='word_1_314' title='bbox 555 4519 597 4584; x_wconf 89' lang='lat' dir='ltr'><strong>ibi</strong></span> <span class='ocrx_word' id='word_1_315' title='bbox 619 4518 834 4587; x_wconf 79' lang='lat' dir='ltr'><strong>consideravit</strong></span> <span class='ocrx_word' id='word_1_316' title='bbox 855 4526 889 4585; x_wconf 88' lang='lat' dir='ltr'><strong>ot</strong></span> <span class='ocrx_word' id='word_1_317' title='bbox 911 4520 1006 4587; x_wconf 74' lang='lat' dir='ltr'><strong>vertit</strong></span> <span class='ocrx_word' id='word_1_318' title='bbox 1029 4518 1189 4587; x_wconf 80' lang='lat' dir='ltr'><strong>Rudinus.</strong></span> <span class='ocrx_word' id='word_1_319' title='bbox 1213 4518 1264 4587; x_wconf 87' lang='lat' dir='ltr'><strong>Sin</strong></span> <span class='ocrx_word' id='word_1_320' title='bbox 1286 4540 1425 4604; x_wconf 77' lang='lat' dir='ltr'><strong>musque</strong></span> <span class='ocrx_word' id='word_1_321' title='bbox 1446 4522 1479 4588; x_wconf 88' lang='lat' dir='ltr'><strong>in</strong></span> <span class='ocrx_word' id='word_1_322' title='bbox 1502 4540 1551 4587; x_wconf 72' lang='lat' dir='ltr'><strong>oe</strong></span> 
     </span>
    </p>
   </div>
   <div class='ocr_carea' id='block_1_4' title="bbox 0 0 1723 5567">
    <p class='ocr_par' dir='ltr' id='par_1_6' title="bbox 0 0 1723 5567">
     <span class='ocr_line' id='line_1_39' title="bbox 0 0 1723 5567; baseline 0 0"><span class='ocrx_word' id='word_1_323' title='bbox 0 0 1723 5567; x_wconf 95' lang='lat' dir='ltr'><strong> </strong></span> 
     </span>
    </p>
   </div>
  </div>
 </body>
</html>
