3375 5567
445 802 476 865 iu
498 804 559 866 hnc
580 802 781 883 quaestione,
803 803 968 880 hauritur,
993 802 1047 868 uhi
1072 803 1248 885 apostolica
1273 804 1371 867 recha
1393 803 1434 868 de
1456 821 1557 868 resur·

361 948 364 955 .
448 908 591 969 rectione
612 905 863 987 interpretatus,
882 910 1060 987 eqnisnnm
1081 916 1148 983 est,
1170 909 1232 983 nit,
1254 907 1412 970 sermonis
1434 924 1559 987 scopus,

445 1025 543 1087 quem
565 1007 692 1071 divinus
714 1008 890 1089 Apostolus
913 1008 1010 1071 tradit
1031 1009 1062 1070 in
1083 1026 1121 1071 ea
1144 1018 1248 1089 porte:
1271 1019 1348 1070 tuuc
1370 1006 1485 1088 etipse
1508 1006 1560 1070 tt·-

443 1106 508 1172 lius
527 1106 712 1190 subjicietur
731 1108 774 1184 ei,
802 1109 859 1191 qui
877 1108 1007 1191 subjecit
1025 1107 1086 1172 eibi
1109 1105 1239 1173 omnin?
1264 1107 1359 1186 Quod
1384 1110 1557 1191 aliqnando

446 1212 597 1274 nimirum
618 1211 658 1272 ud
681 1212 818 1275 nihilum
842 1214 989 1277 transibit
1009 1221 1125 1275 natura
1145 1210 1249 1281 κακέυ
1269 1211 1358 1287 moli,
1381 1211 1558 1276 omnimode

445 1312 551 1374 deleta
573 1332 613 1375 ex
636 1330 688 1385 eo,
701 1312 789 1393 quod
811 1321 871 1389 est,
885 1332 944 1377 eeu
967 1333 1130 1379 exterum
1154 1315 1303 1378 essentia:
1321 1321 1349 1375 ct
1369 1323 1466 1376 cruat
1477 1312 1562 1376 eoldr

445 1414 550 1493 boon,
573 1432 611 1477 oc
632 1414 737 1476 divion
754 1424 786 1479 et
807 1415 946 1478 nbomni
967 1416 1099 1478 interitu
1113 1415 1218 1478 nlienn
1242 1417 1366 1479 bonitus
1381 1418 1414 1477 iu
1435 1434 1470 1477 sc
1489 1432 1560 1476 con·

448 1515 558 1578 tinebit
569 1534 696 1579 omnem
712 1525 862 1579 naturum
873 1517 1179 1592 rationalemmullo
1189 1536 1229 1580 ex
1240 1518 1276 1583 iis
1287 1518 1416 1596 (sedulo
1427 1514 1562 1579 animad-

447 1624 597 1679 vertatur
611 1616 797 1698 hujusmodi
818 1618 993 1695 sententie)
1009 1619 1101 1681 nullo
1116 1621 1248 1698 inquam
1264 1639 1307 1682 ex
1328 1620 1379 1693 iis,
1395 1620 1454 1698 qni
1468 1636 1486 1679 a
1501 1614 1563 1678 lien

447 1720 522 1783 iacti
542 1727 630 1793 sunt,
653 1720 822 1783 excidente
843 1739 861 1781 n
885 1738 984 1801 regno
1006 1718 1079 1794 ilci,
1100 1722 1230 1802 qnando
1251 1724 1338 1785 omni
1358 1721 1493 1785 eliachin
1520 1719 1562 1780 si·

450 1821 600 1896 tinsitete,
616 1840 700 1901 qnae
723 1823 819 1886 rebus
834 1824 944 1886 inerat
965 1824 1124 1898 immixta,
1139 1832 1303 1904 tanaquann
1315 1824 1421 1885 alicua
1434 1823 1561 1885 materia

449 1940 506 2003 per
528 1924 606 2003 iguis
627 1925 808 2004 purgatorii
826 1924 983 1988 fusionem
1005 1934 1216 2004 consumpto,
1238 1925 1302 1987 tele
1323 1924 1446 1987 lactum
1470 1923 1564 1999 luerit

448 2043 595 2105 prorsus,
617 2027 715 2106 quale
736 2027 777 2088 eh
798 2028 889 2091 initio
912 2027 985 2101 luit,
1007 2046 1082 2090 cum
1105 2027 1248 2089 noudum
1271 2028 1302 2088 io
1323 2046 1357 2089 se
1378 2031 1561 2106 susceperat

449 2128 574 2189 vitium.
605 2148 621 2182 n
645 2126 748 2190 Paulo
782 2138 854 2207 post
874 2129 963 2190 addit
991 2148 1033 2191 ex
1064 2130 1220 2208 praedicti
1254 2128 1402 2208 Apostoli
1439 2127 1559 2189 verbis:

449 2251 464 2286 o
491 2226 583 2291 Prius
604 2228 732 2291 sublato
755 2239 902 2309 pecceto,
924 2231 1039 2293 deiude
1069 2232 1234 2293 destructa
1259 2242 1376 2305 morte,
1401 2230 1480 2293 nihil
1505 2228 1558 2289 nisi

449 2332 568 2395 honum
591 2330 622 2391 in
643 2340 758 2393 nutura
783 2332 988 2412 relinquetur
1010 2352 1025 2390 n
1048 2332 1128 2394 ltem
1159 2352 1177 2389 u
1200 2350 1275 2393 eum
1297 2350 1409 2395 ornnes
1431 2350 1489 2394 nos
1516 2348 1563 2392 se·

450 2432 527 2493 moti
543 2430 701 2493 fuerimus
716 2450 733 2494 e
747 2432 850 2502 κκκδυ
866 2436 955 2509 vitio,
974 2442 1049 2498 tnnc
1063 2428 1190 2525 n’prrfidn
1203 2434 1278 2497 hnoi
1300 2443 1429 2497 tautum
1448 2449 1562 2511 corpus

449 2534 480 2595 in
500 2552 534 2595 se
555 2534 707 2613 suscipiet
729 2536 955 2614 principatum.
978 2534 1105 2613 »Quod
1129 2538 1242 2599 vitium
1264 2536 1296 2597 in
1319 2530 1418 2597 Libro
1441 2531 1486 2595 ue
1504 2529 1564 2593 eir·

446 2631 582 2715 piuitnte
602 2634 701 2709 dicit,
723 2634 884 2699 hominem
906 2655 948 2699 ex
970 2637 1104 2699 consilio
1123 2655 1185 2699 sno
1217 2634 1249 2697 in
1271 2652 1308 2697 sa
1335 2633 1562 2704 introduxisse,

448 2736 617 2816 repudiata
641 2737 783 2800 virtute:
809 2758 825 2796 u
850 2735 975 2800 linium
1005 2740 1088 2801 enim
1109 2749 1204 2801 entre
1228 2737 1401 2800 consilium
1428 2736 1562 2816 positum

448 2846 509 2911 est,
531 2854 569 2899 ee
587 2836 683 2918 Juxta
705 2840 871 2918 propriam
885 2841 1054 2902 essentium
1076 2839 1316 2903 consideratum
1328 2839 1360 2899 ln
1380 2844 1501 2901 notura
1516 2852 1561 2896 re·

450 2955 537 3012 rum,
560 2947 752 3018 quaesunt,
775 2939 904 3003 nullum
925 2949 986 3020 est3
1002 2942 1105 3004 omnis
1125 2944 1208 3003 enirn
1224 2949 1377 3004 oreotnra
1398 2938 1458 3002 net
1472 2937 1561 2999 hond

450 3048 479 3102 et
496 3048 623 3114 cuncto,
644 3058 724 3120 punc
743 3039 818 3120 sectr
840 3039 935 3116 Deus,
957 3052 1049 3107 crunt
1066 3044 1158 3106 ouldc
1177 3042 1290 3106 doum»

528 3140 565 3204 ln
577 3137 726 3205 Oratione
748 3139 941 3205 Cotechctico
954 3162 982 3206 o.
1006 3141 1060 3205 tt.
1076 3152 1109 3205 et
1128 3140 1217 3206 vttt.
1232 3141 1365 3216 homini,
1380 3141 1440 3217 ait,
1460 3134 1563 3201 inelin-

452 3241 560 3305 hiliter
579 3252 651 3305 eret
665 3244 771 3306 ditior
795 3243 1007 3325 pulchritudo
1028 3251 1269 3325 contemperato
1283 3288 1291 3305 .
1307 3284 1360 3304 ...
1379 3240 1443 3304 l’er
1459 3252 1562 3301 resur·

454 3348 627 3409 rectionem
640 3346 794 3410 dissoluto
811 3348 946 3409 materia
961 3347 1107 3425 eorporis
1123 3349 1236 3419 nostri,
1252 3362 1337 3425 quae
1351 3342 1508 3405 chuchtna
1522 3338 1564 3398 ri-

454 3448 625 3509 tiositotem
638 3458 819 3529 acceperet,
831 3447 870 3509 etl
887 3465 971 3523 enm,
986 3466 1072 3527 quoe
1083 3448 1192 3511 luerat
1202 3447 1243 3509 alt
1254 3448 1359 3521 initio,
1374 3440 1562 3509 reiormnhit

454 3547 738 3627 pulchritudinem.
756 3566 772 3604 n
790 3547 868 3610 ltem
884 3550 1033 3613 conditus
1055 3551 1235 3621 esthemo,
1251 3548 1355 3621 addit,
1377 3550 1410 3611 iu
1431 3542 1563 3622 imagine

453 3648 702 3730 pulchritudinis
723 3651 921 3729 exemplaris
943 3649 1018 3727 ilci,
1040 3670 1079 3714 ac
1100 3660 1214 3713 nature
1238 3648 1458 3730 impossibilis,
1480 3654 1514 3709 et
1533 3645 1561 3703 iu

453 3751 650 3815 beatitudine
666 3752 794 3832 depone:
809 3774 825 3809 u
840 3750 914 3815 i’ost
926 3762 1095 3834 peccatum
1112 3772 1202 3827 vero,
1215 3770 1303 3815 noso
1321 3747 1562 3849 μακαριότητος

350 3928 353 3941 Ι
454 3852 662 3928 heatitudine,
676 3870 760 3931 quoe
774 3854 835 3913 suh
850 3854 1112 3933 impassibilitatis
1124 3856 1252 3917 nomine
1266 3849 1562 3934 comprehenditur,

455 3954 651 4028 excidentes,
673 3955 712 4015 ed
729 3952 883 4017 chucht'on
900 3955 1105 4017 vitiositatem
1127 3952 1346 4015 transformati
1370 3967 1493 4013 sumus.
1519 3941 1563 4006 tta

454 4058 494 4117 de
515 4052 611 4119 causa
638 4054 736 4119 veluti
762 4074 816 4117 vas
837 4056 1001 4136 quoddam
1024 4055 1232 4117 lictilehomn
1253 4071 1368 4117 rursm
1396 4053 1426 4113 in
1449 4060 1564 4112 terram

457 4156 654 4230 resolvetur,
685 4164 721 4219 ut
740 4159 889 4229 secretis,
912 4174 998 4235 qnae
1018 4158 1051 4221 in
1072 4172 1112 4217 eo
1138 4164 1227 4230 snut,
1247 4154 1418 4227 sordibus,
1439 4166 1498 4231 per
1518 4164 1564 4207 re·

454 4256 689 4319 surrectionem
711 4257 742 4318 iu
765 4258 936 4336 pristinum
959 4255 1164 4319 hcntilndinis
1183 4264 1305 4317 statum
1327 4251 1562 4316 reformetur.»

459 4358 494 4420 ln
508 4358 664 4421 Oratione
687 4356 813 4421 lonehri
837 4356 1029 4420 pulcheriae
1049 4357 1135 4439 idem
1155 4356 1277 4438 objicit:
1298 4352 1398 4419 «Nec
1419 4354 1450 4413 in
1467 4346 1564 4411 homi·

418 4476 423 4485 ·
457 4457 550 4521 nibus
570 4457 658 4522 uliud
679 4458 857 4539 quidquam
879 4466 928 4521 est
943 4476 1042 4531 mors,
1064 4460 1122 4521 uisi
1143 4457 1292 4520 chnohtoa
1315 4453 1494 4517 vitiositatis
1511 4465 1565 4509 ea·

458 4561 567 4642 piatio.
594 4560 734 4641 ideoque
755 4578 795 4623 ne
817 4564 848 4623 iu
862 4570 1032 4625 oeternum
1053 4562 1187 4626 duraret
1202 4563 1233 4623 iu
1255 4559 1385 4624 homine
1401 4555 1563 4621 vitiositas,
