<?xml version="1.0" encoding="UTF-8"?>
<!DOCTYPE html PUBLIC "-//W3C//DTD XHTML 1.0 Transitional//EN"
    "http://www.w3.org/TR/xhtml1/DTD/xhtml1-transitional.dtd">
<html xmlns="http://www.w3.org/1999/xhtml" xml:lang="en" lang="en">
 <head>
  <title>
</title>
<meta http-equiv="Content-Type" content="text/html;charset=utf-8" />
  <meta name='ocr-system' content='tesseract 3.04.00' />
  <meta name='ocr-capabilities' content='ocr_page ocr_carea ocr_par ocr_line ocrx_word'/>
</head>
<body>
  <div class='ocr_page' id='page_1' title='image "./insgregoriinyss02vincgoog/insgregoriinyss02vincgoog_0207.png"; bbox 0 0 3375 5567; ppageno 0'>
   <div class='ocr_carea' id='block_1_1' title="bbox 178 681 1267 973">
    <p class='ocr_par' dir='ltr' id='par_1_1' title="bbox 178 681 1267 973">
     <span class='ocr_line' id='line_1_1' title="bbox 182 681 1267 870; baseline 0.001 -20"><span class='ocrx_word' id='word_1_1' title='bbox 182 788 289 868; x_wconf 81' lang='lat' dir='ltr'>quidem</span> <span class='ocrx_word' id='word_1_2' title='bbox 301 788 415 866; x_wconf 90' lang='lat' dir='ltr'>induti,</span> <span class='ocrx_word' id='word_1_3' title='bbox 432 806 495 850; x_wconf 92' lang='lat' dir='ltr'>non</span> <span class='ocrx_word' id='word_1_4' title='bbox 513 787 590 852; x_wconf 80' lang='lat' dir='ltr'>nntli</span> <span class='ocrx_word' id='word_1_5' title='bbox 606 787 818 852; x_wconf 78' lang='lat' dir='ltr'>inveniamur.</span> <span class='ocrx_word' id='word_1_6' title='bbox 837 786 879 852; x_wconf 70' lang='lat' dir='ltr'>tit</span> <span class='ocrx_word' id='word_1_7' title='bbox 890 789 1056 870; x_wconf 82' lang='lat' dir='ltr'>quomodo</span> <span class='ocrx_word' id='word_1_8' title='bbox 1070 789 1159 866; x_wconf 79' lang='lat' dir='ltr'>dte-tt,</span> <span class='ocrx_word' id='word_1_9' title='bbox 1175 681 1267 865; x_wconf 53' lang='lat' dir='ltr'>effi</span> 
     </span>
     <span class='ocr_line' id='line_1_2' title="bbox 178 889 1267 973; baseline -0.005 -18"><span class='ocrx_word' id='word_1_10' title='bbox 178 895 222 973; x_wconf 79' lang='lat' dir='ltr'>pei</span> <span class='ocrx_word' id='word_1_11' title='bbox 239 893 360 956; x_wconf 89' lang='lat' dir='ltr'>indutos</span> <span class='ocrx_word' id='word_1_12' title='bbox 382 899 432 954; x_wconf 90' lang='lat' dir='ltr'>est</span> <span class='ocrx_word' id='word_1_13' title='bbox 452 889 730 971; x_wconf 72' lang='lat' dir='ltr'>incorruptionem</span> <span class='ocrx_word' id='word_1_14' title='bbox 752 899 784 954; x_wconf 91' lang='lat' dir='ltr'>et</span> <span class='ocrx_word' id='word_1_15' title='bbox 806 891 1107 968; x_wconf 83' lang='lat' dir='ltr'>immortalitatem,</span> <span class='ocrx_word' id='word_1_16' title='bbox 1130 890 1267 954; x_wconf 81' lang='lat' dir='ltr'>inveniri</span> 
     </span>
    </p>
   </div>
   <div class='ocr_carea' id='block_1_2' title="bbox 173 985 1268 1380">
    <p class='ocr_par' dir='ltr' id='par_1_2' title="bbox 173 985 1268 1380">
     <span class='ocr_line' id='line_1_3' title="bbox 178 985 1265 1074; baseline -0.001 -18"><span class='ocrx_word' id='word_1_17' title='bbox 178 991 306 1056; x_wconf 84' lang='lat' dir='ltr'>nnduml</span> <span class='ocrx_word' id='word_1_18' title='bbox 325 991 485 1057; x_wconf 75' lang='lat' dir='ltr'>Videlicet</span> <span class='ocrx_word' id='word_1_19' title='bbox 507 994 534 1055; x_wconf 87' lang='lat' dir='ltr'>si</span> <span class='ocrx_word' id='word_1_20' title='bbox 559 992 663 1072; x_wconf 77' lang='lat' dir='ltr'>gloria</span> <span class='ocrx_word' id='word_1_21' title='bbox 686 993 881 1074; x_wconf 77' lang='lat' dir='ltr'><strong>privamur,</strong></span> <span class='ocrx_word' id='word_1_22' title='bbox 907 1001 940 1057; x_wconf 94' lang='lat' dir='ltr'>et</span> <span class='ocrx_word' id='word_1_23' title='bbox 960 992 1077 1056; x_wconf 84' lang='lat' dir='ltr'>lidncir</span> <span class='ocrx_word' id='word_1_24' title='bbox 1098 991 1139 1055; x_wconf 84' lang='lat' dir='ltr'>ad</span> <span class='ocrx_word' id='word_1_25' title='bbox 1161 985 1265 1056; x_wconf 78' lang='lat' dir='ltr'>ileum</span> 
     </span>
     <span class='ocr_line' id='line_1_4' title="bbox 176 1093 1268 1177; baseline 0.004 -21"><span class='ocrx_word' id='word_1_26' title='bbox 176 1095 368 1158; x_wconf 68' lang='lat' dir='ltr'>destituimur.</span> <span class='ocrx_word' id='word_1_27' title='bbox 401 1093 527 1156; x_wconf 78' lang='lat' dir='ltr'>Etenim</span> <span class='ocrx_word' id='word_1_28' title='bbox 550 1102 758 1174; x_wconf 87' lang='lat' dir='ltr'>peecatorum</span> <span class='ocrx_word' id='word_1_29' title='bbox 785 1114 919 1176; x_wconf 81' lang='lat' dir='ltr'>qunque</span> <span class='ocrx_word' id='word_1_30' title='bbox 949 1113 1089 1177; x_wconf 86' lang='lat' dir='ltr'>corpore</span> <span class='ocrx_word' id='word_1_31' title='bbox 1119 1097 1268 1160; x_wconf 88' lang='lat' dir='ltr'>incorru-</span> 
     </span>
     <span class='ocr_line' id='line_1_5' title="bbox 176 1196 1265 1277; baseline 0.003 -20"><span class='ocrx_word' id='word_1_32' title='bbox 176 1197 276 1277; x_wconf 82' lang='lat' dir='ltr'>ptibilia</span> <span class='ocrx_word' id='word_1_33' title='bbox 307 1207 479 1276; x_wconf 77' lang='lat' dir='ltr'>resurgent</span> <span class='ocrx_word' id='word_1_34' title='bbox 506 1208 539 1263; x_wconf 89' lang='lat' dir='ltr'>et</span> <span class='ocrx_word' id='word_1_35' title='bbox 559 1198 777 1261; x_wconf 83' lang='lat' dir='ltr'>immortalia:</span> <span class='ocrx_word' id='word_1_36' title='bbox 805 1196 936 1260; x_wconf 85' lang='lat' dir='ltr'>sedhic</span> <span class='ocrx_word' id='word_1_37' title='bbox 959 1198 1059 1260; x_wconf 76' lang='lat' dir='ltr'>bonor</span> <span class='ocrx_word' id='word_1_38' title='bbox 1088 1197 1265 1262; x_wconf 88' lang='lat' dir='ltr'>lomentum</span> 
     </span>
     <span class='ocr_line' id='line_1_6' title="bbox 173 1298 1264 1380; baseline -0.001 -18"><span class='ocrx_word' id='word_1_39' title='bbox 173 1311 198 1362; x_wconf 90' lang='lat' dir='ltr'>et</span> <span class='ocrx_word' id='word_1_40' title='bbox 215 1299 355 1364; x_wconf 74' lang='lat' dir='ltr'>viaticum</span> <span class='ocrx_word' id='word_1_41' title='bbox 377 1301 479 1380; x_wconf 88' lang='lat' dir='ltr'>ipsius</span> <span class='ocrx_word' id='word_1_42' title='bbox 499 1301 561 1362; x_wconf 90' lang='lat' dir='ltr'>erit</span> <span class='ocrx_word' id='word_1_43' title='bbox 581 1299 816 1379; x_wconf 80' lang='lat' dir='ltr'>suppliciorum</span> <span class='ocrx_word' id='word_1_44' title='bbox 839 1308 872 1361; x_wconf 90' lang='lat' dir='ltr'>et</span> <span class='ocrx_word' id='word_1_45' title='bbox 893 1298 1045 1361; x_wconf 85' lang='lat' dir='ltr'>ultionis:</span> <span class='ocrx_word' id='word_1_46' title='bbox 1068 1299 1264 1378; x_wconf 88' lang='lat' dir='ltr'>incorrupti·</span> 
     </span>
    </p>
   </div>
   <div class='ocr_carea' id='block_1_3' title="bbox 175 1399 1358 1483">
    <p class='ocr_par' dir='ltr' id='par_1_3' title="bbox 175 1399 1358 1483">
     <span class='ocr_line' id='line_1_7' title="bbox 175 1399 1358 1483; baseline 0.004 -23"><span class='ocrx_word' id='word_1_47' title='bbox 175 1401 232 1460; x_wconf 81' lang='lat' dir='ltr'>bilia</span> <span class='ocrx_word' id='word_1_48' title='bbox 250 1404 330 1462; x_wconf 88' lang='lat' dir='ltr'>enim</span> <span class='ocrx_word' id='word_1_49' title='bbox 354 1411 545 1479; x_wconf 77' lang='lat' dir='ltr'>resurgunt,</span> <span class='ocrx_word' id='word_1_50' title='bbox 569 1413 604 1462; x_wconf 94' lang='lat' dir='ltr'>nt</span> <span class='ocrx_word' id='word_1_51' title='bbox 627 1410 768 1463; x_wconf 88' lang='lat' dir='ltr'>urantur</span> <span class='ocrx_word' id='word_1_52' title='bbox 789 1412 959 1481; x_wconf 90' lang='lat' dir='ltr'>perpetuo.</span> <span class='ocrx_word' id='word_1_53' title='bbox 979 1421 996 1457; x_wconf 79' lang='lat' dir='ltr'>e</span> <span class='ocrx_word' id='word_1_54' title='bbox 1018 1399 1070 1463; x_wconf 82' lang='lat' dir='ltr'>Ex</span> <span class='ocrx_word' id='word_1_55' title='bbox 1085 1401 1268 1483; x_wconf 81' lang='lat' dir='ltr'>bocitaque</span> <span class='ocrx_word' id='word_1_56' title='bbox 1351 1434 1358 1446; x_wconf 95' lang='lat'><strong>·</strong></span> 
     </span>
    </p>
   </div>
   <div class='ocr_carea' id='block_1_4' title="bbox 159 1500 1269 3816">
    <p class='ocr_par' dir='ltr' id='par_1_4' title="bbox 168 1500 1268 2088">
     <span class='ocr_line' id='line_1_8' title="bbox 172 1500 1268 1582; baseline 0.002 -18"><span class='ocrx_word' id='word_1_57' title='bbox 172 1500 282 1564; x_wconf 85' lang='lat' dir='ltr'>loannis</span> <span class='ocrx_word' id='word_1_58' title='bbox 315 1521 494 1577; x_wconf 87' lang='lat' dir='ltr'>sermone,</span> <span class='ocrx_word' id='word_1_59' title='bbox 530 1503 708 1565; x_wconf 89' lang='lat' dir='ltr'>bumanom</span> <span class='ocrx_word' id='word_1_60' title='bbox 737 1520 859 1580; x_wconf 87' lang='lat' dir='ltr'>corpus</span> <span class='ocrx_word' id='word_1_61' title='bbox 890 1503 959 1565; x_wconf 80' lang='lat' dir='ltr'>stre</span> <span class='ocrx_word' id='word_1_62' title='bbox 988 1504 1167 1582; x_wconf 88' lang='lat' dir='ltr'>proborum</span> <span class='ocrx_word' id='word_1_63' title='bbox 1198 1505 1268 1567; x_wconf 87' lang='lat' dir='ltr'>site</span> 
     </span>
     <span class='ocr_line' id='line_1_9' title="bbox 173 1603 1267 1684; baseline 0.005 -21"><span class='ocrx_word' id='word_1_64' title='bbox 173 1605 373 1682; x_wconf 88' lang='lat' dir='ltr'>improborum</span> <span class='ocrx_word' id='word_1_65' title='bbox 399 1605 575 1667; x_wconf 76' lang='lat' dir='ltr'>universim</span> <span class='ocrx_word' id='word_1_66' title='bbox 598 1604 638 1664; x_wconf 85' lang='lat' dir='ltr'>ed</span> <span class='ocrx_word' id='word_1_67' title='bbox 660 1603 999 1684; x_wconf 78' lang='lat' dir='ltr'>incorruptibilitatem</span> <span class='ocrx_word' id='word_1_68' title='bbox 1017 1604 1086 1668; x_wconf 88' lang='lat' dir='ltr'>lore</span> <span class='ocrx_word' id='word_1_69' title='bbox 1108 1607 1140 1668; x_wconf 90' lang='lat' dir='ltr'>in</span> <span class='ocrx_word' id='word_1_70' title='bbox 1160 1625 1267 1669; x_wconf 89' lang='lat' dir='ltr'>resur·</span> 
     </span>
     <span class='ocr_line' id='line_1_10' title="bbox 171 1704 1268 1786; baseline 0.005 -20"><span class='ocrx_word' id='word_1_71' title='bbox 171 1708 291 1768; x_wconf 86' lang='lat' dir='ltr'>rectione</span> <span class='ocrx_word' id='word_1_72' title='bbox 307 1707 590 1768; x_wconf 77' lang='lat' dir='ltr'>transmutandum</span> <span class='ocrx_word' id='word_1_73' title='bbox 606 1707 905 1784; x_wconf 77' lang='lat' dir='ltr'>comprehenditur.</span> <span class='ocrx_word' id='word_1_74' title='bbox 923 1704 964 1766; x_wconf 79' lang='lat' dir='ltr'>m</span> <span class='ocrx_word' id='word_1_75' title='bbox 984 1708 1133 1786; x_wconf 73' lang='lat' dir='ltr'>quamtis</span> <span class='ocrx_word' id='word_1_76' title='bbox 1144 1708 1268 1772; x_wconf 88' lang='lat' dir='ltr'>scilicet</span> 
     </span>
     <span class='ocr_line' id='line_1_11' title="bbox 171 1807 1266 1887; baseline 0.005 -20"><span class='ocrx_word' id='word_1_77' title='bbox 171 1807 279 1886; x_wconf 84' lang='lat' dir='ltr'>reprobi</span> <span class='ocrx_word' id='word_1_78' title='bbox 293 1810 356 1870; x_wconf 89' lang='lat' dir='ltr'>sint</span> <span class='ocrx_word' id='word_1_79' title='bbox 370 1808 538 1887; x_wconf 85' lang='lat' dir='ltr'>suppliciis</span> <span class='ocrx_word' id='word_1_80' title='bbox 559 1809 762 1882; x_wconf 83' lang='lat' dir='ltr'>sempiternis</span> <span class='ocrx_word' id='word_1_81' title='bbox 781 1808 972 1885; x_wconf 87' lang='lat' dir='ltr'>tnulctandi;</span> <span class='ocrx_word' id='word_1_82' title='bbox 989 1817 1133 1871; x_wconf 83' lang='lat' dir='ltr'>attamen</span> <span class='ocrx_word' id='word_1_83' title='bbox 1148 1811 1266 1873; x_wconf 86' lang='lat' dir='ltr'>berem</span> 
     </span>
     <span class='ocr_line' id='line_1_12' title="bbox 170 1907 1266 1987; baseline 0.005 -19"><span class='ocrx_word' id='word_1_84' title='bbox 170 1927 268 1987; x_wconf 92' lang='lat' dir='ltr'>corpns</span> <span class='ocrx_word' id='word_1_85' title='bbox 298 1910 425 1971; x_wconf 91' lang='lat' dir='ltr'>bonore</span> <span class='ocrx_word' id='word_1_86' title='bbox 453 1908 707 1970; x_wconf 79' lang='lat' dir='ltr'>immortalitatis</span> <span class='ocrx_word' id='word_1_87' title='bbox 733 1907 970 1971; x_wconf 83' lang='lat' dir='ltr'>cumulandum</span> <span class='ocrx_word' id='word_1_88' title='bbox 998 1911 1062 1972; x_wconf 89' lang='lat' dir='ltr'>erit</span> <span class='ocrx_word' id='word_1_89' title='bbox 1088 1910 1266 1973; x_wconf 89' lang='lat' dir='ltr'>secnodurn</span> 
     </span>
     <span class='ocr_line' id='line_1_13' title="bbox 168 2009 950 2088; baseline 0 -18"><span class='ocrx_word' id='word_1_90' title='bbox 168 2009 294 2088; x_wconf 82' lang='lat' dir='ltr'>tlpnstoli</span> <span class='ocrx_word' id='word_1_91' title='bbox 315 2012 427 2075; x_wconf 87' lang='lat' dir='ltr'>dieta:</span> <span class='ocrx_word' id='word_1_92' title='bbox 448 2029 556 2072; x_wconf 80' lang='lat' dir='ltr'>omnes</span> <span class='ocrx_word' id='word_1_93' title='bbox 574 2021 678 2072; x_wconf 73' lang='lat' dir='ltr'>neutri</span> <span class='ocrx_word' id='word_1_94' title='bbox 699 2009 950 2073; x_wconf 76' lang='lat' dir='ltr'>demutabuntur.</span> 
     </span>
    </p>

    <p class='ocr_par' dir='ltr' id='par_1_5' title="bbox 159 2111 1269 3816">
     <span class='ocr_line' id='line_1_14' title="bbox 231 2111 1266 2195; baseline -0.001 -18"><span class='ocrx_word' id='word_1_95' title='bbox 231 2112 298 2189; x_wconf 85' lang='lat' dir='ltr'>Qua</span> <span class='ocrx_word' id='word_1_96' title='bbox 322 2125 481 2195; x_wconf 88' lang='lat' dir='ltr'>propter,</span> <span class='ocrx_word' id='word_1_97' title='bbox 502 2130 578 2175; x_wconf 88' lang='lat' dir='ltr'>enm</span> <span class='ocrx_word' id='word_1_98' title='bbox 600 2113 642 2173; x_wconf 92' lang='lat' dir='ltr'>ita</span> <span class='ocrx_word' id='word_1_99' title='bbox 664 2111 723 2174; x_wconf 88' lang='lat' dir='ltr'>sibi</span> <span class='ocrx_word' id='word_1_100' title='bbox 747 2112 848 2175; x_wconf 84' lang='lat' dir='ltr'>velint</span> <span class='ocrx_word' id='word_1_101' title='bbox 868 2113 1048 2192; x_wconf 84' lang='lat' dir='ltr'>apostoliea</span> <span class='ocrx_word' id='word_1_102' title='bbox 1072 2114 1169 2176; x_wconf 81' lang='lat' dir='ltr'>rerba</span> <span class='ocrx_word' id='word_1_103' title='bbox 1196 2122 1266 2176; x_wconf 89' lang='lat' dir='ltr'>tum</span> 
     </span>
     <span class='ocr_line' id='line_1_15' title="bbox 168 2213 1264 2294; baseline 0.004 -20"><span class='ocrx_word' id='word_1_104' title='bbox 168 2213 236 2276; x_wconf 85' lang='lat' dir='ltr'>cirea</span> <span class='ocrx_word' id='word_1_105' title='bbox 257 2217 477 2280; x_wconf 84' lang='lat' dir='ltr'>universalem</span> <span class='ocrx_word' id='word_1_106' title='bbox 498 2232 676 2294; x_wconf 89' lang='lat' dir='ltr'>corporum</span> <span class='ocrx_word' id='word_1_107' title='bbox 700 2215 977 2292; x_wconf 76' lang='lat' dir='ltr'>regenerationem</span> <span class='ocrx_word' id='word_1_108' title='bbox 992 2216 1088 2278; x_wconf 89' lang='lat' dir='ltr'>sicuti</span> <span class='ocrx_word' id='word_1_109' title='bbox 1108 2224 1141 2278; x_wconf 89' lang='lat' dir='ltr'>et</span> <span class='ocrx_word' id='word_1_110' title='bbox 1157 2232 1264 2278; x_wconf 83' lang='lat' dir='ltr'>resur·</span> 
     </span>
     <span class='ocr_line' id='line_1_16' title="bbox 169 2313 1265 2395; baseline 0.003 -22"><span class='ocrx_word' id='word_1_111' title='bbox 169 2317 346 2391; x_wconf 85' lang='lat' dir='ltr'>rectionem,</span> <span class='ocrx_word' id='word_1_112' title='bbox 378 2319 410 2380; x_wconf 88' lang='lat' dir='ltr'>in</span> <span class='ocrx_word' id='word_1_113' title='bbox 432 2333 529 2395; x_wconf 87' lang='lat' dir='ltr'>quarn</span> <span class='ocrx_word' id='word_1_114' title='bbox 559 2331 669 2376; x_wconf 86' lang='lat' dir='ltr'>ornnes</span> <span class='ocrx_word' id='word_1_115' title='bbox 691 2313 970 2377; x_wconf 79' lang='lat' dir='ltr'>indiscriminatim</span> <span class='ocrx_word' id='word_1_116' title='bbox 997 2326 1195 2393; x_wconf 86' lang='lat' dir='ltr'>occurrent,</span> <span class='ocrx_word' id='word_1_117' title='bbox 1219 2317 1265 2378; x_wconf 92' lang='lat' dir='ltr'>nti</span> 
     </span>
     <span class='ocr_line' id='line_1_17' title="bbox 165 2415 1269 2498; baseline 0.005 -22"><span class='ocrx_word' id='word_1_118' title='bbox 165 2415 253 2480; x_wconf 82' lang='lat' dir='ltr'>adbuc</span> <span class='ocrx_word' id='word_1_119' title='bbox 272 2417 413 2480; x_wconf 85' lang='lat' dir='ltr'>ostendi:</span> <span class='ocrx_word' id='word_1_120' title='bbox 436 2415 618 2478; x_wconf 85' lang='lat' dir='ltr'>necessario</span> <span class='ocrx_word' id='word_1_121' title='bbox 638 2415 729 2478; x_wconf 89' lang='lat' dir='ltr'>dotes</span> <span class='ocrx_word' id='word_1_122' title='bbox 751 2433 862 2478; x_wconf 87' lang='lat' dir='ltr'>otnnes</span> <span class='ocrx_word' id='word_1_123' title='bbox 882 2415 1006 2496; x_wconf 83' lang='lat' dir='ltr'>abipso</span> <span class='ocrx_word' id='word_1_124' title='bbox 1027 2417 1186 2498; x_wconf 71' lang='lat' dir='ltr'>Apostolo</span> <span class='ocrx_word' id='word_1_125' title='bbox 1204 2437 1269 2481; x_wconf 89' lang='lat' dir='ltr'>rne·</span> 
     </span>
     <span class='ocr_line' id='line_1_18' title="bbox 166 2516 1268 2599; baseline 0.006 -23"><span class='ocrx_word' id='word_1_126' title='bbox 166 2529 300 2593; x_wconf 87' lang='lat' dir='ltr'>moratas,</span> <span class='ocrx_word' id='word_1_127' title='bbox 322 2517 566 2598; x_wconf 78' lang='lat' dir='ltr'>spiritalitatem</span> <span class='ocrx_word' id='word_1_128' title='bbox 588 2533 724 2597; x_wconf 85' lang='lat' dir='ltr'>nempe,</span> <span class='ocrx_word' id='word_1_129' title='bbox 748 2516 951 2593; x_wconf 83' lang='lat' dir='ltr'>elnritetetn,</span> <span class='ocrx_word' id='word_1_130' title='bbox 980 2518 1268 2599; x_wconf 80' lang='lat' dir='ltr'>incorruptibilita-</span> 
     </span>
     <span class='ocr_line' id='line_1_19' title="bbox 164 2619 1265 2701; baseline 0.005 -23"><span class='ocrx_word' id='word_1_131' title='bbox 164 2624 225 2693; x_wconf 85' lang='lat' dir='ltr'>tem,</span> <span class='ocrx_word' id='word_1_132' title='bbox 245 2620 464 2700; x_wconf 85' lang='lat' dir='ltr'>coelestisqne</span> <span class='ocrx_word' id='word_1_133' title='bbox 485 2619 668 2698; x_wconf 73' lang='lat' dir='ltr'>imaginem,</span> <span class='ocrx_word' id='word_1_134' title='bbox 695 2619 829 2698; x_wconf 88' lang='lat' dir='ltr'>corpori</span> <span class='ocrx_word' id='word_1_135' title='bbox 852 2628 1083 2683; x_wconf 87' lang='lat' dir='ltr'>resurrecturo</span> <span class='ocrx_word' id='word_1_136' title='bbox 1104 2623 1265 2701; x_wconf 83' lang='lat' dir='ltr'>propriae,</span> 
     </span>
     <span class='ocr_line' id='line_1_20' title="bbox 164 2718 1267 2796; baseline 0.006 -18"><span class='ocrx_word' id='word_1_137' title='bbox 164 2737 223 2782; x_wconf 88' lang='lat' dir='ltr'>cnm</span> <span class='ocrx_word' id='word_1_138' title='bbox 236 2721 275 2781; x_wconf 82' lang='lat' dir='ltr'>ab</span> <span class='ocrx_word' id='word_1_139' title='bbox 296 2722 461 2784; x_wconf 84' lang='lat' dir='ltr'>boeststn</span> <span class='ocrx_word' id='word_1_140' title='bbox 482 2719 522 2782; x_wconf 89' lang='lat' dir='ltr'>ad</span> <span class='ocrx_word' id='word_1_141' title='bbox 539 2720 640 2782; x_wconf 84' lang='lat' dir='ltr'>elinur</span> <span class='ocrx_word' id='word_1_142' title='bbox 666 2718 934 2784; x_wconf 84' lang='lat' dir='ltr'>translorntatum</span> <span class='ocrx_word' id='word_1_143' title='bbox 952 2721 1063 2796; x_wconf 85' lang='lat' dir='ltr'>luerit,</span> <span class='ocrx_word' id='word_1_144' title='bbox 1085 2722 1141 2784; x_wconf 84' lang='lat' dir='ltr'>bas</span> <span class='ocrx_word' id='word_1_145' title='bbox 1154 2740 1267 2786; x_wconf 89' lang='lat' dir='ltr'>omnes</span> 
     </span>
     <span class='ocr_line' id='line_1_21' title="bbox 162 2817 1266 2903; baseline 0.007 -25"><span class='ocrx_word' id='word_1_146' title='bbox 162 2817 219 2883; x_wconf 88' lang='lat' dir='ltr'>dieo</span> <span class='ocrx_word' id='word_1_147' title='bbox 232 2824 408 2901; x_wconf 82' lang='lat' dir='ltr'>qualitates</span> <span class='ocrx_word' id='word_1_148' title='bbox 424 2823 546 2899; x_wconf 87' lang='lat' dir='ltr'>pariter</span> <span class='ocrx_word' id='word_1_149' title='bbox 566 2829 701 2885; x_wconf 86' lang='lat' dir='ltr'>cunctos</span> <span class='ocrx_word' id='word_1_150' title='bbox 716 2821 836 2900; x_wconf 87' lang='lat' dir='ltr'>probos</span> <span class='ocrx_word' id='word_1_151' title='bbox 859 2830 891 2884; x_wconf 89' lang='lat' dir='ltr'>et</span> <span class='ocrx_word' id='word_1_152' title='bbox 904 2822 1063 2901; x_wconf 85' lang='lat' dir='ltr'>reprobos</span> <span class='ocrx_word' id='word_1_153' title='bbox 1078 2823 1109 2884; x_wconf 89' lang='lat' dir='ltr'>in</span> <span class='ocrx_word' id='word_1_154' title='bbox 1125 2841 1266 2903; x_wconf 89' lang='lat' dir='ltr'>corpore</span> 
     </span>
     <span class='ocr_line' id='line_1_22' title="bbox 162 2919 1265 3003; baseline 0.006 -24"><span class='ocrx_word' id='word_1_155' title='bbox 162 2937 209 2982; x_wconf 90' lang='lat' dir='ltr'>suo</span> <span class='ocrx_word' id='word_1_156' title='bbox 229 2934 457 3002; x_wconf 83' lang='lat' dir='ltr'>resumpturos</span> <span class='ocrx_word' id='word_1_157' title='bbox 477 2921 684 2986; x_wconf 89' lang='lat' dir='ltr'>statuendum</span> <span class='ocrx_word' id='word_1_158' title='bbox 708 2932 766 2984; x_wconf 90' lang='lat' dir='ltr'>est.</span> <span class='ocrx_word' id='word_1_159' title='bbox 794 2919 837 2984; x_wconf 82' lang='lat' dir='ltr'>Et</span> <span class='ocrx_word' id='word_1_160' title='bbox 858 2921 990 3001; x_wconf 88' lang='lat' dir='ltr'>quidem</span> <span class='ocrx_word' id='word_1_161' title='bbox 1011 2923 1055 2984; x_wconf 93' lang='lat' dir='ltr'>ob</span> <span class='ocrx_word' id='word_1_162' title='bbox 1079 2922 1265 3003; x_wconf 80' lang='lat' dir='ltr'>hujusmodi</span> 
     </span>
     <span class='ocr_line' id='line_1_23' title="bbox 162 3021 1266 3104; baseline 0.006 -23"><span class='ocrx_word' id='word_1_163' title='bbox 162 3021 249 3100; x_wconf 90' lang='lat' dir='ltr'>dotes,</span> <span class='ocrx_word' id='word_1_164' title='bbox 265 3030 324 3090; x_wconf 85' lang='lat' dir='ltr'>etsi</span> <span class='ocrx_word' id='word_1_165' title='bbox 348 3026 411 3088; x_wconf 91' lang='lat' dir='ltr'>sub</span> <span class='ocrx_word' id='word_1_166' title='bbox 431 3026 503 3089; x_wconf 87' lang='lat' dir='ltr'>aliis</span> <span class='ocrx_word' id='word_1_167' title='bbox 524 3025 706 3088; x_wconf 84' lang='lat' dir='ltr'>nominibus</span> <span class='ocrx_word' id='word_1_168' title='bbox 729 3027 799 3104; x_wconf 88' lang='lat' dir='ltr'>pari</span> <span class='ocrx_word' id='word_1_169' title='bbox 817 3033 923 3086; x_wconf 87' lang='lat' dir='ltr'>tamen</span> <span class='ocrx_word' id='word_1_170' title='bbox 944 3023 1176 3104; x_wconf 74' lang='lat' dir='ltr'>significatione</span> <span class='ocrx_word' id='word_1_171' title='bbox 1192 3042 1266 3088; x_wconf 88' lang='lat' dir='ltr'>mn·</span> 
     </span>
     <span class='ocr_line' id='line_1_24' title="bbox 162 3121 1263 3207; baseline 0.008 -27"><span class='ocrx_word' id='word_1_172' title='bbox 162 3121 238 3196; x_wconf 83' lang='lat' dir='ltr'>nitas,</span> <span class='ocrx_word' id='word_1_173' title='bbox 259 3123 416 3190; x_wconf 80' lang='lat' dir='ltr'>bonitatis</span> <span class='ocrx_word' id='word_1_174' title='bbox 436 3125 588 3189; x_wconf 89' lang='lat' dir='ltr'>nimirum</span> <span class='ocrx_word' id='word_1_175' title='bbox 598 3121 870 3205; x_wconf 76' lang='lat' dir='ltr'>petedrttectints,</span> <span class='ocrx_word' id='word_1_176' title='bbox 883 3123 1117 3207; x_wconf 79' lang='lat' dir='ltr'>npntibt&#39;it&#39;tntr&#39;s,</span> <span class='ocrx_word' id='word_1_177' title='bbox 1133 3124 1263 3203; x_wconf 76' lang='lat' dir='ltr'>decoris,</span> 
     </span>
     <span class='ocr_line' id='line_1_25' title="bbox 159 3223 1264 3311; baseline 0.003 -23"><span class='ocrx_word' id='word_1_178' title='bbox 159 3227 360 3304; x_wconf 74' lang='lat' dir='ltr'>perfectionis,</span> <span class='ocrx_word' id='word_1_179' title='bbox 383 3223 511 3289; x_wconf 81' lang='lat' dir='ltr'>dicione</span> <span class='ocrx_word' id='word_1_180' title='bbox 530 3223 683 3306; x_wconf 84' lang='lat' dir='ltr'>imnpirtir</span> <span class='ocrx_word' id='word_1_181' title='bbox 697 3244 714 3288; x_wconf 89' lang='lat' dir='ltr'>a</span> <span class='ocrx_word' id='word_1_182' title='bbox 729 3226 883 3305; x_wconf 87' lang='lat' dir='ltr'>praelatis</span> <span class='ocrx_word' id='word_1_183' title='bbox 903 3225 1044 3306; x_wconf 78' lang='lat' dir='ltr'>Origene</span> <span class='ocrx_word' id='word_1_184' title='bbox 1065 3235 1098 3290; x_wconf 89' lang='lat' dir='ltr'>et</span> <span class='ocrx_word' id='word_1_185' title='bbox 1118 3225 1264 3311; x_wconf 74' lang='lat' dir='ltr'>Npsseno</span> 
     </span>
     <span class='ocr_line' id='line_1_26' title="bbox 161 3324 1263 3407; baseline 0.008 -25"><span class='ocrx_word' id='word_1_186' title='bbox 161 3327 411 3404; x_wconf 86' lang='lat' dir='ltr'>comprehensas,</span> <span class='ocrx_word' id='word_1_187' title='bbox 422 3336 456 3390; x_wconf 89' lang='lat' dir='ltr'>et</span> <span class='ocrx_word' id='word_1_188' title='bbox 470 3327 659 3407; x_wconf 88' lang='lat' dir='ltr'>praesertim</span> <span class='ocrx_word' id='word_1_189' title='bbox 681 3326 724 3389; x_wconf 92' lang='lat' dir='ltr'>ob</span> <span class='ocrx_word' id='word_1_190' title='bbox 739 3328 824 3390; x_wconf 90' lang='lat' dir='ltr'>istud</span> <span class='ocrx_word' id='word_1_191' title='bbox 847 3324 1051 3388; x_wconf 79' lang='lat' dir='ltr'>beatitudinis</span> <span class='ocrx_word' id='word_1_192' title='bbox 1068 3328 1263 3391; x_wconf 77' lang='lat' dir='ltr'>vocabulum</span> 
     </span>
     <span class='ocr_line' id='line_1_27' title="bbox 163 3423 1263 3509; baseline 0.005 -23"><span class='ocrx_word' id='word_1_193' title='bbox 163 3423 251 3502; x_wconf 79' lang='lat' dir='ltr'>(quod</span> <span class='ocrx_word' id='word_1_194' title='bbox 273 3429 357 3490; x_wconf 90' lang='lat' dir='ltr'>nibil</span> <span class='ocrx_word' id='word_1_195' title='bbox 378 3445 551 3492; x_wconf 86' lang='lat' dir='ltr'>commune</span> <span class='ocrx_word' id='word_1_196' title='bbox 573 3427 669 3490; x_wconf 85' lang='lat' dir='ltr'>habet</span> <span class='ocrx_word' id='word_1_197' title='bbox 690 3445 765 3491; x_wconf 87' lang='lat' dir='ltr'>curn</span> <span class='ocrx_word' id='word_1_198' title='bbox 790 3426 1010 3502; x_wconf 81' lang='lat' dir='ltr'>beatitudine,</span> <span class='ocrx_word' id='word_1_199' title='bbox 1040 3446 1105 3509; x_wconf 84' lang='lat' dir='ltr'>qun</span> <span class='ocrx_word' id='word_1_200' title='bbox 1127 3429 1263 3492; x_wconf 87' lang='lat' dir='ltr'>iruitnri</span> 
     </span>
     <span class='ocr_line' id='line_1_28' title="bbox 159 3527 1262 3608; baseline 0.006 -24"><span class='ocrx_word' id='word_1_201' title='bbox 159 3536 220 3587; x_wconf 88' lang='lat' dir='ltr'>runt</span> <span class='ocrx_word' id='word_1_202' title='bbox 240 3531 334 3608; x_wconf 91' lang='lat' dir='ltr'>probi</span> <span class='ocrx_word' id='word_1_203' title='bbox 359 3530 390 3591; x_wconf 92' lang='lat' dir='ltr'>in</span> <span class='ocrx_word' id='word_1_204' title='bbox 412 3529 546 3592; x_wconf 90' lang='lat' dir='ltr'>coelesti</span> <span class='ocrx_word' id='word_1_205' title='bbox 566 3527 682 3608; x_wconf 73' lang='lat' dir='ltr'>glorie)</span> <span class='ocrx_word' id='word_1_206' title='bbox 712 3528 756 3591; x_wconf 82' lang='lat' dir='ltr'>ite</span> <span class='ocrx_word' id='word_1_207' title='bbox 778 3527 890 3592; x_wconf 85' lang='lat' dir='ltr'>ollensi</span> <span class='ocrx_word' id='word_1_208' title='bbox 910 3536 987 3592; x_wconf 89' lang='lat' dir='ltr'>snnt</span> <span class='ocrx_word' id='word_1_209' title='bbox 1008 3533 1142 3607; x_wconf 85' lang='lat' dir='ltr'>posteri,</span> <span class='ocrx_word' id='word_1_210' title='bbox 1165 3541 1203 3595; x_wconf 91' lang='lat' dir='ltr'>nt</span> <span class='ocrx_word' id='word_1_211' title='bbox 1222 3532 1262 3592; x_wconf 84' lang='lat' dir='ltr'>ad</span> 
     </span>
     <span class='ocr_line' id='line_1_29' title="bbox 162 3623 1261 3710; baseline 0.01 -24"><span class='ocrx_word' id='word_1_212' title='bbox 162 3623 228 3690; x_wconf 84' lang='lat' dir='ltr'>banc</span> <span class='ocrx_word' id='word_1_213' title='bbox 256 3649 364 3710; x_wconf 88' lang='lat' dir='ltr'>usqne</span> <span class='ocrx_word' id='word_1_214' title='bbox 385 3629 470 3694; x_wconf 88' lang='lat' dir='ltr'>dietn</span> <span class='ocrx_word' id='word_1_215' title='bbox 499 3631 752 3694; x_wconf 78' lang='lat' dir='ltr'>existimarinta</span> <span class='ocrx_word' id='word_1_216' title='bbox 779 3635 867 3692; x_wconf 84' lang='lat' dir='ltr'>reela</span> <span class='ocrx_word' id='word_1_217' title='bbox 894 3628 968 3694; x_wconf 88' lang='lat' dir='ltr'>lidei</span> <span class='ocrx_word' id='word_1_218' title='bbox 994 3630 1109 3710; x_wconf 75' lang='lat' dir='ltr'>repula</span> <span class='ocrx_word' id='word_1_219' title='bbox 1132 3631 1261 3697; x_wconf 81' lang='lat' dir='ltr'>eosdem</span> 
     </span>
     <span class='ocr_line' id='line_1_30' title="bbox 161 3725 815 3816; baseline 0.006 -28"><span class='ocrx_word' id='word_1_220' title='bbox 161 3725 330 3798; x_wconf 78' lang='lat' dir='ltr'>ducitisse:</span> <span class='ocrx_word' id='word_1_221' title='bbox 354 3733 444 3816; x_wconf 87' lang='lat' dir='ltr'>quod</span> <span class='ocrx_word' id='word_1_222' title='bbox 466 3735 593 3815; x_wconf 85' lang='lat' dir='ltr'>penitus</span> <span class='ocrx_word' id='word_1_223' title='bbox 616 3731 734 3796; x_wconf 86' lang='lat' dir='ltr'>inlsurn</span> <span class='ocrx_word' id='word_1_224' title='bbox 756 3733 815 3795; x_wconf 86' lang='lat' dir='ltr'>est.</span> 
     </span>
    </p>
   </div>
   <div class='ocr_carea' id='block_1_5' title="bbox 0 0 1692 5567">
    <p class='ocr_par' dir='ltr' id='par_1_6' title="bbox 0 0 1692 5567">
     <span class='ocr_line' id='line_1_31' title="bbox 0 0 1692 5567; baseline 0 7"><span class='ocrx_word' id='word_1_225' title='bbox 0 0 1692 5567; x_wconf 95' lang='lat' dir='ltr'> </span> 
     </span>
    </p>
   </div>
  </div>
 </body>
</html>
