3375 5567
446 770 480 827 et
500 762 569 845 ipse
584 763 772 850 Pamphilus
793 772 919 849 martyr
933 784 975 831 ex
996 765 1110 832 endem
1130 766 1248 833 Psalmi
1263 767 1535 836 commentariolo

445 866 632 931 stimonium
655 867 730 932 tulit
750 869 790 931 ad
813 869 926 933 mentis
946 870 1046 949 ipsius
1067 867 1217 952 Origenis
1246 872 1461 937 rectitudinem
1477 890 1538 936 coo·

448 974 497 1029 trs
512 975 719 1034 accusatores
738 989 817 1036 snos
831 972 1104 1053 comprobandam
1120 975 1207 1038 circa
1222 973 1317 1038 tidem
1331 975 1370 1039 dc
1390 975 1464 1038 reali
1481 992 1539 1038 cor-

446 1068 535 1147 poris
555 1071 657 1133 nostrl
673 1073 923 1137 resurrectione.
941 1072 983 1139 Et
1000 1091 1114 1139 revera
1128 1075 1275 1157 quisquis
1297 1082 1397 1140 totam
1417 1074 1539 1156 perlege·

449 1168 492 1232 rit
512 1167 697 1237 adamantii
718 1172 961 1252 discussionem,
992 1176 1089 1239 aliter
1108 1177 1219 1257 nequit
1240 1177 1438 1258 excogitare,
1459 1194 1539 1257 qoam

447 1289 532 1352 quae
559 1272 681 1354 ubique
701 1273 813 1340 docuit
842 1282 876 1340 et
894 1277 993 1343 sensit
1016 1278 1113 1360 juxte
1137 1285 1279 1343 veterem
1305 1274 1466 1343 Ecclesiae
1490 1285 1541 1339 tra·

446 1370 611 1437 ditionem.

300 1517 306 1528 .
434 1511 436 1514 -
527 1472 680 1539 Attamen
699 1476 798 1542 silere
818 1478 908 1558 nolo,
931 1477 1049 1543 ibidem
1070 1477 1229 1558 quaedam
1251 1478 1373 1556 notari,
1391 1477 1473 1541 unde
1492 1476 1544 1539 ior·

450 1580 533 1639 tasse
554 1576 692 1656 praelati
724 1576 837 1643 Patres
856 1580 1010 1662 suspicati
1039 1588 1116 1643 sont
1136 1580 1176 1644 de
1199 1578 1352 1661 Origenis
1373 1578 1454 1659 lide;
1474 1594 1543 1658 quae

447 1673 520 1739 ideo
535 1676 668 1741 lectoris
687 1680 879 1746 commendo
893 1681 1153 1746 considerationi.
1166 1680 1256 1746 llaec
1276 1700 1377 1762 porro
1391 1682 1433 1745 ita
1447 1700 1478 1745 se
1496 1680 1542 1743 dr·

447 1775 524 1839 liant
539 1776 636 1858 juxta
651 1782 878 1861 graecanicum
896 1791 1021 1848 textum
1043 1802 1084 1847 ex
1100 1780 1282 1865 Epiphanio
1295 1782 1338 1847 do
1359 1780 1486 1847 Haeresi
1503 1776 1544 1849 fil.

446 1896 477 1941 u.
497 1876 558 1945 152
580 1880 637 1943 dor
657 1891 761 1947 autem
780 1880 865 1957 dieo,
885 1885 1023 1966 srmrcs,
1044 1882 1196 1968 quonium
1216 1904 1293 1949 coro
1313 1894 1344 1948 st
1364 1882 1490 1964 sospois
1506 1900 1545 1943 re·

445 1998 544 2061 paam
564 1979 621 2045 Dei
632 1982 790 2063 possidere
805 1996 973 2069 morunt,
995 2005 1094 2068 nepae
1108 1984 1271 2066 corruptio
1283 1982 1545 2067 incorruptionem.

447 2080 495 2146 Ea
518 2084 616 2147 verba
635 2088 787 2167 superins
800 2090 1064 2169 explanavimus,
1077 2106 1116 2152 ac
1130 2105 1193 2151 una
1214 2104 1347 2151 sensum
1363 2086 1545 2175 prodidimus

444 2182 595 2265 origenis
626 2205 686 2253 nec
715 2207 777 2253 non
797 2191 940 2254 aliorum
972 2194 1199 2272 interpretum.
1232 2186 1463 2253 Verumtamen
1482 2185 1547 2249 haee

448 2284 546 2361 dicta,
570 2288 618 2351 uti
633 2289 790 2369 leguntur
809 2290 895 2370 apud
912 2288 1142 2372 Epiphaniam,
1159 2292 1203 2353 its
1219 2288 1365 2371 explicat
1387 2288 1546 2370 Origenes:

440 2404 467 2443 a
481 2379 574 2466 Ἰσως
601 2383 662 2479 μὲν
683 2385 748 2484 pap*
768 2385 862 2460 ἔσται
891 2381 962 2489 arpi
984 2386 1042 2457 τοῦ
1064 2381 1123 2458 τόν
1155 2383 1249 2481 ἅγιον
1270 2384 1547 2488 διακρατούμειιι,

439 2476 508 2553 dni
528 2485 587 2556 rio
610 2485 827 2573 ldsororedro‘g
860 2512 934 2559 ποτε
955 2485 1017 2569 τήν
1049 2486 1168 2587 σάρκα,
1191 2485 1276 2589 σάρξ
1298 2482 1336 2559 δι’
1357 2484 1471 2571 buter,
1489 2484 1546 2556 ἀλλ’

447 2584 520 2689 ὅπερ
534 2584 607 2661 rori
626 2590 902 2698 ἔχαρακιηρίξετο
923 2590 958 2663 lo
972 2591 1017 2674 τῆ
1035 2586 1145 2693 σαρκὶ,
1164 2594 1258 2663 τοῦτο
1276 2588 1549 2696 χαρακτηριθήσι-

443 2716 501 2764 ται
524 2694 557 2764 ἐν
579 2696 624 2793 τῷ
645 2699 851 2796 πνευματικῷ
870 2694 1014 2793 σώματι.
1038 2696 1127 2763 llaec
1153 2700 1251 2765 rerba
1276 2698 1451 2787 Dionysius
1472 2698 1547 2761 Petr-

450 2796 535 2874 vins,
557 2816 631 2862 cnm
651 2799 728 2884 juro
747 2805 932 2883 suspicatus
945 2804 987 2866 sit
1006 2802 1039 2863 in
1060 2800 1180 2866 eisdem
1192 2800 1368 2883 quamdam
1389 2798 1549 2880 subrepsis-

446 2916 483 2962 se
503 2904 769 2983 corruptionem,
791 2904 838 2967 sic
861 2904 977 2967 vertite
1001 2924 1018 2962 ι
1040 2901 1109 2967 Etsi
1129 2903 1215 2967 enim
1246 2903 1387 2967 tortasse
1411 2900 1548 2965 eximium

447 3000 602 3080 quiddam
630 3014 818 3068 sanctorum
840 3004 972 3087 corpori
1003 3004 1211 3068 tribuendum
1233 3004 1314 3080 orit,
1348 3008 1387 3068 ut
1408 3000 1439 3065 id
1459 2998 1549 3064 menis

449 3104 516 3183 ipsa
533 3108 713 3185 proprietas
734 3114 916 3183 conservet,
940 3124 1018 3170 caro
1035 3115 1141 3169 tamen
1162 3105 1302 3189 amplius
1318 3124 1384 3171 non
1405 3105 1484 3185 erit3
1504 3100 1548 3165 sed

447 3206 535 3286 qnod
557 3208 713 3284 incarne,
733 3208 824 3271 velot
839 3209 971 3288 propria
993 3208 1154 3289 quaedam
1169 3215 1244 3270 nota
1266 3214 1338 3271 erat
1360 3207 1549 3289 impressum,

448 3308 510 3372 tsoc
530 3308 614 3372 idem
636 3310 667 3371 in
687 3310 825 3390 spiritali
847 3328 986 3391 corporo
1006 3308 1259 3390 consignandum
1281 3310 1355 3372 erit.
1380 3328 1398 3367 s
1452 3306 1455 3314 '

527 3410 655 3476 Tulerit
674 3431 794 3477 nee-ne
816 3422 973 3492 punctum
995 3411 1147 3475 Petarius
1168 3412 1199 3473 in
1217 3428 1255 3473 ea
1279 3412 1428 3473 versione
1442 3408 1549 3483 nescio;

447 3518 480 3574 et
501 3512 577 3575 item
595 3531 672 3576 num
695 3517 864 3594 perspicua
882 3514 925 3577 ibi
946 3512 1096 3593 Origenis
1112 3529 1200 3575 mens
1221 3510 1458 3587 manifestetur,
1474 3509 1549 3590 qun·

449 3629 514 3692 qne
532 3612 647 3676 rideat.
669 3612 803 3678 Certum
820 3623 925 3678 tamen
937 3623 997 3690 est,
1014 3614 1118 3677 dicta:
1135 3630 1209 3677 roro
1223 3623 1327 3675 tomen
1341 3610 1551 3693 ampliositas

447 3711 522 3789 erit,
533 3715 818 3796 absolutesumpta
832 3720 890 3780 toti
912 3718 1075 3779 contraire
1089 3714 1237 3795 Origenis
1254 3714 1426 3779 locutioni.
1440 3712 1553 3779 Auctor

448 3817 533 3877 enim
555 3817 586 3877 io
607 3816 738 3895 praevia
759 3816 904 3896 ejusdem
931 3816 1048 3879 Psalmi
1071 3816 1291 3891 discussione,
1314 3815 1411 3879 sicuti
1443 3814 1551 3892 ubique

444 3918 474 3980 ei
495 3917 668 3996 contigerit
684 3917 723 3980 do
746 3920 984 3981 resurreetione
1005 3917 1110 3997 loqui,
1126 3916 1166 3979 ab
1187 3916 1316 3979 homine
1332 3924 1553 3980 resurrecturo

446 4036 576 4081 carnem
597 4018 746 4091 solidam,
768 4020 836 4082 sive
858 4038 977 4100 corpus
992 4016 1145 4080 membris
1167 4024 1372 4097 compactum
1396 4030 1551 4095 nunqnam

446 4120 597 4183 exclusit.
621 4116 883 4196 Tantummodo,
907 4120 953 4184 uti
975 4121 1095 4199 cuique
1117 4128 1205 4200 patet
1232 4118 1332 4197 ipsius
1352 4117 1473 4198 legenti
1493 4134 1550 4179 ser·

447 4237 570 4293 mones,
584 4219 681 4282 docet
700 4220 782 4284 hanc
796 4222 919 4303 peccati
935 4238 1077 4294 earnem,
1092 4219 1172 4282 idest
1185 4236 1306 4297 corpus
1320 4216 1551 4280 infirmitatibus

446 4318 624 4383 obnoxium
647 4320 733 4383 hand
755 4320 976 4399 excitandum
991 4320 1059 4394 sed,
1085 4318 1185 4382 relnti
1207 4319 1253 4379 ait
1268 4314 1459 4395 apostotus,
1477 4314 1550 4377 idom

444 4424 605 4501 eorpusin
622 4422 754 4497 virtute,
766 4422 798 4484 in
814 4422 1191 4501 incorruptionesurpet,
1208 4418 1308 4496 ipsius
1322 4418 1455 4482 cloelia
1472 4416 1552 4479 mali·

448 4522 490 4585 tia
512 4522 681 4599 dissoluta,
706 4530 742 4587 nt
763 4524 796 4586 in
815 4534 985 4619 aeternum
1015 4526 1111 4591 vivat.
1135 4520 1175 4587 Et
1198 4523 1260 4587 hoc
1283 4520 1382 4603 paulo
1402 4530 1475 4586 aute
1495 4528 1550 4583 sta·
