3375 5567
443 784 471 848 st
495 781 626 849 relinet.
654 779 689 844 lu
711 781 773 847 lese
786 787 898 847 sutem
917 782 1064 865 suijuris
1083 782 1266 849 conditione
1282 785 1397 866 positos
1413 786 1528 851 leusrr·

447 885 582 949 tiouales
601 884 767 962 essentias,
787 884 919 965 angelos
938 884 1038 949 simul
1058 891 1091 948 et
1112 884 1256 949 homiues
1285 886 1531 967 comprehendas

442 986 614 1068 Origenes,
630 996 699 1051 tum
713 1004 790 1052 eum
811 988 912 1052 oresti
928 987 1061 1064 luerint,
1082 987 1142 1062 ait,
1162 988 1189 1050 si
1205 987 1237 1050 iu
1254 986 1394 1052 bonitate
1406 1006 1530 1069 permen·

442 1090 579 1167 sissent,
600 1098 678 1155 tune
707 1090 740 1153 iu
761 1089 959 1155 beatitudine
990 1087 1060 1153 lore
1071 1108 1084 1169 3
1105 1089 1204 1153 aliter
1222 1089 1249 1153 si
1271 1089 1475 1171 neglexissent
1497 1112 1531 1157 er

442 1192 598 1273 propriae
620 1192 797 1257 voluntatis
819 1192 911 1264 vitio,
924 1189 966 1254 ab
989 1190 1088 1273 hujus
1108 1191 1182 1255 nont
1204 1192 1444 1274 participatione
1461 1193 1534 1257 delr-

443 1310 540 1375 pses:
562 1294 696 1359 enideo
718 1310 820 1375 prope
851 1292 1012 1375 uniusque
1035 1302 1184 1359 motuum
1215 1295 1247 1357 iu
1278 1294 1401 1359 mulum
1421 1294 1534 1359 diversi·

445 1404 558 1473 tatem,
580 1405 614 1461 et
634 1398 710 1461 ltine
729 1396 873 1459 malitiae
894 1396 1143 1471 incrementum,
1165 1395 1209 1460 ita
1230 1412 1290 1478 pre
1305 1396 1426 1461 meritis
1439 1396 1534 1461 suisin

440 1497 600 1581 judicium
623 1495 681 1562 Dei
701 1498 908 1562 adducendos
931 1496 1039 1562 luisse.

520 1598 556 1663 ld
577 1604 689 1663 sutem
711 1599 911 1665 manilestlus
931 1600 963 1663 iu
985 1619 1013 1663 e.
1040 1597 1078 1663 V.
1102 1599 1309 1680 preenedentl
1331 1618 1362 1663 n.
1383 1597 1413 1664 1.
1443 1598 1535 1680 esple-

440 1702 530 1765 navit
549 1700 718 1783 Origenes,
741 1702 797 1765 ulti
817 1702 984 1783 speciatim
1006 1701 1046 1765 de
1068 1700 1187 1781 triplici
1210 1700 1448 1765 rationabilium
1461 1716 1536 1765 eree·

443 1811 595 1867 tursrum
625 1819 744 1883 genere
764 1800 913 1866 disserit:
937 1822 955 1863 s
978 1801 1054 1866 Post
1074 1819 1159 1877 eum,
1187 1801 1304 1882 inquit,
1332 1800 1537 1866 dissertionem

442 1921 542 1982 quam
562 1902 603 1966 de
624 1902 735 1979 Patre,
757 1914 791 1967 et
812 1900 897 1966 Filio
917 1913 950 1968 et
968 1901 1093 1983 Spiritu
1115 1900 1244 1978 Sauete,
1267 1911 1425 1983 qusntum
1450 1901 1537 1964 velui-

441 2024 527 2082 mus,
550 2005 695 2069 breviter
715 2005 918 2086 digessimus,
941 2022 1139 2085 consequeus
1171 2012 1231 2080 est,
1253 2006 1350 2068 etiam
1371 2002 1412 2067 de
1432 2002 1538 2066 naturis

442 2105 704 2184 rationabilibus,
720 2124 760 2171 ae
772 2106 813 2171 de
827 2106 997 2189 speciebus
1011 2124 1125 2171 eurum
1146 2114 1179 2171 et
1194 2105 1364 2172 ordinibus
1379 2104 1429 2169 vel
1442 2102 1536 2169 odietis

443 2217 507 2272 tsm
529 2217 729 2282 sanctarum,
743 2227 842 2289 quem
864 2210 960 2271 etiam
976 2208 1192 2289 malignarum
1209 2208 1383 2283 virtutum,
1398 2206 1450 2271 sed
1470 2203 1539 2269 etde

443 2309 505 2387 luis,
520 2312 577 2392 qui
591 2312 676 2373 iuter
689 2309 748 2373 has
762 2310 862 2373 bonus
876 2315 909 2373 et
926 2308 1027 2373 mulus
1049 2310 1143 2373 medii
1162 2309 1293 2392 quidem
1314 2317 1394 2375 snut
1406 2306 1540 2373 etudine

443 2414 476 2475 in
496 2427 600 2493 egem
626 2418 728 2492 etque
750 2414 785 2476 iu
809 2412 987 2477 eertamiun
1009 2412 1102 2495 positi
1124 2427 1228 2493 panea
1250 2411 1457 2476 disserere.»
1486 2406 1539 2486 Qui

443 2513 559 2595 utique
579 2513 724 2577 homiues
743 2518 820 2578 suut
842 2498 978 2578 seorsim
1007 2530 1024 2577 u
1048 2514 1165 2578 sanetis
1188 2513 1366 2579 virtutibus
1396 2511 1473 2575 idest
1488 2510 1540 2589 spi·

443 2614 559 2680 ritibus
578 2615 786 2693 coelestibus,
807 2622 841 2680 et
861 2632 880 2681 u
902 2615 1049 2696 malignis
1070 2615 1300 2697 poteststibus,
1323 2632 1410 2695 quae
1430 2612 1542 2677 daemu-

441 2734 498 2781 ues
525 2723 611 2781 sunt.
634 2714 786 2795 Quorum
805 2718 998 2798 augelorum
1025 2715 1149 2781 scilieet
1177 2723 1210 2780 et
1230 2716 1425 2781 daemonum
1448 2710 1541 2778 eondi-

443 2817 489 2881 tin
505 2816 574 2899 jam
594 2818 627 2880 iu
648 2817 733 2881 boue
754 2834 814 2899 pro
834 2818 960 2899 primis,
974 2836 1033 2883 seu
1048 2818 1079 2881 iu
1100 2817 1189 2881 melo
1209 2834 1270 2898 pre
1290 2816 1452 2895 secundis,
1467 2811 1540 2877 need

440 2917 581 2999 emplius
602 2919 725 2983 mutsri
747 2920 882 2999 peterit,
903 2918 1039 2982 illorum
1052 2918 1084 2981 ln
1104 2917 1204 2982 enelis
1218 2934 1294 2982 eum
1314 2914 1386 2981 Deo
1400 2920 1542 2999 perpetuu

440 3020 656 3097 manentium,
678 3026 711 3083 et
732 3018 852 3083 uorum
873 3018 959 3101 upud
981 3020 1102 3084 interos
1122 3020 1154 3083 iu
1175 3018 1410 3099 sempiternum
1440 3030 1543 3080 exeru-

440 3120 653 3201 elsndernm3
674 3136 751 3184 eum
773 3120 906 3184 tertium
938 3119 1148 3187 rationalium
1178 3138 1278 3201 genus
1300 3118 1383 3185 idest
1412 3116 1542 3183 homiues

442 3224 647 3288 econtrario
667 3220 747 3285 dieit
766 3221 874 3287 adhue
895 3222 927 3285 iu
947 3240 1049 3303 egone
1071 3220 1277 3286 ennteudere.

520 3323 696 3406 Postquam
718 3341 799 3388 sero
817 3324 859 3386 de
880 3323 1000 3406 tripliei
1021 3324 1229 3389 rationalium
1251 3331 1481 3388 ereaturarum
1500 3332 1544 3398 ge

442 3442 521 3491 nese
539 3426 637 3490 simul
656 3433 788 3506 sumpto
807 3422 941 3491 loeutus
962 3432 1011 3491 est
1030 3424 1199 3506 Origenes,
1220 3426 1396 3506 separatim
1418 3424 1457 3487 de
1476 3436 1545 3485 uun·

444 3544 577 3609 qunque
587 3544 708 3609 genere
729 3529 844 3591 transit
864 3528 1082 3604 disserturus,
1105 3526 1263 3606 inprime
1291 3525 1368 3590 loeo
1396 3523 1547 3589 eolleeans

447 3628 584 3690 virtutes
604 3626 776 3708 angelieas.
799 3626 843 3692 Et
871 3628 934 3692 hoe
957 3625 1190 3693 enimadrertlt
1214 3627 1248 3689 iu
1273 3626 1431 3707 praeludis
1454 3620 1547 3687 serbis

441 3744 549 3808 super
567 3728 630 3792 sul>
649 3746 788 3793 numere
807 3730 914 3809 primo
934 3730 1066 3794 notetis:
1087 3746 1127 3791 en
1146 3728 1196 3792 dir
1215 3744 1305 3805 enne,
1325 3725 1386 3809 pud
1406 3724 1443 3789 s'n
1462 3718 1548 3785 ittet·

439 3824 522 3890 nitio
541 3827 621 3893 idest
639 3828 720 3891 dono
739 3837 803 3893 ete.
827 3830 883 3893 unt
903 3830 972 3912 ipse
991 3837 1025 3894 et
1044 3831 1076 3893 iu
1099 3829 1310 3912 sequentibus
1330 3828 1477 3891 diversos
1500 3839 1549 3885 nu·

440 3929 591 4010 gelorum
611 3930 741 3995 ordines
755 3929 912 4011 destgust,
929 3930 1030 3995 veluti
1045 3929 1190 4011 quotidie
1207 3932 1240 3994 in
1255 3928 1403 3994 Eeelesla
1416 3926 1546 3991 canitur.

437 4027 558 4111 angeli,
573 4027 774 4110 arctonque,
787 4029 908 4105 tironi,
919 4028 1138 4112 prinolputse,
1146 4036 1313 4110 potestates
1326 4038 1385 4091 eto.
1407 4024 1549 4103 Quorum

439 4129 590 4194 ordinum
611 4130 708 4193 etiam
729 4127 834 4194 odleia
855 4138 889 4194 et
910 4146 1043 4194 munere
1064 4130 1244 4210 distinguit,
1266 4148 1325 4195 nee
1348 4146 1413 4193 nou
1427 4124 1547 4197 merite,

436 4230 525 4295 uude
543 4230 578 4294 ln
591 4227 649 4295 liei
670 4231 951 4312 participationem
971 4231 1049 4296 eluti
1072 4231 1194 4297 iueriut
1213 4247 1258 4295 ex
1277 4248 1387 4311 aeque
1407 4225 1546 4311 ejusdem

440 4328 501 4395 liei
510 4330 645 4413 iudicio.
668 4329 704 4395 lu
717 4350 782 4414 qna
803 4333 1006 4415 expositione
1019 4332 1112 4412 uiuit,
1135 4332 1194 4399 uisi
1210 4331 1299 4415 quod
1314 4324 1545 4397 Catholiesdn-

440 4439 493 4496 eet
512 4429 671 4512 Eeolesis,
692 4432 910 4500 edtureuitur.
