3375 5567
176 835 201 889 et
216 828 369 892 insolitum
382 844 511 909 eorpus
533 833 690 909 reciptet,
712 830 832 893 hebens
852 828 969 911 utique
989 827 1066 910 quid
1089 844 1262 893 eommuue

173 930 267 993 mteris
286 930 489 1005 hominihus,
512 950 579 1011 qno
599 950 676 997 curn
697 932 746 994 his
769 932 891 995 versari
913 932 1034 1011 pneeit;
1056 947 1095 993 an
1125 932 1258 1010 iusuper

171 1028 324 1109 quidquam
354 1034 453 1095 etiam
476 1032 711 1101 excellentius,
732 1041 770 1095 ut
792 1050 808 1093 e
831 1032 953 1094 malitia
976 1032 1129 1094 immunis
1154 1031 1259 1094 anima

171 1148 359 1208 perseverare
379 1130 506 1211 possit?
526 1132 622 1209 Quod
650 1134 676 1195 si
697 1150 831 1212 qnoque
861 1141 1011 1207 teneant,
1031 1148 1117 1212 quae
1148 1130 1261 1196 dieunt

172 1230 419 1314 lhysingnnmiei,
441 1252 584 1315 corpora
603 1235 709 1297 omnin
731 1238 857 1298 animae
879 1234 1024 1298 moribus
1044 1252 1115 1297 esse
1133 1249 1261 1297 annoru-

170 1335 296 1397 undatn:
312 1352 417 1415 qnare
439 1337 498 1417 ipsi
518 1337 656 1411 animae,
679 1354 764 1416 qnae
785 1336 978 1399 mirabiliter
996 1336 1027 1397 in
1046 1336 1107 1399 hae
1130 1333 1193 1397 vita
1213 1351 1267 1415 pe-

169 1436 352 1514 regrinatura
374 1445 462 1512 erut,
483 1446 516 1500 et
537 1436 695 1516 magnalia
719 1446 907 1515 patratore,
929 1456 1049 1517 eorpus
1070 1434 1140 1499 heri
1161 1454 1262 1517 opor·

169 1536 239 1598 tehat
257 1538 331 1612 tale,
355 1538 458 1618 qnod,
479 1548 516 1601 ut
535 1541 690 1616 opinatur
710 1536 835 1613 Celsus,
852 1558 893 1601 ex
911 1535 1090 1600 Pantherue
1109 1548 1144 1600 et
1158 1534 1264 1615 Virgi-

167 1636 205 1699 nis
228 1638 389 1701 adulterio
409 1648 520 1702 natum
552 1638 691 1702 inisset?
712 1638 795 1703 Sane
824 1658 865 1701 ex
889 1639 951 1702 hon
977 1637 1141 1716 impudien
1173 1638 1262 1701 onitu

94 1767 96 1774 s
169 1736 320 1814 prodiisset
342 1740 450 1822 potins
470 1740 600 1802 insanus
622 1740 805 1819 quispiam,
826 1740 994 1804 hominum
1016 1739 1198 1819 pernicies,
1220 1738 1266 1799 iu·

167 1842 383 1919 temperantiae
407 1850 441 1904 et
473 1841 650 1923 injustitiae
679 1841 952 1921 reliquorumque
981 1841 1135 1903 vitiorum
1166 1839 1267 1919 magi·

95 1957 96 1960 ¹
167 1950 233 2015 ster,
243 1958 343 2021 quam
356 1944 598 2025 temperantiae,
608 1942 755 2023 justitiae
769 1952 1020 2022 ceterarumque
1035 1941 1195 2004 virtulum
1210 1939 1266 2003 do

166 2049 273 2103 nint.»

234 2140 282 2205 lix
305 2144 357 2207 his
387 2142 536 2205 omnibns
563 2143 651 2206 elere
677 2154 786 2224 patet,
808 2141 982 2224 Origenem
1009 2161 1072 2207 uon
1101 2142 1263 2209 exanimi

94 2263 96 2320 g
165 2243 206 2305 sui
222 2262 316 2309 seusu
340 2243 426 2307 Celsi
448 2245 661 2323 blasphemias
684 2246 857 2313 eonlntnre
868 2266 880 2324 3
902 2246 1081 2326 quinimmo
1105 2264 1146 2309 ex
1172 2262 1263 2324 grae·

95 2333 96 2340 '
165 2345 258 2409 eunica
279 2346 486 2428 philosophie
506 2356 581 2424 apta
603 2348 734 2427 quaerit
753 2356 866 2409 eontra
889 2346 1039 2409 eumdem
1068 2345 1267 2419 testimonia,

94 2473 95 2488 t
164 2448 277 2529 etipse
296 2468 336 2512 se
355 2466 417 2511 suo
439 2465 595 2511 mnnrnue
615 2448 754 2528 contigat
774 2448 978 2512 ethnicorum
999 2449 1173 2528 sapientiae
1198 2456 1266 2511 etu-

163 2547 240 2629 deum
261 2568 341 2614 eum
361 2551 437 2613 hine
456 2550 604 2613 ostendat
619 2550 842 2629 Adamantius,
865 2569 950 2631 qnae
969 2560 1082 2613 eontra
1097 2548 1177 2613 lesu
1193 2565 1267 2629 por-

164 2660 306 2715 tentosam
339 2653 538 2715 nativitatem
560 2653 670 2733 inique
693 2661 922 2732 compegerunt
943 2651 1055 2716 Celsus
1077 2651 1266 2730 ceterique,

164 2752 330 2828 mendacia,
345 2770 386 2815 nu
400 2772 441 2815 ex
456 2752 619 2817 enmmnui
635 2754 764 2833 quidem
781 2771 974 2832 graecorum
995 2753 1195 2832 philosophia
1213 2750 1268 2815 ad·

163 2854 232 2916 mitti
262 2872 372 2934 posse.
396 2852 438 2916 tte
468 2861 534 2917 tota
557 2855 635 2918 haee
656 2863 705 2919 est
724 2853 874 2934 Origenis
903 2855 1168 2934 argumentatio,
1191 2852 1270 2932 quin

163 2952 225 3017 inde
244 2955 328 3019 nihil
350 2972 393 3017 ex
413 2973 472 3018 sua
495 2966 602 3019 mente
623 2976 684 3037 pro
705 2956 891 3037 hujusmodi
915 2954 1095 3018 manifestet
1115 2954 1272 3033 opinioni·

162 3054 222 3129 lus,
237 3074 297 3119 nee
318 3058 407 3120 eirea
421 3055 502 3119 lesu
522 3059 673 3129 unimam,
690 3074 796 3138 neque
816 3057 857 3118 de
872 3058 987 3120 esteris
1011 3056 1186 3118 universim
1201 3056 1271 3117 nui·

165 3157 267 3220 mahus
285 3158 384 3239 juxta
402 3173 480 3237 saga
497 3159 665 3237 gentilium
679 3161 818 3222 iuventa.
836 3156 968 3221 Falsum
984 3158 1086 3235 igitur
1108 3163 1167 3227 est,
1184 3154 1270 3234 quod

95 3291 96 3296 κ
164 3256 421 3333 putatlluetins:
446 3259 595 3323 «ibidem
620 3258 794 3340 Origenem
815 3258 950 3321 disserte
973 3259 1154 3337 opinionem
1177 3274 1270 3321 susm

163 3372 338 3438 proponere
359 3358 445 3422 elren
459 3359 584 3423 amimae
605 3358 726 3423 Christi
742 3359 1036 3439 praeexistentiam.
1054 3378 1070 3415 n

229 3457 321 3522 Nihil
351 3461 474 3539 puriter
502 3461 542 3524 de
571 3460 683 3524 eadem
712 3479 746 3524 re
773 3458 906 3541 Origeui
928 3460 1020 3523 obest
1041 3459 1128 3540 qnod
1158 3458 1271 3523 scribit

164 3552 256 3622 'lomn
280 3559 305 3622 Ι.
326 3560 365 3623 iu
383 3558 538 3624 Ioannem
552 3582 583 3624 n.
605 3561 645 3627 nt
659 3563 756 3643 euius
776 3580 888 3627 sensns
903 3580 945 3626 ux
966 3578 1083 3641 graeco
1100 3562 1143 3624 ita
1164 3562 1271 3625 seha·

165 3658 222 3720 belz
244 3681 263 3720 r
283 3663 347 3727 Sed
368 3671 402 3725 et
424 3666 485 3739 sir,
508 3674 639 3744 praeter
658 3666 733 3738 ista,
746 3664 869 3743 legitur
888 3674 960 3743 post
979 3662 1137 3727 loannem
1155 3672 1270 3727 ventu·

164 3776 222 3835 rus,
244 3771 321 3824 ante
342 3764 449 3842 ipsum
471 3762 588 3839 laetus,
610 3774 644 3825 et
663 3770 737 3825 aute
758 3781 832 3826 eum
848 3764 1000 3835 existens,
1024 3756 1270 3827 utndooeemnr

163 3861 250 3925 etiam
274 3863 439 3925 hominem
463 3861 621 3939 tetthen,
638 3864 957 3944 divinitatieJ'nsdem
973 3862 1270 3941 Deienmmistnm,

161 3964 371 4044 antiquiorem
392 3984 461 4027 esse
481 3967 650 4028 nativitato
668 3985 711 4028 ex
727 3963 851 4029 Maria:
865 3964 987 4041 »Quae
1005 3966 1103 4029 rerhn
1126 3984 1168 4028 ex
1184 3966 1274 4029 theo·

163 4059 260 4140 logion
282 4064 477 4127 discretione
498 4065 675 4144 uuicuique
697 4066 791 4146 plane
804 4066 994 4139 obveniunt,
1017 4068 1095 4145 quin
1114 4067 1274 4129 ulteriore

163 4164 386 4242 esplauetinue
406 4182 489 4244 opus
508 4168 559 4229 sit.

233 4264 394 4330 Similiter
406 4267 576 4329 dicendum
590 4274 639 4329 est
656 4264 697 4327 de
713 4268 894 4330 testimonio
909 4266 1055 4331 toenites
1078 4285 1175 4347 mone
1191 4266 1274 4331 enim

161 4382 178 4423 s
191 4371 368 4447 memetipso
380 4368 466 4439 oeni,
482 4368 533 4432 sed
548 4367 605 4430 itte
624 4385 670 4429 me
685 4365 793 4441 misi&
808 4369 863 4432 uhi
874 4370 1030 4449 Origenes
1042 4366 1145 4431 Temo
1156 4366 1225 4431 tttt.
1241 4369 1272 4430 in

163 4468 306 4531 eumdem
322 4487 356 4531 u.
373 4467 424 4535 17.
447 4470 504 4532 nit:
517 4467 613 4533 «Neo
633 4470 891 4549 praetereundus
912 4476 960 4533 est
972 4470 1066 4533 loeus
1081 4470 1203 4550 absque
1224 4471 1271 4533 in·

165 4564 273 4648 dagine
295 4571 334 4635 de
354 4589 504 4660 seruspue
523 4572 664 4635 animae:
688 4589 761 4635 naut
779 4571 923 4636 fortassis
945 4569 1024 4636 lusu
1039 4572 1143 4637 anima
1167 4572 1197 4634 in
1212 4590 1269 4635 sna
