3375 5567
470 720 555 772 xxm

464 824 703 922 pretationes,
729 822 1004 920 corruptiones,
1033 822 1266 909 falsationes,
1295 823 1526 922 interpolatio-

466 975 546 1034 nes,
578 950 625 1025 ab
653 949 800 1036 invidia,
819 972 840 1023 a
860 950 998 1024 malitia
1027 949 1245 1035 elaboratas,
1273 962 1311 1024 et
1337 950 1383 1025 ab
1409 952 1482 1026 odio
1499 952 1527 1025 in

464 1078 594 1175 dogma
632 1077 850 1182 catholicum
879 1092 918 1153 et
945 1078 981 1151 in
1009 1079 1171 1171 ejusdem
1208 1077 1433 1153 defensorem
1462 1078 1530 1153 Ori-

464 1227 609 1303 genem.
628 1202 789 1295 Quarum
807 1204 1041 1281 falsationum
1060 1216 1260 1281 structores
1279 1219 1379 1281 tanta
1399 1206 1529 1303 parlldia

467 1347 506 1409 et
533 1334 653 1409 studio
679 1346 856 1431 egerunt,
884 1345 942 1419 ut,
971 1334 1127 1410 alterum
1151 1333 1369 1409 Pericrcbcn
1395 1335 1531 1429 impium

464 1483 556 1560 opus
574 1460 833 1557 gnosticorum,
853 1461 889 1534 in
918 1461 1048 1558 quibus
1072 1461 1305 1536 marcionitae
1325 1460 1531 1541 eminebant,

465 1601 505 1663 et
531 1587 686 1663 alterum
716 1587 882 1685 Origenis
909 1588 1116 1674 orthodoxi,
1143 1588 1215 1663 duo
1242 1586 1425 1661 volumina
1452 1586 1532 1661 inter

464 1738 505 1791 sc
529 1726 699 1801 auctore,
727 1713 798 1787 ilde
831 1728 870 1788 et
898 1736 1008 1813 scopo
1037 1712 1325 1789 substantialiter
1352 1726 1455 1787 antea
1488 1712 1533 1784 di·

389 1886 393 1890 ·
463 1843 608 1928 stincta,
628 1842 719 1917 adeo
745 1843 918 1939 deinceps
944 1842 1185 1929 confuderint,
1206 1853 1247 1915 ut
1273 1863 1387 1915 unum
1408 1840 1532 1914 ridere·

464 1984 524 2046 tor
556 1983 594 2044 et
621 1971 727 2045 unius
754 1970 913 2046 auctoris
936 1994 1042 2067 opus.

568 2097 668 2171 lstod
693 2111 832 2182 autern,
852 2097 887 2170 ni
908 2095 1027 2183 fallor,
1049 2120 1092 2172 ac
1113 2119 1184 2171 una
1204 2095 1409 2172 illusionem
1428 2116 1532 2175 snam,

462 2246 533 2321 qua
552 2236 682 2320 captus
701 2238 772 2308 est,
798 2223 941 2299 videtur
969 2223 1170 2321 significare
1190 2244 1221 2296 s.
1241 2218 1437 2319 Gregorius
1455 2218 1534 2315 Nys-

463 2374 573 2427 senus
608 2354 792 2447 (cetarum
817 2351 853 2424 in
883 2349 963 2425 eliis
992 2350 1093 2426 valde
1135 2350 1288 2423 miratus
1326 2344 1532 2445 origenem)

464 2480 500 2555 in
520 2472 631 2554 038.
656 2478 706 2554 Dc
733 2479 885 2554 bominis
903 2479 1053 2578 opificio,
1072 2478 1264 2581 inquiens:
1298 2504 1315 2547 o
1339 2475 1393 2551 Ac
1415 2476 1535 2551 fortas

463 2631 503 2683 se
535 2607 692 2684 alienum
722 2630 793 2682 non
822 2620 880 2682 est
907 2608 1163 2704 disputationis
1188 2620 1333 2681 nostrae
1360 2602 1535 2703 proposito

462 2736 498 2810 id
526 2738 744 2834 expendere,
769 2735 863 2845 quod
893 2736 930 2808 in
958 2733 1123 2809 ecclesiis
1146 2734 1191 2809 de
1214 2734 1333 2807 anima
1359 2746 1399 2807 et
1426 2754 1536 2829 corpo

460 2884 501 2936 re
528 2876 801 2939 controversum
827 2878 898 2938 est.
922 2861 1111 2939 Nonnullis
1144 2863 1240 2937 enim
1267 2877 1351 2936 ante
1383 2885 1462 2946 nos,
1483 2858 1535 2956 qui

463 2983 535 3090 περὶ
557 2990 617 3061 τῶν
639 2985 751 3089 ἀρχῶν
773 2988 868 3084 λόγον
894 2989 944 3065 De
968 2990 1159 3090 Principiis
1187 2988 1401 3065 Tractatum
1427 2988 1537 3065 edide-

461 3114 655 3212 repleret
682 3116 823 3191 animas
854 3119 966 3195 veluti
989 3119 1182 3217 quemdam
1209 3116 1381 3216 populum
1404 3118 1439 3191 in
1464 3138 1538 3215 pro·

462 3243 540 3342 pria
565 3243 654 3319 urbe
683 3257 768 3320 ante
797 3245 1028 3322 substitisse:
1057 3260 1166 3344 atque
1195 3245 1243 3321 ibi
1272 3269 1353 3321 csse
1383 3243 1539 3343 proposi-

463 3385 499 3445 ta
520 3374 687 3473 exempla
712 3386 790 3448 tum
811 3374 970 3459 uirtutis,
999 3388 1077 3450 tum
1097 3375 1257 3450 malitiae
1269 3395 1282 3461 ;
1296 3396 1452 3472 eamque
1470 3371 1540 3445 ani·

463 3522 584 3584 mam,
612 3524 705 3596 quae
746 3501 780 3573 in
825 3502 959 3575 virtute
991 3516 1030 3577 et
1058 3502 1248 3575 honestate
1282 3497 1538 3597 permanserit,

360 3714 366 3725 ,
462 3648 692 3723 congressam
721 3640 760 3701 et
788 3626 1094 3703 conflictationem
1121 3629 1282 3727 corporis
1307 3628 1458 3701 ininimc
1482 3647 1541 3697 ex-

463 3750 652 3847 periri-Si
684 3775 813 3828 veroa
849 3752 934 3827 boni
971 3753 1248 3851 participatione
1276 3752 1485 3833 deduxerit,
1509 3748 1540 3821 in

463 3875 557 3950 banc
583 3878 695 3952 vitam
714 3878 834 3953 delabi
853 3879 976 3976 sicque
1004 3902 1084 3955 esse
1114 3880 1148 3953 in
1169 3903 1319 3977 corpore
1333 3932 1457 3951 .....
1478 3872 1540 3964 Qui

385 4082 395 4091 ‚
464 4016 606 4101 partem
648 4007 805 4104 priorem
842 4004 1064 4095 deiendunt3
1096 4021 1135 4082 et
1166 4006 1430 4106 rempublicam
1467 4004 1542 4077 ani-

464 4154 607 4207 morum
631 4134 825 4232 quamdam
857 4134 1015 4231 priorem
1046 4136 1118 4209 rita
1151 4150 1273 4209 nostra
1307 4134 1341 4208 in
1375 4152 1539 4230 corpore,

464 4261 713 4349 constituunt3
742 4262 829 4335 mibi
858 4262 1003 4358 quidem
1036 4286 1056 4335 a
1089 4262 1309 4359 graecanicis
1342 4259 1412 4335 illis
1440 4258 1542 4335 disei-

463 4387 573 4483 plinis
608 4387 797 4463 bominum
824 4386 1009 4463 doctrinae
1041 4388 1204 4463 ueritatis
1237 4388 1445 4485 ignarorum
1475 4386 1541 4457 im·

466 4535 595 4627 munes
622 4538 703 4591 esse
733 4536 803 4589 non
834 4513 1013 4591 ridentur.
1043 4513 1111 4604 Qui
1136 4514 1278 4611 fabulas
1305 4514 1480 4613 quasdam
1500 4507 1541 4583 de
