3375 5567
182 822 302 886 renisnb
325 818 419 897 Quod
440 822 467 884 si
488 822 530 883 ita
552 827 613 897 est,
629 819 691 883 erit
713 820 903 902 urgentiam
926 820 1011 884 inter
1024 820 1156 901 angelos
1171 829 1203 884 ei
1218 822 1276 884 bo·

180 928 263 987 mines
275 924 432 1005 iudicium
454 920 512 985 Dei
527 930 588 986 eie.
606 942 623 979 o
641 920 675 984 in
696 942 764 1004 quo
784 942 934 987 sermone
954 922 1142 987 luculenter
1165 922 1275 985 distin·

177 1028 275 1107 guitur
286 1025 476 1107 angelornm
491 1026 665 1107 spirituum
681 1024 872 1089 coelestium
887 1025 1101 1089 ministerium
1116 1024 1157 1089 ab
1175 1024 1277 1088 bomi-

178 1149 244 1193 nnm
259 1129 451 1202 conditione,
466 1145 609 1209 quorum
624 1129 682 1209 ipsi
695 1146 810 1191 curam
826 1136 952 1207 gerunt.
969 1124 1061 1203 Quos
1074 1126 1205 1208 quidem
1222 1126 1279 1189 bo·

178 1236 276 1307 mines,
291 1251 353 1294 non
369 1231 500 1312 angelos
521 1230 689 1305 coelestes,
713 1229 889 1311 injudicio
915 1228 1008 1292 docei
1031 1228 1208 1308 puniendos
1238 1228 1279 1289 ob

175 1335 319 1413 ignasiam
341 1333 373 1396 io
395 1332 618 1414 respondendo
635 1332 826 1412 angelorum
847 1330 1037 1394 eorumdem
1057 1329 1156 1393 curis.

242 1434 365 1500 Verum
390 1435 490 1515 panio
515 1433 648 1515 posted
671 1434 838 1514 episcopos
867 1432 979 1495 retulit
1003 1432 1064 1494 boo
1091 1448 1207 1493 nomen
1233 1428 1278 1493 in·

174 1540 293 1617 quiens:
317 1560 335 1597 a
358 1537 504 1610 Interim,
525 1546 563 1599 ut
584 1536 693 1599 dicere
714 1553 939 1616 coeperamus,
959 1533 1101 1597 oderunt
1121 1540 1153 1597 et
1172 1533 1275 1615 angeli

98 1661 99 1678 ÷
172 1639 329 1717 primitias,
353 1639 591 1718 unnsquisque,
615 1638 727 1713 eredo,
750 1639 852 1717 gentis
873 1654 964 1709 snae,
987 1644 1019 1699 et
1039 1653 1155 1699 rursus
1178 1653 1277 1699 unns·

171 1742 295 1821 quisque
316 1739 473 1803 ecelesiae
493 1757 584 1803 suae.
601 1736 728 1815 Quibus
749 1738 871 1819 angelis
886 1744 918 1801 ei
933 1736 1072 1803 loannes
1095 1738 1126 1799 in
1148 1736 1274 1818 Apoca-

169 1840 241 1921 lypsi
260 1840 406 1904 scribere
429 1838 571 1912 ridetur,
593 1857 634 1900 er
656 1856 687 1919 g.
706 1838 831 1919 bugeio
862 1838 1019 1903 ecciesiae
1040 1839 1271 1920 ephesiorum,

171 1941 214 2003 rel
231 1941 483 2022 smyrnensium,
507 1939 558 2002 rel
581 1938 827 2015 laodicensium,
852 1940 1072 2018 aliarumque,
1095 1955 1181 2020 quae
1198 1940 1277 2001 scri·

170 2050 232 2120 ptse
249 2049 339 2105 suni.
357 2040 465 2105 Odert
477 2058 556 2121 ergo
572 2041 796 2121 unusquisque
817 2040 1008 2120 angelorum
1031 2039 1203 2119 primitias,
1220 2039 1271 2101 vel

168 2141 323 2213 ecciesiae,
348 2141 402 2203 rel
424 2142 524 2219 gentis
537 2158 629 2217 snae,
647 2159 733 2221 quae
751 2141 780 2203 ei
795 2140 1004 2222 dispensanda
1027 2142 1194 2205 commissa
1210 2153 1269 2206 ost.

167 2238 223 2304 bnt
235 2242 320 2305 iorte
336 2248 372 2304 et
392 2241 447 2303 alii
462 2241 662 2305 extrinsecus
684 2241 789 2321 augeli
803 2252 892 2317 suot,
906 2244 962 2322 qni
978 2260 1020 2305 ex
1035 2242 1184 2306 omnibus
1200 2260 1275 2323 gen·

168 2344 237 2406 tibus
264 2344 382 2407 fideles
403 2361 536 2425 quoque
557 2351 764 2423 congregent.
799 2340 841 2405 Et
862 2344 1103 2409 consideremus
1125 2363 1164 2408 ne
1188 2344 1290 2409 iorie.

165 2448 236 2510 sicot
256 2447 289 2509 in
320 2446 437 2527 aliqua
459 2463 511 2509 ex.
533 2461 563 2524 g.
587 2444 742 2519 civitate,
765 2443 821 2507 nbi
851 2445 994 2508 nondum
1015 2444 1181 2510 christiani
1207 2446 1272 2521 nati

167 2557 239 2621 sont,
259 2548 287 2611 si
309 2546 447 2609 recedat
466 2546 597 2625 aliquis,
613 2552 647 2607 et
661 2545 779 2607 docere
794 2544 938 2625 incipiat,
961 2544 1101 2622 laboret,
1119 2547 1269 2623 instruat,

165 2648 291 2712 adducat
310 2648 356 2710 nd
378 2646 487 2725 iidem;
510 2655 542 2708 et
563 2646 630 2726 ipse
646 2646 853 2726 postmodum
875 2647 925 2722 iis,
942 2664 1026 2727 quos
1047 2646 1170 2724 docuit,
1187 2650 1274 2729 prin·

94 2769 95 2772 ¹
166 2768 226 2827 ceps
245 2759 278 2813 et
299 2752 476 2829 episcopus
495 2750 549 2813 sit:
573 2750 616 2811 ita
639 2749 734 2809 etiam
755 2749 857 2809 saneti
879 2750 983 2829 angeli
1005 2766 1134 2825 eorum,
1158 2766 1273 2831 quoae

166 2850 285 2915 dirersis
307 2851 461 2932 gentibus
482 2850 763 2931 congregaverint,
780 2859 813 2913 et
832 2850 946 2915 labore
960 2869 1021 2915 suo
1041 2868 1080 2914 oc
1096 2852 1272 2917 ministerio

165 2953 309 3031 proficere
333 2952 465 3028 iecerit,
486 2952 544 3033 ipsi
566 2971 682 3017 eorum
703 2953 799 3015 etiam
822 2954 854 3015 in
871 2952 986 3017 iuturo
1008 2954 1166 3034 principes
1181 2954 1271 3035 fiant;

163 3064 188 3115 et
203 3054 353 3119 cbristus
374 3072 438 3117 non
459 3062 523 3117 tam
547 3074 606 3119 rex
627 3055 767 3132 dicatur,
789 3070 888 3136 qnam
911 3072 970 3118 rex
993 3072 1130 3133 regum,
1153 3062 1186 3118 ei
1206 3074 1269 3121 non

165 3164 218 3217 trm
237 3154 411 3231 Dominus,
427 3175 525 3237 quatu
547 3155 703 3221 Dominus
723 3157 957 3219 dominantium
978 3166 1040 3220 etc.
1056 3176 1072 3213 o
1088 3154 1113 3219 t:
1128 3175 1191 3237 qno
1214 3178 1272 3221 ex·

166 3260 308 3333 positione
322 3268 452 3322 consini
465 3260 506 3321 ab
518 3258 657 3340 Origene
673 3260 735 3323 boc
753 3260 859 3340 angeli
875 3276 991 3321 nomen
1007 3257 1175 3321 transferri
1189 3278 1271 3340 qno·

165 3374 217 3437 qne
235 3361 274 3423 ad
299 3362 449 3425 homines
470 3370 503 3423 et
524 3360 654 3441 quidem
676 3360 716 3422 ad
747 3362 938 3441 episcopos,
960 3358 1116 3439 singulari
1138 3359 1271 3439 privile·

164 3459 241 3535 gina
263 3460 334 3527 Deo
364 3470 496 3524 rocetos
517 3462 698 3526 animorum
730 3468 923 3535 curatores,
947 3462 994 3525 uti
1017 3459 1271 3523 manifestissime

164 3559 338 3630 decirraiur
359 3585 402 3627 ex
418 3562 552 3629 Joannis
573 3563 765 3638 testimonia,
786 3562 956 3625 scribentis
974 3560 1013 3624 nd
1029 3562 1173 3642 angelos,
1187 3561 1269 3623 idest

164 3663 314 3747 episcopos
345 3667 559 3732 ecclesiarum
592 3665 709 3729 Asiae:
735 3664 836 3729 veluti
869 3665 900 3727 io
930 3660 1196 3743 praecedentibus
1218 3661 1264 3725 di·

164 3769 237 3829 tium
257 3778 318 3833 est.
