3375 5567
238 751 289 816 lix
305 753 376 828 bis,
400 751 544 832 iuquam,
568 752 617 816 nti
643 769 685 815 er
707 751 861 832 praelatis
882 751 917 816 in
936 766 966 814 n.
982 747 1013 816 1.
1026 765 1104 818 cum
1128 748 1269 818 iturum

162 854 284 934 aliique
295 853 371 916 alibi
385 854 547 918 librorum
556 853 705 934 Origenis
716 872 779 919 non
791 856 983 933 repererint,
992 875 1060 938 qno
1075 855 1139 918 bon
1148 855 1272 923 imbus

162 960 193 1020 in
213 978 252 1020 se
269 956 445 1022 admissum
465 959 675 1034 deducerent,
697 959 818 1039 opinati
837 967 915 1022 sunt
933 961 1013 1023 bino·
1029 959 1122 1022 illurn
1145 975 1272 1038 reapse,

158 1060 294 1140 juveniti
315 1067 483 1124 aestuante
502 1069 622 1136 aetate,
644 1062 675 1122 id
698 1071 900 1141 perpetrasse
908 1081 920 1140 3
941 1079 981 1124 ac
998 1069 1104 1124 tamea
1118 1067 1274 1126 munin-

162 1163 229 1224 rius
249 1162 419 1242 pensitato,
440 1170 475 1225 et
496 1162 799 1239 reprehensionibus
819 1164 952 1239 auditis,
973 1162 1048 1231 inuti
1063 1160 1272 1243 pneumon,

162 1273 353 1344 ceterosque
373 1264 516 1342 amplius
535 1264 576 1326 ab
597 1283 637 1333 co
657 1266 826 1328 moises.
950 1293 954 1320 ι

239 1363 308 1429 Noa
319 1375 442 1442 autern,
457 1376 686 1447 praeterquam
704 1366 798 1430 ratde
808 1365 1021 1430 dubitenlnm
1034 1384 1106 1430 sna
1120 1372 1272 1448 putemus

163 1466 200 1530 de
220 1465 370 1547 Origenis
390 1469 617 1543 eunuchisrno,
637 1486 695 1532 seu
717 1469 757 1530 de
774 1468 992 1532 rma-dorum
1005 1485 1148 1532 snorum
1157 1466 1274 1532 abacis·

164 1569 265 1643 sione,
287 1569 458 1650 adjicimus
478 1587 518 1632 nc
544 1588 586 1633 ex
607 1569 707 1632 citato
725 1587 874 1633 sermono
900 1569 1029 1650 quidem
1055 1568 1181 1634 adstrui
1204 1586 1277 1649 pos·

163 1687 207 1731 sc.
226 1667 352 1734 Citatus
373 1689 513 1750 namque
533 1688 668 1749 graecus
691 1679 799 1734 textus
822 1688 884 1732 nou
910 1671 968 1732 nisi
990 1678 1146 1734 retortam
1172 1673 1277 1737 conti·

164 1777 216 1832 uet
227 1773 358 1850 genuini
378 1790 490 1835 sensns
510 1773 744 1852 expositionem
759 1773 791 1834 iu
811 1782 920 1836 tatere
940 1771 1038 1834 latinu
1052 1770 1275 1838 Translationu

163 1881 274 1934 exacte
297 1872 459 1949 traditam,
481 1882 514 1936 et
533 1873 698 1955 speciatim
713 1876 745 1937 in
767 1873 815 1936 bis
837 1873 964 1936 verbis:
981 1891 1038 1936 uos
1050 1881 1154 1937 eutem
1167 1872 1196 1938 si
1210 1873 1276 1954 rpi-

163 1968 271 2035 ritnlcs
292 1993 414 2050 sumus,
428 1972 665 2053 cuiuspiritus
684 1971 872 2054 spiritaliter
893 1972 1088 2053 accipiemus
1097 1995 1110 2055 3
1134 1975 1188 2040 ubi
1210 1976 1276 2039 alio

165 2074 260 2136 trabit
286 2073 440 2138 Auctoris
460 2077 694 2155 quaestionem,
711 2085 954 2156 repraesentans
968 2094 1044 2139 eum
1058 2077 1137 2140 olim
1152 2075 1274 2142 Christi

165 2175 339 2238 verborum
358 2186 553 2240 sectatorem
571 2178 668 2259 juxta
689 2196 819 2242 carnem
840 2187 874 2241 et
894 2179 1060 2242 litteramr
1082 2179 1175 2260 qussi
1197 2185 1275 2242 tnnc

164 2277 284 2340 scilicet
316 2278 347 2340 in
375 2278 548 2359 juventute
576 2280 659 2343 banc
685 2281 745 2342 sibi
773 2280 979 2344 conscivisset
1008 2280 1274 2360 amputationem.

165 2373 302 2452 Quando
322 2379 419 2441 aliter
440 2387 533 2441 retus
562 2379 726 2460 interpres
746 2397 810 2444 oon
830 2396 930 2460 supra
951 2379 1057 2459 ipsum
1078 2380 1275 2460 Origenem,

163 2480 215 2541 sed
233 2498 339 2561 super
357 2491 483 2545 ceteros
504 2482 536 2546 id
551 2481 680 2544 mandat
700 2483 852 2544 nonsatis
874 2482 913 2544 de
933 2498 1082 2545 sermone
1095 2479 1276 2545 Sulcatoris

164 2589 297 2645 cautos:
319 2584 530 2663 quemobrem
553 2587 630 2648 istos
650 2586 696 2646 ait
723 2583 797 2662 (nou
819 2601 898 2646 voro
912 2581 1064 2661 scipsum)
1079 2585 1135 2662 qui
1151 2584 1230 2647 haec
1244 2584 1277 2646 in

165 2701 303 2763 corpore
321 2703 383 2748 suo
404 2692 645 2766 perpetrarunt,
667 2683 786 2749 Christi
809 2685 907 2746 rerba
930 2683 1048 2764 injuria
1071 2693 1274 2765 prosecutus,

163 2797 196 2844 su
227 2783 472 2848 contusionibus
491 2784 646 2865 objecisse
673 2791 705 2847 et
728 2785 911 2864 opprobriis
939 2803 1001 2846 uon
1027 2786 1135 2849 solum
1161 2802 1273 2848 corum

165 2883 369 2966 infidelibus3
390 2886 444 2950 sed
466 2891 499 2948 et
519 2887 605 2968 apud
627 2906 705 2962 cos,
727 2888 784 2966 qui
811 2886 1029 2966 indulgentius
1059 2885 1099 2950 du
1127 2886 1275 2950 humanis

165 2987 333 3049 erroribus
352 3005 388 3049 se
408 2996 536 3066 gerunt.

240 3083 391 3166 lienique
411 3104 474 3148 uua
496 3085 653 3161 collectis,
676 3082 820 3165 quoodo
841 3084 903 3148 boc
924 3091 1116 3162 argumento
1136 3083 1274 3165 egimus,

154 3189 375 3268 consequitur
396 3191 513 3268 primo,
534 3187 720 3269 Origeucm,
743 3185 941 3266 ubicumque
962 3184 1152 3264 expenderit
1165 3185 1277 3250 Salva·

167 3292 241 3353 toris
261 3289 362 3354 dictat
383 3289 438 3372 qui
452 3311 482 3352 ss
496 3298 715 3354 castraverunt
724 3297 853 3369 propter
865 3305 997 3367 reposcos
1011 3288 1167 3349 coelorum
1169 3331 1182 3364 ‚
1196 3306 1277 3352 unn-

165 3409 261 3470 quam
281 3411 319 3457 ea
341 3412 410 3456 esse
431 3394 678 3472 interpretatum
699 3393 739 3455 de
754 3407 912 3470 corporea
931 3390 1150 3452 membrorum
1164 3408 1277 3468 ampu-

167 3492 296 3569 tatione,
319 3512 378 3558 nec
398 3495 502 3574 ipsum
524 3496 596 3558 ideo
618 3497 680 3556 boc
700 3495 731 3556 in
751 3511 786 3556 se
807 3492 944 3555 iacimus
964 3504 1150 3571 aggressum
1162 3512 1174 3572 3
1196 3510 1273 3555 cnm

169 3599 283 3661 ceteris
304 3596 544 3676 exprobrasset,
567 3599 623 3676 qui
644 3596 726 3660 illud
749 3596 819 3660 ausi
842 3587 983 3659 inerant.
1007 3593 1154 3658 Secundo
1170 3593 1278 3656 litma-

168 3699 355 3762 turnullius
365 3717 433 3762 esse
445 3698 610 3772 momenti,
624 3716 709 3778 quae
726 3697 903 3759 adversarii
920 3697 996 3759 huic
1011 3694 1168 3775 objiciunt
1180 3703 1276 3758 eruta

165 3812 206 3858 ex
226 3800 335 3877 graeci
349 3795 603 3878 Transcriptoris
624 3798 801 3872 codicibus,
816 3797 935 3878 quippe
950 3797 990 3857 sb
1004 3814 1043 3859 co
1059 3797 1274 3877 interpolatis,

164 3911 203 3958 ac
221 3915 318 3963 sensu
338 3899 486 3978 originali
507 3910 675 3981 corrupto.
698 3896 821 3973 Tertio,
843 3899 901 3960 etsi
929 3897 1007 3958 velit
1028 3897 1099 3977 quis
1120 3898 1273 3978 antiquae

166 3993 336 4062 inhaerere
350 3999 454 4064 lamae
467 3999 507 4062 de
520 4001 599 4064 reali
613 4009 726 4064 contra
740 4019 835 4063 omne
851 4000 898 4061 ias
911 3996 1059 4078 Origenis
1072 3997 1272 4077 evirationc3

167 4095 374 4162 nibilominus
395 4102 575 4164 necessario
601 4101 659 4180 ipsi
680 4100 850 4162 dicendum
878 4101 961 4175 erit,
984 4097 1099 4172 illum,
1130 4097 1270 4178 inspectu

165 4197 262 4260 animi
281 4202 333 4264 sui
351 4202 573 4282 simplicitate,
590 4203 785 4282 ingenuitate
804 4209 838 4265 et
858 4200 1051 4273 humilitate,
1076 4199 1271 4278 quibuscum
1310 4237 1315 4254 ι

167 4300 358 4364 versabatur
376 4304 410 4365 in
428 4301 586 4377 Ecclesia,
607 4302 794 4383 aliquando,
816 4303 946 4364 ioeunto
965 4306 1082 4377 aetate,
1103 4300 1165 4362 boc
1180 4318 1273 4364 revo-

167 4407 291 4466 cantem
310 4405 445 4480 orimcu,
459 4404 641 4470 contessum
661 4422 730 4470 csse
750 4402 838 4485 quod
857 4403 923 4481 ipsc
939 4400 1121 4465 inconsulto
1137 4399 1248 4464 iecerit
1258 4421 1271 4479 3

167 4505 205 4562 ut
222 4500 304 4568 aiios
323 4504 365 4567 ub
387 4521 428 4570 eo
447 4514 639 4585 amoveret,
659 4503 828 4572 ostendens
858 4499 1038 4568 omnimode
1063 4502 1125 4565 boe
1150 4501 1272 4565 lacinus

290 4604 353 4674 Vol.
374 4605 422 4671 ΙΙ.
1115 4597 1155 4666 35
