3375 5567
542 790 615 855 Pari
636 798 744 856 autem
767 792 892 856 ratione
908 790 1110 872 arguendum
1132 790 1172 855 de
1193 792 1319 855 nomine
1341 793 1489 872 gebennen
1506 796 1543 853 nst

457 899 570 956 contra
592 893 818 969 adversarios,
840 894 896 973 qui
919 890 1093 956 Homiliem
1115 889 1236 955 XVlll.
1260 890 1295 954 in
1315 890 1492 955 Hieremiam
1509 892 1545 953 le·

457 1001 580 1072 gentes,
602 993 658 1055 nbi
688 992 829 1057 dicitnr:
853 1016 870 1053 <r
892 996 1035 1075 gebenna
1059 996 1138 1075 ignis
1169 995 1258 1057 alind
1284 1012 1406 1076 quaero
1435 996 1543 1074 gravius

455 1095 653 1174 supplicium
665 1116 676 1173 ;
698 1104 730 1158 el
751 1096 837 1159 lortn
858 1096 920 1159 dici
938 1106 1053 1176 potest,
1077 1098 1251 1177 gebennam
1275 1098 1415 1177 peccatis
1434 1096 1545 1177 deputa·

457 1198 485 1258 ri
507 1195 748 1270 involuntariis,
771 1214 856 1275 quae
877 1197 1001 1276 expiari
1022 1206 1156 1276 possunt
1177 1216 1193 1253 n
1217 1196 1274 1271 ibi,
1296 1198 1451 1277 inquiunt,
1471 1212 1546 1257 erro·

456 1314 526 1357 rcm
547 1313 643 1358 suurn
666 1297 764 1359 iteret
792 1294 948 1376 Origenes
970 1298 1009 1360 de
1032 1298 1140 1376 poenis
1162 1298 1387 1361 damnatorum
1410 1307 1545 1377 tempora·

457 1396 523 1457 riis.
548 1393 640 1457 Patet
659 1396 744 1457 enim
764 1396 886 1475 duplici
908 1416 1002 1459 sensu
1025 1398 1055 1458 in
1079 1398 1263 1476 apostolicis
1285 1398 1454 1477 Scripturis
1476 1398 1546 1457 reni·

457 1514 493 1559 rc
514 1498 575 1558 boc
595 1498 758 1574 gebennen
781 1498 989 1572 vocabulum,
1013 1498 1091 1559 elias
1106 1496 1144 1559 de
1161 1516 1261 1576 poena
1286 1498 1462 1577 temporali,
1482 1496 1546 1557 alias

455 1597 496 1657 de
515 1598 719 1674 sempiterna.
734 1596 773 1661 Et
788 1598 819 1659 id
842 1599 1011 1678 perspicue
1028 1601 1158 1663 eruitur
1179 1618 1221 1661 ex
1243 1598 1409 1662 Mattbneo
1428 1596 1492 1663 ev.
1505 1594 1547 1662 22

458 1695 524 1773 Oui
535 1707 641 1760 entem
660 1696 909 1778 dicerit,(sretri
929 1700 1001 1777 cuo)
1016 1702 1119 1780 setun,
1134 1718 1206 1761 rcus
1226 1698 1285 1761 erit
1299 1700 1449 1779 pelennne
1467 1697 1546 1777 ipnir.

454 1797 691 1869 Tantummodo
720 1818 860 1879 namque
881 1800 935 1861 bic
957 1800 1144 1877 temporalis
1166 1818 1267 1880 poene
1288 1803 1346 1863 etsi
1370 1801 1547 1880 gravissima,

452 1901 609 1963 statuitur
623 1903 655 1963 io
670 1919 738 1977 eos,
754 1902 811 1981 qni
827 1903 872 1963 sic
888 1901 1004 1963 tratres
1019 1920 1096 1965 suos
1122 1902 1368 1982 vituperassent,
1394 1902 1485 1963 veluti
1505 1916 1549 1959 an·

454 2013 505 2063 tea
526 2004 572 2065 eit
593 2001 770 2078 Dominus,
792 2002 1029 2083 suppliciorum
1054 2004 1241 2065 varietatem
1263 2022 1303 2066 ex
1327 2004 1442 2083 culpae
1464 2002 1548 2061 varie

456 2114 522 2168 tete
546 2105 744 2184 distinguens
774 2116 887 2167 contra
920 2104 1165 2184 pharisaeorum
1199 2103 1326 2183 placita.
1351 2104 1468 2167 Deinde
1487 2120 1547 2165 cun

455 2206 642 2285 hujusmodi
660 2205 847 2285 temporalis
870 2224 969 2285 pecua
992 2225 1064 2269 roos
1089 2206 1180 2269 valde
1204 2214 1372 2285 torqueret
1389 2206 1430 2269 ob
1452 2204 1552 2267 lacinu-

455 2324 490 2367 ra
505 2306 728 2369 scelestissima
746 2306 841 2369 abiis
863 2315 1003 2385 patrata,
1021 2306 1217 2381 factumest,
1236 2318 1271 2369 ut
1291 2308 1352 2369 snb
1375 2308 1506 2388 quadam
1519 2305 1551 2367 si·

455 2408 636 2471 militudine
667 2408 709 2469 ibi
732 2416 1057 2487 repraesentarentur
1078 2418 1236 2488 perpetua
1260 2410 1290 2469 in
1314 2408 1437 2473 tuturo¹
1456 2404 1551 2470 seculo

454 2510 631 2589 perignem
648 2515 820 2585 tormenta,
842 2510 960 2589 quibus
976 2512 1105 2590 reprobi
1129 2512 1304 2574 mulctandi
1319 2519 1428 2575 eruut.
1451 2508 1489 2573 Et
1501 2508 1550 2569 boc

453 2612 613 2691 probatur
633 2630 674 2675 ex
703 2630 732 2673 c.
755 2608 875 2675 xvnt.
898 2610 1043 2691 ejusdem
1073 2610 1314 2691 Evangelietae,
1336 2612 1393 2677 ubi
1414 2611 1552 2693 pelenner

451 2711 539 2793 ipnis
559 2713 726 2777 substituit
739 2714 844 2792 ignem
860 2724 1046 2777 aeteruum:
1070 2714 1183 2777 donum
1204 2712 1261 2775 tibi
1281 2722 1326 2776 est
1347 2715 1391 2777 nd
1405 2712 1497 2777 uitem
1510 2710 1550 2771 in·

449 2812 540 2893 predi
559 2814 689 2877 debilem
708 2814 757 2877 nel
769 2815 932 2891 claudum,
955 2835 1050 2897 quem
1070 2817 1150 2878 duee
1165 2834 1292 2892 monus,
1315 2817 1365 2877 nel
1385 2818 1461 2879 duur
1475 2813 1553 2895 pedet

450 2916 607 2985 delentem
636 2916 721 2980 mitti
750 2914 787 2979 in
807 2914 913 2997 mnam
943 2926 1124 2989 aeternum
1154 2917 1243 2996 qnod
1265 2927 1298 2981 ct
1318 2918 1415 2983 divus
1437 2916 1552 2989 Marcus

449 3039 480 3083 c.
505 3016 560 3081 ΙΧ.
580 3014 632 3089 dd.
655 3018 753 3095 lecit,
776 3018 923 3081 addendo
943 3016 981 3080 in
1000 3018 1173 3100 pelicanum
1192 3016 1280 3097 ipuia
1294 3014 1550 3099 inentinpuidilin

453 3120 563 3183 voleus
585 3121 670 3183 bunc
684 3120 726 3183 nb
745 3120 852 3185 attero
874 3120 945 3200 igne
961 3129 1183 3200 temporaneo,
1205 3120 1553 3202 quileetingnitnnrc·

451 3239 596 3285 cernere.

531 3321 588 3387 His
609 3323 852 3399 animadversis,
868 3323 1079 3387 conferantur
1101 3325 1198 3386 citata
1216 3323 1364 3403 Origcnis
1382 3325 1492 3400 rerba,
1508 3320 1553 3384 ubi

452 3425 618 3504 distinguit
636 3413 766 3505 poenas,
781 3444 863 3505 quas
878 3422 946 3489 Lex
962 3424 1221 3503 delinquentibus
1235 3426 1415 3504 irrogabat,
1432 3427 1472 3487 ab
1494 3422 1555 3485 ellit

452 3544 533 3604 quas
554 3529 668 3587 statuit
690 3526 902 3606 Evangelium
930 3527 1072 3607 quippe,
1096 3525 1144 3589 uti
1165 3526 1253 3601 dicit,
1282 3526 1392 3605 primis
1415 3528 1553 3589 duriores

451 3626 494 3689 ob
514 3628 627 3689 aetatis
651 3629 848 3690 varietatem.
872 3624 996 3689 Doeeus
1018 3626 1101 3689 euim
1123 3623 1241 3705 Legem
1264 3630 1438 3691 mosaicam
1466 3624 1556 3688 inlan·

453 3728 538 3789 tibus
559 3729 694 3805 positam
717 3727 827 3802 luisse,
851 3737 882 3791 ct
904 3728 1122 3807 evangelicam
1145 3736 1250 3790 aetate
1273 3728 1439 3806 partemin
1453 3725 1556 3789 transit

452 3829 524 3891 inde
545 3836 577 3891 et
591 3830 656 3891 ait:
674 3850 689 3885 n
706 3827 737 3893 Si
759 3840 867 3893 eutem
891 3830 932 3905 is,
948 3831 1003 3910 qui
1026 3827 1143 3891 diberit
1163 3827 1264 3907 [ratri
1284 3847 1354 3903 eno,
1367 3830 1469 3908 fatue,
1492 3843 1556 3889 reue

450 3925 509 3989 erit
528 3928 685 4008 cebennae
705 3928 805 4009 ipnir,
826 3930 958 3993 adulter
978 3929 1073 4010 cujus
1094 3929 1157 3991 erit
1186 3927 1289 3995 rens?
1319 3933 1462 4010 gebenna
1485 3926 1556 4009 ignis

450 4020 539 4093 alind
561 4048 685 4109 quaero
699 4032 831 4109 gravius
851 4032 1064 4111 snpplicinm3
1081 4038 1113 4093 cl
1135 4029 1221 4093 torte
1235 4032 1297 4094 dici
1315 4040 1420 4111 potest
1444 4030 1556 4110 geben·

450 4150 522 4193 nam
545 4133 683 4212 peccatis
703 4132 853 4211 deputari
874 4132 1111 4207 involuntariis,
1135 4149 1220 4211 qnae
1241 4133 1368 4212 expiari
1383 4136 1555 4213 possunt.»

450 4231 502 4295 Sic
523 4250 637 4313 nempe
656 4239 800 4295 statuens
820 4232 861 4294 dn
883 4233 1024 4312 gebenna
1047 4232 1094 4295 uti
1127 4233 1166 4295 de
1187 4234 1379 4313 expiationis
1406 4235 1481 4297 loco
1500 4248 1553 4293 sne

451 4334 482 4395 in
504 4335 564 4397 bec
586 4336 664 4411 rita,
685 4337 753 4398 sire
776 4334 805 4396 in
820 4335 936 4409 altera,
961 4335 1015 4397 ubi
1031 4353 1148 4413 poenas
1163 4336 1254 4399 luent
1269 4336 1412 4399 homines
1434 4335 1474 4397 ad
1492 4350 1553 4393 rea·

451 4447 503 4501 tus
516 4437 746 4519 expiationem,
762 4437 822 4500 hnc
837 4439 904 4517 ipse
919 4457 992 4503 cum
1009 4436 1152 4501 Ecclesia
1170 4438 1334 4503 Catbottca
1356 4438 1461 4501 docet.
1479 4434 1556 4497 Cum

451 4547 559 4604 eutem
574 4539 673 4620 paulo
687 4548 758 4617 post
770 4538 868 4615 dicat,
885 4540 1079 4619 supplicium
1096 4539 1199 4620 maius
1215 4539 1358 4619 gebenna
1379 4556 1448 4601 esse
1461 4533 1553 4607 illud,
