3375 5567
528 748 656 829 Argum
677 750 777 830 igitur
798 749 869 813 inde
890 748 1054 830 quomodo
1075 745 1308 824 Tertullianus,
1329 750 1386 828 qui
1408 747 1544 828 proiecto

449 852 630 915 aeternitati
646 869 823 934 poenarum
840 869 1005 932 nunquam
1023 853 1174 914 mentitus
1187 857 1247 926 est,
1266 858 1370 913 tamen
1392 852 1460 929 ipse
1472 869 1545 931 qno·

448 970 514 1033 qne
535 953 639 1015 cornia
660 954 820 1016 humanae
834 952 1033 1041 dignitatem,
1057 955 1226 1026 honinem,
1241 952 1390 1032 gloriam,
1405 960 1438 1014 ot
1458 953 1546 1013 beati·

450 1053 591 1118 tudinem
607 1055 709 1132 novit,
725 1054 942 1134 probavitque
961 1053 994 1115 iu
1011 1055 1251 1117 resurrectione
1270 1055 1484 1118 instauratum
1499 1054 1545 1128 iri,

446 1156 556 1227 aienti,
579 1157 673 1237 primi
697 1155 832 1218 hominis
853 1172 974 1234 corpus
995 1155 1125 1218 boatum
1141 1163 1174 1218 et
1195 1155 1371 1235 gloriosum
1393 1155 1547 1218 conditum

445 1265 505 1318 ent.
530 1255 578 1318 dc
599 1257 731 1337 insuper
751 1257 1001 1332 animadvertas,
1023 1273 1087 1336 quc
1110 1257 1235 1320 rationo
1255 1254 1367 1320 timum
1387 1257 1506 1319 deatum
1524 1265 1549 1316 et

444 1355 616 1436 plurimum
639 1360 809 1422 vocaverit
824 1359 940 1421 Ademi
961 1376 1098 1438 corpus,
1115 1357 1197 1421 iliud
1218 1357 1320 1434 idem,
1335 1376 1404 1437 quo
1424 1359 1456 1420 in
1472 1357 1549 1438 judi·

447 1460 498 1521 cio
519 1461 742 1528 novissimum
760 1460 829 1524 Dec
842 1460 945 1541 Judiei
966 1461 1078 1539 siutet3
1095 1479 1172 1522 num
1194 1460 1317 1524 sciiicet
1330 1460 1414 1524 iilud
1429 1460 1549 1521 beatum

450 1559 571 1625 dixerit
591 1562 634 1624 ob
655 1561 714 1626 Dei
738 1562 925 1628 irnitiouem
947 1563 979 1623 in
998 1561 1148 1642 perudioo
1163 1560 1310 1635 cceiecti,
1330 1577 1371 1622 ιιι
1392 1561 1498 1639 potius
1516 1557 1552 1620 ci

447 1661 592 1743 ejusdem
608 1665 834 1743 praestantiam
849 1665 971 1744 quippe
989 1663 1089 1743 digito
1107 1659 1164 1724 Dei
1178 1660 1274 1725 edicti
1289 1661 1376 1723 etad
1391 1661 1549 1740 imaginem

446 1773 480 1826 ct
499 1763 741 1829 similitudinem
770 1782 874 1828 cuam.
897 1763 940 1828 Et
959 1782 1036 1828 canc
1057 1764 1100 1826 ob
1129 1763 1191 1826 hoc
1211 1764 1255 1825 ita
1277 1780 1400 1843 corpus
1429 1763 1550 1824 beatum

448 1865 585 1928 vocavit.
603 1863 688 1942 Quid
704 1882 783 1945 crgo
798 1865 838 1928 de
858 1865 1066 1928 cruciatuum
1088 1864 1303 1944 perpetuitate
1318 1861 1420 1926 officit
1431 1857 1550 1941 dogma·

449 1965 484 2039 ti,
506 1965 531 2027 ci
553 1981 651 2042 carc,
683 1984 742 2030 acu
764 1983 884 2047 corpur
912 1965 1091 2027 humanum
1116 1963 1149 2025 in
1181 1963 1422 2026 rerurrectione
1443 1962 1550 2024 taiibm

445 2065 618 2146 splendidis
633 2085 671 2130 ac
687 2067 847 2130 nouitium
862 2065 1060 2148 praestiterit
1075 2063 1217 2141 dotium,
1239 2071 1277 2127 ut
1290 2063 1493 2145 corruptioni
1507 2080 1550 2125 rc·

445 2168 537 2230 sistat
556 2176 589 2231 ct
610 2166 828 2232 mortalitati?

528 2265 699 2332 Praeterea
711 2269 736 2333 si
749 2266 973 2333 Tertullianus
986 2288 1029 2333 ex
1043 2269 1320 2349 testimonimum
1333 2269 1441 2334 carnia
1452 2281 1550 2329 rmut-

446 2367 621 2431 rccticnem
650 2369 798 2450 Origenia
818 2371 921 2434 inetur
940 2389 979 2435 uc
999 2369 1134 2454 Nycceni
1157 2369 1331 2433 vindicarit
1350 2378 1464 2434 contro
1485 2366 1550 2428 irae

447 2469 578 2542 reticos,
600 2468 803 2535 beatitudinis
824 2471 1145 2547 inconnumerati,
1167 2469 1231 2534 alia
1252 2469 1384 2551 quidem
1405 2465 1550 2549 signitica-

448 2569 550 2646 tinne,
573 2589 669 2650 quum
692 2573 847 2652 gaudium
868 2573 1047 2654 proborum
1068 2571 1100 2634 in
1114 2571 1213 2636 coelia
1232 2570 1331 2634 licent
1350 2567 1550 2649 comprehcn-

449 2668 493 2744 di,
515 2672 722 2734 statuendum
738 2674 863 2754 puriter
882 2681 943 2749 cst,
966 2672 1130 2754 praoietoo
1145 2673 1233 2734 circa
1253 2689 1313 2751 per
1327 2669 1474 2734 eamdem
1492 2667 1551 2728 tae

446 2769 596 2834 titudinis
617 2775 901 2853 nuncupationem,
916 2773 996 2835 nihil
1015 2771 1056 2835 de
1077 2773 1187 2836 ictum
1209 2771 1386 2852 aliquunde
1404 2767 1549 2851 reprobor

447 2888 521 2934 rum
542 2872 663 2950 seinte,
685 2875 779 2938 sicuti
801 2892 907 2955 neque
927 2875 968 2938 de
988 2874 1226 2955 suppliciorum
1247 2875 1386 2936 termino
1412 2871 1547 2941 semiue,

321 3002 326 3010 ·
448 2989 665 3054 necunquam
682 2975 839 3038 docuisse.
857 2974 993 3040 Domum
1008 2980 1051 3040 ita
1076 2976 1178 3054 posita
1193 2984 1226 3039 ct
1240 2974 1375 3054 probata
1391 2973 1549 3055 huiuamo-

447 3075 479 3135 di
501 3074 703 3140 distinotionc
725 3077 930 3140 beatitudinis
951 3078 1110 3140 naturalia
1131 3077 1171 3139 ab
1200 3077 1304 3140 altera
1334 3076 1468 3139 coelesti
1488 3073 1552 3134 bea·

447 3175 629 3253 titudine‚a
651 3178 720 3258 peri
736 3179 947 3258 consequitur
966 3179 1028 3241 auh
1043 3178 1156 3240 eodem
1174 3195 1269 3240 aenou
1289 3176 1422 3256 prodit-c
1437 3182 1550 3238 ceteras

447 3275 620 3356 qualitates
634 3275 754 3340 decuria
756 3301 770 3353 3
781 3276 1043 3359 pulchritudiuis,
1056 3276 1143 3352 dotti,
1156 3275 1359 3359 perfectionis
1372 3285 1437 3341 etc.
1450 3296 1461 3354 3
1476 3290 1551 3354 quae

449 3379 480 3437 in
501 3394 535 3440 ae
558 3397 657 3440 unum
679 3380 809 3459 quidem
823 3387 938 3443 sonant
949 3399 960 3457 3
977 3378 1131 3441 diiierunt
1155 3397 1232 3441 vero
1254 3379 1285 3440 in
1307 3379 1465 3440 rotatione
1484 3373 1550 3439 nuic

445 3477 534 3558 jecti.
551 3478 654 3541 Proui
676 3480 759 3542 enim
782 3480 812 3542 in
835 3481 998 3560 proposita
1021 3481 1222 3559 quaestione,
1238 3480 1369 3558 corpori
1392 3477 1445 3541 vei
1465 3474 1550 3556 opiri-

449 3579 496 3641 tui
512 3580 728 3658 applicantur,
745 3583 790 3642 aio
811 3581 959 3643 distincta
975 3579 1165 3644 carumdem
1187 3582 1255 3644 exit
1273 3579 1466 3660 significatio
1484 3577 1550 3658 plut

450 3679 501 3742 vei
518 3681 622 3744 minus
637 3682 701 3744 late
718 3689 838 3761 petens.
864 3680 977 3761 itaque
991 3682 1217 3746 damnatorum
1232 3701 1353 3763 corpus
1366 3690 1441 3762 post
1454 3695 1552 3744 resur·

449 3779 642 3854 rectionem,
659 3782 833 3861 pulchrum
856 3781 985 3863 quidem
999 3783 1073 3855 erit,
1095 3782 1273 3861 gloriosum
1293 3783 1485 3855 otbertum,
1504 3783 1548 3841 ut·

448 3891 522 3961 pote
544 3881 644 3962 digito
667 3880 724 3946 Dei
746 3885 778 3946 in
799 3904 936 3965 persone
959 3886 1073 3949 adami
1092 3883 1247 3956 edictum,
1270 3900 1309 3946 ao
1328 3892 1400 3964 poat
1422 3887 1549 3945 mortem

447 3983 521 4044 inde
542 3983 647 4046 divina
669 3986 791 4048 uirtute
811 3986 919 4048 denuo
940 3983 1198 4057 instaurandum,
1221 3981 1476 4064 ecorruptionic
1493 3985 1550 4041 sta·

435 4094 483 4146 ‘tn
505 4084 544 4145 ad
568 4085 844 4165 incorruptionem
867 4086 1048 4150 reductum.
1070 4082 1157 4147 Telis
1178 4084 1385 4147 ntuitomtnm
1405 4082 1505 4164 gioria
1521 4083 1549 4140 et

445 4186 611 4248 beatitudo
632 4204 838 4267 nequaquem
860 4205 974 4250 eorum
992 4185 1151 4248 voluntati
1170 4185 1359 4259 autieiueiet,
1380 4201 1484 4264 neque
1503 4195 1547 4240 ra·

449 4285 744 4350 tionctem'sattantt
760 4289 936 4368 appetitum
953 4289 1034 4349 adeo
1050 4292 1087 4350 ut
1103 4283 1207 4347 Deum
1227 4285 1374 4366 diligant,
1389 4283 1490 4346 Deum
1509 4279 1549 4339 ir

450 4396 604 4450 tueantur
625 4388 712 4452 clare
735 4389 855 4450 trinum
877 4397 909 4451 et
931 4405 1032 4450 unum
1053 4386 1148 4449 sicuti
1169 4394 1239 4462 eat,
1276 4403 1378 4449 unum
1399 4385 1460 4448 nint
1480 4394 1547 4444 cum

449 4483 577 4550 Christo
593 4494 624 4550 et
639 4485 706 4551 Deo
724 4484 831 4566 Putre,
855 4487 1038 4568 gaudioque
1053 4485 1259 4563 inenarrabili
1279 4485 1442 4549 iactentur
1452 4501 1463 4561 3
1484 4478 1546 4560 qui·
