3375 5567
154 848 210 896 rru
221 847 330 912 eorpus
342 830 492 895 admittet
505 828 703 911 angelicum,
724 828 818 910 quast
833 844 954 909 corpus
968 826 1054 893 istod
1073 832 1234 891 tmutnsu·

154 934 258 997 truduu
275 934 315 995 sit
335 935 366 996 iu
386 932 532 997 eamdam
552 931 746 1011 augelorum
765 930 999 1008 substantiam
1022 946 1081 993 nec
1101 928 1232 991 demum

152 1036 255 1097 iratius
273 1035 438 1097 aberrabit
458 1034 586 1097 tubulas
607 1033 710 1114 (quas
730 1033 830 1115 poulo
847 1038 920 1112 post
933 1037 1043 1095 censet
1057 1028 1237 1111 Origenes)

152 1136 297 1198 dicentium
324 1154 394 1201 esse
417 1136 529 1201 secula
561 1154 661 1199 amun
691 1135 869 1201 masculina
899 1141 932 1197 et
961 1132 1132 1197 ioemiuiua
1143 1152 1155 1212 3
1178 1132 1235 1213 qui

152 1234 287 1299 inserunt
306 1243 339 1300 et
358 1237 602 1318 conjunctiones
615 1255 750 1300 musar
771 1235 961 1301 seculorum
984 1233 1133 1309 illorum,
1149 1250 1240 1315 quse

152 1356 199 1400 tou
213 1348 295 1411 sunt,
315 1358 424 1420 neque
443 1357 588 1420 quorum
609 1340 646 1403 ht
666 1342 822 1406 memoria
844 1339 877 1401 iu
897 1336 1084 1418 Scriptnrls.

209 1436 435 1505 Verumtamen
456 1459 520 1505 nou
539 1441 614 1505 hiuc
635 1448 776 1517 tautum,
790 1439 870 1521 quid
887 1439 935 1517 his
951 1436 1057 1503 verbis
1077 1436 1138 1501 sibi
1160 1436 1239 1500 velit
1295 1496 1296 1502 ,

150 1537 347 1618 dementius,
368 1545 538 1609 innotescit
548 1562 562 1623 3
583 1544 639 1607 sed
659 1551 694 1607 et
713 1543 846 1608 aliunde
867 1561 909 1607 ex
931 1538 1031 1604 Libro
1053 1537 1110 1603 ΙΙΙ.
1134 1556 1164 1601 o.
1184 1535 1237 1609 tt.

149 1648 235 1703 eontra
254 1639 396 1707 Celsum.
420 1644 466 1707 lbi
490 1660 630 1726 namque
651 1644 847 1726 amplissime
868 1644 1051 1709 ostenditur
1072 1641 1239 1723 metapho-

150 1760 191 1804 rae
205 1763 329 1822 seusus,
350 1765 418 1828 qua
439 1748 656 1812 consideravit
676 1765 815 1829 corporo
841 1754 1069 1813 resurrectura
1092 1745 1237 1809 aetheria

149 1843 200 1907 sire
216 1846 364 1910 coelestia
392 1854 426 1911 et
445 1847 549 1912 instar
565 1850 765 1929 substantiae
785 1847 951 1928 angelicae
980 1848 1101 1912 lucida.
1125 1846 1240 1912 Celsus

150 1945 237 2024 itaque
254 1948 421 2030 objecerat
440 1948 588 2025 doloso,
605 1951 787 2015 christiania
806 1949 878 2031 ptri,
892 1968 963 2013 com
983 1949 1114 2013 mortali
1133 1966 1241 2030 corpo·

148 2062 172 2105 rr
185 2059 345 2124 conteret,
368 2050 468 2115 Deum
488 2050 721 2129 existimarint,
742 2061 771 2115 rt
790 2049 828 2113 itt
848 2050 905 2113 boc
923 2050 1008 2131 ipsos
1024 2049 1095 2131 pt'os
1116 2046 1239 2112 videris

150 2146 273 2223 «Quare
294 2149 433 2228 Celsus,
455 2153 561 2234 inquit
581 2150 761 2233 Origenes,
782 2152 972 2217 dialecticae
994 2152 1154 2215 nonsatis
1177 2169 1242 2215 me·

149 2248 231 2323 uiuit,
248 2269 323 2315 cum
346 2253 506 2317 humanas
524 2253 605 2319 iesu
633 2273 747 2319 carnes
768 2272 969 2330 cumauro,
992 2263 1126 2335 urgento
1143 2259 1176 2317 et
1197 2253 1243 2315 la·

150 2348 204 2424 pide
216 2369 419 2435 comparans,
439 2356 486 2419 ait
500 2374 614 2421 carnes
629 2357 704 2421 illas
725 2357 774 2421 his
789 2358 887 2421 rebus
908 2374 978 2421 esse
999 2357 1100 2437 megin
1114 2355 1154 2419 ad
1169 2373 1245 2418 cor·

151 2454 309 2530 ruptionem
331 2476 519 2540 propensas.
535 2457 619 2525 Nam
640 2460 667 2524 si
688 2467 842 2525 accurate
861 2459 955 2540 loqui
974 2459 1139 2533 volomus,
1162 2457 1246 2523 nihil

151 2549 375 2637 incorruptibile
388 2567 449 2636 est,
464 2561 551 2642 quod
566 2565 608 2627 sit
628 2562 868 2641 incorruptibili
883 2560 1174 2641 incorruptibilius,
1192 2576 1247 2623 uc·

150 2670 197 2731 luc
220 2662 435 2742 corruptibile
464 2664 670 2745 corruptibili
699 2662 957 2743 corruptibilius.
988 2659 1071 2725 Saue
1102 2678 1181 2725 roro
1202 2660 1245 2725 tit

151 2758 291 2839 ttidpiam
312 2763 355 2825 sd
377 2766 621 2846 corruptionem
644 2766 801 2845 pronius,
818 2763 963 2827 dicemus
986 2770 1102 2825 tomen.
1125 2761 1157 2827 Si
1178 2779 1246 2825 ma·

152 2860 231 2925 iesse
249 2865 466 2947 qualitatibus
486 2867 636 2931 omuibus
655 2865 835 2947 subjectae,
847 2864 968 2928 mutari
985 2869 1120 2944 possunt
1139 2864 1246 2944 quali·

152 2974 233 3047 tttcr3
253 2987 315 3033 cnr
336 2968 409 3033 lieri
430 2986 492 3032 non
515 2969 633 3048 potuit,
657 2978 693 3032 ut
714 2985 793 3032 caro
812 2966 907 3042 tero,
927 2965 1059 3029 mutatis
1080 2965 1247 3046 qualitati·-

151 3066 206 3146 bus,
225 3072 295 3136 telis
315 3074 480 3145 evaserit,
501 3072 632 3152 qualem
653 3070 800 3151 oportuit
824 3088 915 3142 csse,
938 3086 1023 3149 quae
1044 3070 1076 3130 iu
1097 3066 1249 3143 aethere,¹

152 3170 266 3236 celocis
294 3173 432 3236 aethere
458 3171 684 3252 superioribus
709 3178 916 3251 remoretur,
947 3171 1093 3252 nihilque
1114 3168 1250 3235 haberet

105 3275 106 3356 l
151 3289 256 3349 eorum,
276 3292 366 3355 quae
386 3274 533 3337 infirmae
563 3273 670 3337 caruis
691 3272 823 3354 propria
844 3280 941 3348 snut,
975 3280 1008 3336 et
1028 3289 1114 3352 quae
1135 3270 1253 3337 Celsus

105 3403 106 3448 p
152 3371 257 3452 inpura
280 3375 405 3441 rotat'l
425 3374 498 3452 Qua
520 3378 617 3439 etiam
639 3376 670 3438 in
692 3394 729 3438 ro
749 3382 863 3456 peccat
883 3380 996 3438 eontra
1022 3371 1248 3455 Philosophiae

105 3477 111 3556 3,
153 3470 230 3551 leges.
245 3475 327 3541 Nam
343 3477 477 3557 proprie
497 3477 584 3556 quod
602 3477 769 3555 impurum
789 3483 850 3551 est,
866 3473 897 3536 id
920 3475 1063 3539 oritura
1082 3476 1169 3538 vitio.
1189 3474 1250 3537 lur-

155 3590 218 3651 pora
236 3588 346 3643 sotem
368 3596 432 3643 uon
452 3585 501 3643 est
520 3589 639 3642 nature
660 3578 818 3657 eorporis.
841 3574 915 3641 Non
936 3577 1036 3651 euim,
1052 3594 1117 3658 quo
1132 3574 1249 3643 natura

105 3685 106 3708 ¹
154 3691 288 3757 corporea
318 3689 388 3756 est,
410 3698 449 3744 ea
479 3680 636 3743 cicolino
656 3680 812 3744 malitiam
841 3679 1041 3760 impuritatis
1062 3674 1250 3761 genitricem

156 3778 338 3860 conjunctum
361 3780 469 3849 hebet.
492 3800 510 3839 s

105 3887 106 3936 l
218 3879 425 3963 Quapropter
440 3902 483 3945 ex
504 3882 552 3946 his
567 3884 694 3947 intuere
714 3881 882 3962 quomodo
903 3881 980 3943 alibi
994 3880 1151 3961 Origenes
1170 3879 1252 3945 Iesu

105 4057 106 4068 ἵ
158 3994 255 4059 corpus
273 3992 349 4063 post
370 3984 643 4047 resurrectionem
663 3983 847 4047 aetherium
868 3982 999 4045 dixerit.
1022 3980 1139 4045 vineas
1160 3982 1252 4045 uiuri·

105 4097 106 4136 t
160 4094 229 4155 itm,
247 4102 309 4149 cur
330 4085 460 4149 Auctor
479 4084 645 4151 Christum
661 4086 691 4147 iu
713 4084 823 4149 coelos
843 4083 1087 4159 ascendentem,
1105 4084 1253 4147 humaui·

105 4189 106 4258 1
160 4185 237 4245 tatem
259 4194 365 4250 tsmeu
379 4186 468 4249 dicat
488 4186 567 4250 illuc
582 4186 758 4251 contulisse
768 4207 780 4266 ;
804 4205 864 4249 uec
879 4202 950 4248 eam
977 4199 1120 4264 uuquam
1144 4184 1252 4248 exuis·

160 4296 195 4355 tt,
212 4301 265 4349 uec
285 4296 429 4351 motasse
443 4287 502 4351 uisi
523 4289 554 4349 in
575 4288 626 4361 iis,
640 4306 726 4368 quae
749 4290 833 4351 vitoe
852 4286 1028 4368 praesentis
1049 4284 1251 4347 infirmitatus

162 4394 189 4442 tc
200 4394 329 4449 mortem
344 4389 489 4467 gignunt.
508 4386 649 4468 ideoque
666 4389 765 4467 paulo
778 4396 852 4451 aute
867 4406 898 4450 u.
913 4382 965 4451 35.
981 4393 1014 4448 et
1030 4384 1127 4449 Libro
1141 4381 1250 4449 ttntt.

162 4482 264 4559 scribit,
283 4486 365 4552 lesu
378 4506 500 4569 corpus
521 4497 593 4570 post
614 4489 888 4552 resurrectionem
903 4487 982 4569 quid
998 4485 1138 4551 medium
1156 4484 1256 4549 luisse

105 4645 106 4726 i
164 4578 229 4647 iuter
242 4606 359 4671 corpus
379 4608 525 4655 crassum
540 4597 574 4655 et
592 4588 724 4667 subtile,
737 4589 810 4653 iude
830 4586 977 4669 ejusdem
998 4583 1254 4667 incorruptibili-
