3375 5567
425 781 502 849 tor,
525 780 557 835 et
571 771 623 835 iiic
644 772 757 852 otique
774 788 875 835 onom
887 778 958 835 erat
980 788 1054 834 cum
1070 788 1121 844 ao,
1144 770 1199 835 oni
1214 782 1374 852 praeerat,
1389 774 1413 839 si
1433 774 1455 838 is
1469 794 1517 856 prr

421 874 669 938 inobedientiam
685 872 848 937 ciiiciatur
868 874 1028 953 indignus,
1044 872 1169 936 auferri
1184 873 1225 934 ab
1245 892 1284 935 eo
1299 875 1427 955 angeius
1446 877 1518 939 dica·

424 987 490 1050 tur,
512 985 545 1039 et
567 984 644 1040 tnnc
665 994 738 1056 pars
760 973 851 1055 ejus,
885 976 966 1037 idest
986 974 1147 1037 hnmanae
1169 984 1305 1038 naturae
1327 994 1399 1054 pars
1419 978 1516 1040 croisa

423 1095 441 1141 a
464 1074 522 1140 Dei
544 1084 649 1157 parte,
671 1093 747 1139 cum
769 1074 951 1139 inisdeiibus
976 1075 1173 1154 deputetur:
1189 1078 1341 1157 quoniam
1364 1078 1520 1140 commoni·

422 1179 523 1243 tiones
545 1177 682 1260 appositi
704 1177 763 1240 sibi
785 1194 804 1239 a
826 1174 894 1241 Oeo
915 1177 1020 1257 aogcii
1042 1196 1105 1241 noo
1127 1176 1268 1240 iideiiter
1288 1177 1465 1241 custodivit.
1487 1198 1500 1235 n

504 1280 555 1344 Ab
577 1280 637 1342 trac
653 1279 818 1342 locutione
830 1297 894 1341 non
916 1280 1023 1342 sotum
1038 1280 1229 1358 angelorum
1245 1280 1416 1343 custodum
1436 1280 1520 1360 negti-

423 1384 527 1464 gentia
550 1400 626 1461 erga
660 1381 805 1444 homines
826 1388 1014 1461 peccatores
1036 1381 1248 1458 excluditur,
1276 1382 1331 1446 sed
1355 1392 1386 1445 et
1405 1383 1522 1463 insuper

421 1502 524 1566 poena
546 1486 622 1565 ipsis
652 1484 773 1562 angelis
795 1484 911 1545 debita.
946 1480 1016 1546 Non
1038 1484 1122 1546 enim
1144 1482 1214 1545 deri
1247 1494 1353 1563 potest
1374 1486 1445 1548 tatia
1467 1485 1521 1563 pati

421 1585 553 1664 angelos
575 1583 606 1646 in
627 1590 801 1663 conspectu
825 1579 882 1645 Dei
905 1584 1076 1646 adstantes.
1099 1581 1309 1663 Quapropter
1330 1586 1361 1647 in
1384 1586 1442 1649 hoc
1461 1585 1523 1647 ioco

421 1685 579 1766 Origenes
593 1686 825 1766 sapientissime
839 1687 933 1761 dixit,
946 1686 1077 1765 angeios
1093 1683 1151 1747 Oei
1166 1688 1310 1767 separari
1323 1706 1342 1748 a
1359 1686 1443 1750 iideii
1455 1704 1523 1749 suae

422 1806 523 1852 curae
544 1789 728 1864 commisso,
752 1787 883 1869 quando
904 1788 1167 1851 commonitiones
1189 1807 1264 1852 snas
1278 1790 1419 1870 spernit;
1440 1786 1524 1851 nulii·

423 1891 517 1956 mode
541 1910 619 1955 rere
635 1899 727 1971 putat
742 1889 886 1966 eosdem,
904 1891 1148 1969 transgressoris
1163 1891 1268 1971 culpis
1279 1901 1311 1953 et
1327 1890 1435 1972 poenis
1450 1908 1525 1952 eom·

387 2057 389 2060 .
423 1994 601 2057 manicare.
625 1992 668 2057 ut
688 1992 730 2055 ob
753 1992 815 2055 hoc
835 1994 868 2055 in
889 1989 987 2055 Libro
1011 1990 1069 2055 iii.
1093 2010 1123 2053 n.
1138 1988 1189 2056 37.
1212 2001 1323 2055 contra
1348 1990 1474 2055 Celsum
1492 1990 1526 2051 de

421 2094 498 2172 ipsis
519 2095 641 2174 inquit:
666 2114 684 2152 «
705 2092 768 2169 Qui
784 2093 987 2171 (christiani)
1003 2094 1109 2156 sciunt
1128 2091 1214 2161 Siros
1229 2086 1287 2161 itai
1305 2088 1397 2185 ipro:
1411 2088 1526 2185 ἄγγελοι

420 2192 479 2263 τοῦ
500 2194 579 2263 θεόυ
601 2194 726 2258 divinos
755 2203 787 2258 et
808 2202 934 2259 sanctos
966 2195 1096 2275 angelos
1117 2195 1175 2259 Dei
1197 2196 1334 2260 atterius
1357 2202 1487 2259 naturae
1504 2202 1530 2258 ct

426 2280 601 2362 voluntatis
615 2315 685 2359 esse
698 2314 737 2360 ae
751 2296 922 2360 daemones
943 2314 1065 2374 omnes,
1082 2297 1138 2377 qui
1161 2298 1191 2359 in
1208 2304 1294 2359 terra
1309 2306 1396 2360 sunt.
1420 2317 1435 2355 u
1456 2296 1527 2363 dnm

423 2398 533 2477 itaqua
545 2396 603 2460 tos
616 2396 773 2461 coelestes
786 2396 919 2477 spiritus
933 2396 1089 2476 Origenes
1104 2406 1269 2478 nuncupet
1282 2397 1410 2461 divinoe
1426 2407 1451 2459 et
1465 2415 1528 2459 son·

424 2509 489 2563 etos
502 2517 630 2563 omnem
646 2499 687 2561 ab
702 2499 750 2563 his
764 2507 895 2563 amovet
910 2500 1061 2581 peccandi
1076 2501 1288 2564 occasionem.
1303 2498 1441 2565 Divinae
1456 2500 1528 2564 enim

422 2601 548 2682 gloriae
568 2602 740 2683 participes
762 2601 832 2665 deri
855 2603 967 2683 nequit
988 2612 1025 2666 ut
1045 2620 1190 2683 unquam
1209 2620 1226 2665 a
1243 2604 1391 2667 caritatis
1413 2602 1529 2668 ierrore

424 2704 579 2790 desinant.
611 2701 784 2769 Praeterea
806 2706 837 2766 io
861 2701 960 2767 Libro
983 2702 1070 2768 vin.
1093 2724 1123 2767 n.
1145 2704 1195 2769 27.
1219 2705 1324 2787 inquit
1347 2704 1450 2770 Deum
1472 2706 1529 2783 pio·

423 2822 498 2881 rum
520 2806 687 2869 custodiae
700 2803 824 2869 divinos
837 2823 912 2867 auos
930 2806 1058 2887 angelos
1074 2807 1270 2888 praeficere:
1285 2827 1370 2888 quos
1393 2806 1527 2872 custodia

423 2904 535 2987 dignos
557 2908 655 2983 ridet,
679 2917 716 2971 ut
736 2907 814 2970 nihii
836 2908 902 2971 iilis
922 2908 1093 2972 daemones
1108 2918 1254 2972 noceant.
1270 2908 1302 2975 Si
1323 2908 1426 2989 igitur
1447 2923 1529 2985 ange·

423 3009 447 3071 ii
468 3009 508 3070 ad
529 3008 708 3071 custodiam
739 3008 886 3071 destinati
909 3026 1023 3071 eorum
1034 3050 1046 3081 ,
1077 3026 1160 3089 quos
1183 3010 1237 3071 tati
1260 3008 1409 3072 custodia
1431 3006 1529 3085 dignes

427 3111 514 3173 ridet
527 3106 628 3184 Deus,
644 3128 684 3173 ne
701 3109 749 3173 his
763 3117 899 3173 noceant
914 3110 1098 3186 daemones,
1120 3128 1254 3190 peccare
1269 3111 1459 3191 potuissent,
1480 3112 1529 3168 aut

424 3211 530 3275 edicio
552 3230 613 3275 suo
638 3212 760 3286 deesse,
777 3210 883 3293 quatis
898 3208 955 3273 Oei
978 3211 1179 3291 providentia
1202 3228 1277 3291 erga
1295 3210 1420 3273 eiectos
1439 3200 1531 3271 suos?

505 3311 595 3390 Quos
610 3321 719 3376 autem
744 3313 869 3377 divinos
891 3319 923 3377 et
943 3322 1069 3377 sanctos
1091 3314 1246 3394 angelos,
1266 3314 1339 3377 ideo
1362 3314 1405 3376 ita
1435 3317 1529 3379 vocat,

425 3416 501 3498 quia
525 3432 660 3497 peccare
681 3434 743 3478 non
766 3425 912 3495 possunt,
936 3416 1047 3480 necin
1070 3416 1245 3477 ministerio
1270 3416 1406 3495 proprio
1428 3412 1530 3475 defice

301 3525 304 3531 '
426 3536 488 3593 re,
510 3537 568 3581 nec
590 3521 621 3581 in
643 3519 748 3598 culpis
771 3518 927 3598 reperiri,
958 3516 1182 3597 comprobavit
1208 3515 1367 3594 Origenes
1390 3512 1427 3577 in
1446 3526 1529 3591 erpo

425 3619 542 3683 sitione
554 3616 795 3683 Prouerdierum
816 3638 844 3682 c.
859 3617 947 3682 XXi.
971 3618 1022 3683 Oi.
1047 3618 1151 3700 (edita
1173 3617 1214 3679 ab
1232 3615 1312 3679 Etim
1330 3614 1462 3698 Majoi:
1484 3630 1532 3674 on·

423 3721 565 3800 peiorum
585 3719 742 3796 estimem,
762 3738 928 3801 ttunpttom
949 3717 1168 3799 concupiscere
1184 3714 1456 3797 concupiscentiae
1475 3732 1531 3773 rno-

422 3821 513 3886 titiae
524 3844 536 3901 5
558 3824 747 3887 doemonum
767 3840 839 3884 oero
859 3839 980 3903 semper
1001 3826 1082 3884 mete
1102 3818 1331 3901 concupiscere.
1356 3817 1451 3895 Quod
1476 3832 1534 3875 rua·

424 3922 627 3988 nitestissime
646 3926 759 3987 statuit
782 3925 861 3986 inc.
886 3920 923 3986 V.
948 3922 1035 3985 Libri
1059 3922 1082 3985 Ι.
1102 3919 1310 3995 Periercion,
1334 3928 1468 3982 naturas
1488 3931 1533 3975 ra·

426 4025 561 4090 tienaies
581 4030 613 4090 in
636 4028 696 4089 tria
719 4042 836 4105 genera
858 4025 1076 4104 distinguens,
1099 4041 1199 4103 genus
1221 4021 1347 4085 scilicet
1367 4019 1532 4099 spirituum

425 4129 616 4192 coelestium
638 4138 670 4191 et
690 4135 893 4203 sanctornm,
911 4126 1053 4189 aiterum
1069 4124 1289 4204 'rualignarum
1314 4122 1485 4194 virtutum,
1505 4121 1534 4176 ei

426 4234 558 4294 tertium
580 4232 747 4295 hominum
768 4248 868 4310 genus
879 4250 891 4308 ;
920 4232 975 4309 qui
998 4226 1081 4290 inter
1111 4226 1209 4289 bonos
1228 4236 1256 4287 et
1277 4224 1381 4288 maios
1411 4230 1533 4283 naturas

425 4330 521 4394 medii
541 4342 619 4396 sunt
638 4342 666 4395 et
686 4333 790 4397 adduc
810 4333 848 4394 in
867 4349 966 4413 ogone
986 4342 1014 4392 et
1035 4326 1205 4392 certamine
1222 4324 1329 4408 positi.
1353 4322 1493 4403 ideoque
1510 4316 1533 4381 si

428 4435 560 4499 tertium
580 4453 680 4513 genus
702 4444 896 4498 naturarum
919 4432 1127 4497 rationalium
1156 4428 1377 4494 tantummodo
1401 4422 1531 4488 medium

427 4534 548 4600 dixerit
567 4539 652 4602 iuter
672 4538 771 4601 tonas
785 4545 818 4599 et
839 4535 940 4599 mutas
961 4546 993 4599 et
1014 4534 1122 4599 adhue
1135 4534 1167 4595 in
1188 4550 1291 4615 agone
1311 4529 1464 4613 positum5
1480 4538 1531 4583 ex·
