3375 5567
148 771 187 833 nis
205 768 361 845 ueritate,
389 768 463 835 illas
482 785 584 851 aquas
605 771 739 837 realiter
758 770 957 835 corstituere
975 779 1009 835 et
1034 770 1146 835 heberi
1166 771 1244 835 snb-

146 872 261 935 stantias
279 870 440 952 angelicas
460 878 493 935 el
513 880 621 936 cetera
644 872 830 955 huiusmodi
853 872 1030 952 paradoxa.

212 971 302 1048 item,
317 971 406 1035 alind
421 972 480 1037 silui
504 971 573 1036 vult
596 971 758 1053 interpres
779 973 945 1054 inquiens,
968 974 1116 1038 tenebras
1135 960 1254 1056 abyssi

145 1072 202 1135 sire
220 1071 348 1136 occulta
372 1078 479 1135 terrae
511 1072 745 1151 profundiora,
778 1073 1022 1139 similitudinem
1050 1092 1164 1154 perere
1184 1081 1244 1137 ant

145 1171 336 1246 daemonum,
358 1181 415 1235 ent
436 1174 617 1237 animorum
637 1190 673 1237 se
693 1173 880 1238 cerealibus
907 1174 1074 1239 desideriis
1098 1175 1244 1254 olligen-

146 1274 235 1338 ilum:
257 1281 290 1339 et
311 1272 399 1337 uliud
420 1274 633 1354 significatur,
655 1275 786 1355 quando
805 1277 898 1357 quis,
920 1277 1003 1341 idest
1022 1277 1133 1340 schole
1157 1275 1245 1339 liar·

145 1376 243 1449 olonis,
259 1374 336 1439 dicit
357 1375 462 1459 enpssl
477 1376 624 1439 tenebras
638 1378 837 1440 constituere
859 1377 1004 1450 realiter,
1027 1376 1244 1441 erersesiusi·

144 1478 279 1553 litndine,
295 1478 500 1541 adversarias
515 1484 689 1557 potestates
708 1478 777 1542 sire
796 1477 969 1541 daemones
990 1476 1060 1543 ileo
1080 1477 1242 1541 rebellans

144 1581 178 1641 lta
197 1580 279 1642 enim
294 1579 473 1653 sentiendo,
488 1576 660 1643 creationis
681 1578 801 1642 rerites
822 1586 856 1642 at
874 1579 958 1643 ordo
979 1579 1107 1658 penltns
1127 1594 1244 1642 evane-

142 1689 265 1743 scerent.
288 1676 350 1741 Ex.
375 1696 405 1758 p.
429 1679 460 1740 in
481 1696 511 1739 ιι.
532 1674 564 1741 2.
588 1678 754 1757 praefatae
783 1676 945 1742 Romiliae
968 1678 991 1740 Ι.
1012 1676 1051 1742 in
1074 1674 1240 1741 Generimt

145 1800 157 1835 ι
174 1780 253 1844 sicut
266 1798 359 1859 ergo,
371 1780 429 1855 ait,
444 1778 683 1843 firmamentum
698 1778 827 1843 coelum
841 1779 1041 1859 appellatum
1056 1786 1117 1855 est,
1131 1798 1173 1842 ex
1189 1796 1242 1852 eo,

146 1881 223 1959 qnod
243 1879 367 1944 diridet
382 1880 466 1943 inter
486 1898 540 1943 eas
554 1896 670 1961 aquas,
691 1898 777 1959 qnae
790 1887 868 1944 snut
879 1881 1110 1961 auperipsum,
1128 1887 1162 1943 et
1178 1896 1245 1953 eas,

143 2000 218 2063 qnae
235 1980 298 2046 snb
309 1983 380 2065 ipsc
399 1987 494 2047 sunta
510 1982 553 2045 itu
576 1990 609 2045 et
631 1983 813 2063 hemmoni
834 1983 868 2045 ln
880 1998 1022 2061 corpore
1036 1983 1160 2061 positos
1178 1990 1240 2058 est,

143 2083 164 2144 si
176 2081 319 2146 dividere
340 2082 497 2163 potnerit,
513 2089 546 2145 et
559 2082 743 2147 discernere
763 2099 849 2162 qnae
862 2082 1054 2163 sinteqnae,
1069 2089 1245 2161 quaesunt

142 2184 316 2264 superiores
329 2200 430 2263 snper
443 2182 693 2257 firmamentum,
707 2189 741 2245 et
753 2199 840 2262 qnae
857 2180 919 2245 snb
939 2180 1142 2244 firmamento
1153 2187 1242 2257 sunl,

142 2286 228 2346 etiem
249 2287 317 2365 ipse
338 2284 485 2360 eoelum,
507 2283 589 2348 idest
609 2281 759 2347 coelestis
781 2283 879 2345 homo
898 2282 1120 2362 appellabitur
1139 2289 1202 2346 etc.
1226 2300 1243 2339 s

143 2382 237 2450 Nemo
256 2388 368 2469 iisqne
382 2388 414 2451 in
436 2388 485 2450 itis
507 2384 613 2449 serbis
626 2386 701 2459 erit,
723 2384 780 2464 qni
803 2400 866 2447 non
881 2383 1056 2462 distinguat
1076 2384 1246 2471 dnaspro·

143 2490 325 2567 positiones,
347 2486 590 2553 similitudinem
622 2486 695 2550 dico
720 2493 753 2547 et
773 2484 1009 2563 assimilatum
1034 2495 1068 2547 et
1088 2486 1162 2548 intuo
1182 2502 1246 2549 non

144 2588 241 2651 rideat
260 2606 395 2669 quoque
415 2586 551 2667 nequire
572 2587 604 2649 lu
623 2602 659 2650 se
679 2585 845 2663 conlundi,
867 2587 946 2667 quin
965 2594 1176 2666 pervertetur
1195 2604 1246 2649 ar·
1293 2572 1301 2587 ’

143 2692 275 2768 nummii
295 2689 406 2753 series
1147 2726 1151 2733 -

210 2789 362 2867 Demum,
378 2808 442 2855 non
459 2796 584 2853 tantum
606 2789 649 2853 ob
662 2808 688 2853 s.
706 2788 875 2863 Basiliam,
890 2790 946 2853 sed
961 2795 994 2853 et
1007 2796 1143 2870 propter
1161 2797 1247 2855 cete-

142 2908 198 2965 ros,
219 2894 276 2973 qnl
296 2910 339 2957 ex
353 2911 379 2956 a.
398 2890 548 2957 Doetmis
563 2893 744 2955 testimonio
764 2890 993 2953 existimarunt
1005 2891 1178 2971 Origenem
1201 2893 1248 2953 io·

141 2993 288 3059 simulare
301 2994 345 3057 ob
364 2993 541 3072 allegoriae
555 3010 651 3061 nsum
673 2992 705 3053 in
717 2992 916 3067 exponendis
935 2991 1037 3053 sacris
1055 2989 1246 3071 Scripturis,

141 3094 292 3159 neminem
312 3098 424 3169 leteat,
446 3094 648 3167 methodum,
670 3109 769 3172 quarn
790 3092 952 3171 praestitit
964 3090 1121 3170 Origenes
1140 3093 1173 3153 in
1195 3088 1249 3157 lii·

142 3192 276 3260 iliorum
297 3197 552 3271 commentariis,
582 3196 727 3258 eamdam
759 3192 942 3257 excoluisse
963 3190 1131 3267 Basiliam,
1152 3192 1249 3257 sicuti

141 3296 309 3360 universim
324 3294 490 3359 Ecclesiae
511 3294 634 3359 Patres.
653 3292 683 3357 ls
697 3294 781 3356 enim
803 3311 857 3356 ex.
872 3310 903 3372 p.
924 3289 962 3354 a'n
986 3290 1108 3355 iscium
1127 3309 1156 3354 c.
1176 3290 1247 3355 vlt.

141 3412 167 3454 n.
177 3393 247 3461 tan.
262 3396 346 3459 dicia
361 3396 560 3477 explanans:
581 3412 679 3476 nepae
693 3394 801 3457 timeor
811 3413 833 3456 ιι
848 3392 969 3456 emim
982 3392 1082 3473 lienis
1100 3390 1249 3457 titionem

141 3494 270 3559 istorum
288 3495 531 3578 lanipendium,
544 3497 610 3559 ait:
628 3518 644 3555 ιι
659 3495 678 3560 J
683 3496 823 3559 ubemur
837 3512 902 3557 non
921 3502 1068 3558 metuere
1084 3512 1100 3555 a
1116 3510 1250 3574 persna-

141 3596 282 3664 stlitibus
302 3597 470 3678 gentilium
492 3598 650 3678 argutiis,
677 3614 783 3677 neque
804 3598 845 3659 ab
866 3596 1144 3660 heterodoxorum
1166 3596 1251 3658 lilas-

142 3698 293 3775 pltemiis:
316 3716 402 3778 quae
421 3706 497 3763 suut
517 3698 601 3777 tipus
624 3697 713 3771 dno,
738 3697 790 3758 rel
811 3700 920 3776 potius
941 3697 1069 3761 titiones
1089 3697 1169 3773 dno,
1191 3697 1249 3776 nni

144 3798 226 3861 ritali
247 3800 378 3881 plsntee
399 3801 522 3863 virtute
552 3816 590 3863 ac
611 3799 688 3879 ligni
709 3796 828 3861 robore
849 3798 1014 3874 destituti,
1044 3798 1125 3878 ignia
1144 3799 1251 3879 splen·

143 3894 215 3962 dore
245 3901 382 3981 praediti
411 3918 474 3963 nou
495 3907 592 3979 sunt3
622 3900 677 3963 sed
699 3906 774 3963 sunt
804 3898 931 3962 titiones
953 3899 1168 3979 fumigantes,
1191 3886 1248 3977 qni

144 4016 205 4073 eos,
227 4002 385 4082 equinos
406 4006 599 4079 tanguntur,
622 4000 810 4079 denigrant,
832 3999 1063 4078 maculantque
1083 4005 1116 4061 et
1136 3995 1251 4059 oculos

144 4098 197 4160 sitii
217 4102 367 4180 proxime
388 4101 610 4164 accedentium
640 4106 818 4179 provocant
839 4100 879 4161 ad
901 4099 1073 4182 lacrymas.
1102 4096 1200 4173 Quod
1223 4097 1249 4159 si

144 4214 228 4263 nosse
251 4202 298 4264 ris
320 4208 478 4281 quantum
500 4200 616 4263 alierat
647 4196 832 4263 detrimenti
854 4198 965 4263 lomus
986 4198 1135 4261 titionum
1154 4196 1253 4261 tomi·

145 4304 297 4378 pontium,
320 4302 504 4365 memineris
534 4300 726 4377 Salomonis,
748 4302 804 4382 qni
826 4300 924 4363 dicit:
953 4297 1037 4362 sicui
1056 4316 1120 4360 ιιυιι
1139 4296 1252 4361 ocerlc

144 4399 280 4466 dentibus
298 4412 345 4466 est
363 4402 476 4479 nomin,
498 4411 527 4465 et
545 4402 653 4481 {umus
673 4400 794 4474 ocelim
814 4400 862 4465 rs'c
882 4399 1118 4484 iniquiorem,
1138 4396 1196 4481 pass'
1213 4417 1252 4462 ιι·

145 4508 255 4567 tantur
274 4522 320 4569 eu.
338 4502 516 4571 Eulmrero
536 4502 674 4585 opinor,
690 4511 860 4585 peecatum
882 4505 915 4569 in
936 4502 1099 4585 nequitiae
1120 4499 1252 4565 actioni·
