3375 5567
532 754 655 836 Noqois
673 762 784 820 autem
805 756 845 821 de
861 762 923 821 boc
938 755 1122 821 testimonio
1141 756 1267 821 dubitet
1282 772 1322 821 sc
1340 754 1368 820 si
1387 753 1427 817 ab
1444 753 1541 819 eodem

452 856 583 921 Ruffino
603 858 751 938 origenis
777 859 870 923 libris
891 860 1012 923 inserto
1032 864 1163 939 practer
1187 857 1277 922 iiiios
1298 864 1447 933 mentem,
1466 857 1545 919 adeat

450 955 586 1020 Librum
609 956 681 1021 Vii.
702 977 731 1022 c.
761 958 813 1025 32.
839 966 951 1023 contra
980 957 1131 1033 Celsum,
1153 957 1208 1022 nbi
1231 956 1341 1021 noilns
1361 958 1446 1021 snbtt
1464 958 1546 1021 inter·

452 1058 624 1137 potationis
639 1070 766 1142 metua;
789 1068 822 1123 et
835 1060 891 1123 nbi
907 1060 1099 1123 universatis
1112 1058 1359 1123 resurrectionis
1377 1059 1545 1143 mysterium

450 1162 596 1240 apprime
617 1169 650 1223 et
664 1162 805 1227 adstruit
825 1161 995 1242 Origenes,
1014 1168 1045 1225 et
1066 1163 1164 1224 menti
1178 1160 1547 1242 spostolicaeconprnen·

453 1268 504 1325 ter
519 1263 683 1343 explicat:
707 1284 724 1323 o
746 1262 908 1341 Quoniam
924 1281 1015 1337 roro,
1038 1263 1156 1342 inquit,
1178 1260 1426 1325 resurrectionis
1446 1260 1545 1341 dopna

451 1362 575 1439 (altum
595 1382 672 1427 sane
692 1373 725 1430 et
738 1373 914 1429 enarratur
928 1362 1068 1439 difficile,
1085 1363 1239 1444 qnodque
1258 1362 1399 1427 maxime
1420 1364 1547 1425 omniun

448 1463 569 1545 indiget
590 1464 660 1529 niro
678 1467 834 1546 sapiente,
856 1467 955 1529 immo
976 1466 1008 1527 in
1023 1466 1177 1545 sapientia
1200 1473 1368 1545 provecto,
1384 1463 1442 1545 qni
1460 1470 1550 1527 oston-

449 1563 506 1628 dat
525 1584 624 1646 qnam
645 1568 775 1649 dignum
790 1565 859 1632 Deo
881 1568 962 1631 iliud
984 1568 1038 1642 ait,
1053 1584 1152 1647 qnam
1167 1565 1327 1645 sublime,
1349 1563 1502 1646 siqnidem
1515 1582 1549 1625 er

450 1664 509 1728 ilio
529 1666 681 1729 discimus
701 1668 858 1732 rationem
886 1667 1016 1731 suminis
1035 1685 1105 1729 ease
1127 1667 1157 1728 in
1180 1666 1241 1729 boc
1261 1664 1401 1739 animae,
1424 1669 1460 1727 nt
1478 1659 1550 1726 Scri·

453 1773 570 1849 ptnrae
602 1777 740 1843 vocant,
765 1768 994 1844 tabernaculo,
1018 1768 1051 1830 in
1072 1785 1139 1848 quo
1158 1766 1239 1848 justi
1261 1763 1470 1847 inposuissent
1489 1782 1551 1842 pro·

449 1867 529 1945 noti,
541 1868 680 1930 nolentes
692 1867 866 1950 expoliari,
886 1870 939 1931 sed
953 1864 1156 1949 supervestiri
1167 1870 1198 1942 i;
1221 1867 1293 1931 ideo
1308 1866 1423 1953 Gaiana
1438 1867 1549 1937 irridet,

449 1969 507 2049 qui
527 1987 589 2055 non
610 1970 831 2050 inteiligitnee
851 1970 975 2034 audivit
993 1971 1051 2033 nisi
1072 1969 1113 2033 ab
1133 1969 1302 2049 imperitis,
1323 1970 1381 2049 qni
1402 1968 1491 2033 nuilo
1509 1984 1552 2028 ar·

448 2081 603 2151 puniente
625 2072 707 2136 iilud
728 2072 900 2137 adstruere
921 2078 1083 2154 poterant,
1105 2071 1187 2134 ntite
1209 2070 1341 2147 iecerit,
1361 2078 1492 2152 praeter
1508 2086 1550 2142 er,

449 2190 534 2251 qnae
555 2173 595 2235 de
615 2174 677 2236 bac
697 2192 734 2236 re
749 2191 847 2254 snpra
869 2174 1055 2248 dictasunt,
1079 2172 1254 2236 bocunnm
1276 2172 1465 2243 observare,
1479 2186 1551 2250 qnae

449 2272 489 2336 de
505 2276 744 2337 resurrectione
765 2275 935 2349 tradimus,
947 2292 984 2337 ea
1007 2290 1070 2336 nnn
1085 2272 1258 2352 proticisci,
1272 2281 1309 2337 nt
1324 2271 1442 2337 Celsus
1460 2280 1550 2351 pntat,

449 2392 492 2437 cx
514 2375 598 2438 male
612 2375 774 2438 intellecta
797 2375 979 2438 animarum
994 2392 1011 2437 a
1028 2374 1220 2455 corporibus
1241 2374 1273 2436 in
1287 2391 1429 2454 corpora
1444 2375 1552 2453 suipra·

451 2475 555 2555 tione;
574 2476 630 2539 aed
648 2476 724 2557 qnia
738 2478 859 2541 scimus
873 2478 1011 2541 animam
1028 2484 1142 2539 natura
1166 2476 1390 2555 incorpoream
1407 2483 1442 2539 ct
1460 2473 1553 2535 innisi·

449 2576 561 2653 bitem,
582 2578 615 2639 in
635 2577 728 2640 nulio
749 2595 909 2657 corporeo
930 2578 1104 2641 consistere
1123 2576 1213 2652 loco,
1236 2576 1313 2655 qnin
1333 2575 1474 2656 indigeat
1491 2590 1552 2636 cnr·

449 2690 530 2755 pore
542 2676 583 2739 ad
601 2686 750 2741 naturam
765 2677 854 2741 illins
871 2678 935 2740 loci
950 2676 1210 2741 accommodato:
1228 2677 1315 2757 quod
1331 2693 1454 2757 eorpus
1470 2672 1553 2737 modo

448 2778 579 2857 quidem
600 2787 716 2859 gestat,
737 2787 839 2843 exuto
862 2779 962 2861 priori
985 2778 1091 2858 (quod
1107 2786 1200 2841 antea
1223 2779 1443 2841 necessarium
1458 2778 1509 2840 sed
1527 2777 1552 2837 io

449 2890 617 2959 posterum
645 2880 844 2958 redundans)
866 2882 961 2943 modo
983 2889 1091 2943 antem
1113 2896 1214 2958 snper
1231 2879 1339 2953 titud,
1362 2880 1453 2959 quod
1475 2877 1554 2960 prins

450 2981 601 3058 babebat,
622 2981 770 3045 induitur
799 2981 939 3055 meliori,
963 2999 1029 3061 qun
1051 2981 1181 3061 indiget,
1208 2988 1245 3043 nt
1266 2980 1305 3042 ad
1328 2982 1481 3061 puriores
1509 2996 1554 3039 ae·

451 3083 579 3146 thereos
590 3083 810 3161 caelestesque
823 3082 913 3145 iocos
936 3084 1112 3162 perveniat.
1131 3080 1173 3145 Et
1187 3081 1300 3147 eadem
1317 3083 1490 3145 rationein
1505 3082 1556 3141 bra

452 3187 515 3248 rita
533 3201 676 3261 nascens,
693 3185 911 3247 membranam
928 3184 1032 3255 eruit,
1054 3202 1203 3264 quaeum
1226 3184 1258 3245 in
1273 3184 1371 3246 rntva
1385 3180 1557 3247 matrisob

451 3286 539 3351 volni
561 3286 642 3349 utile
662 3293 750 3362 erat,
772 3286 927 3366 quamdin
950 3288 982 3348 in
1002 3304 1039 3349 ea
1062 3285 1139 3365 iuit;
1154 3286 1209 3349 sed
1230 3294 1406 3366 antequam
1428 3286 1516 3348 illam
1530 3302 1557 3347 e·

450 3394 676 3465 xoat,eorpna
691 3385 808 3460 induit,
824 3386 911 3464 qnod
925 3392 996 3449 erat
1017 3386 1047 3447 in
1064 3392 1149 3449 terra
1163 3386 1291 3448 victuro
1304 3388 1557 3448 necessarium.»

530 3486 683 3555 Ceterum
695 3488 782 3567 qnod
797 3488 839 3550 ibi
857 3488 933 3551 dicit
947 3486 1178 3570 Hieronymus,
1192 3494 1344 3568 tanquam
1359 3506 1403 3552 ex
1418 3507 1477 3551 oro
1492 3484 1559 3549 Ori·

452 3590 540 3671 penis
561 3590 742 3669 prolatum,
764 3588 804 3651 de
824 3596 910 3653 statu
935 3590 1070 3653 bominis
1092 3590 1273 3670 incorporei
1296 3590 1327 3651 in
1350 3587 1561 3655 resurrectio·

452 3710 512 3767 ne,
536 3692 683 3772 Apostoli
705 3691 811 3754 verbis
831 3691 983 3754 innixus:
1014 3689 1162 3772 quoniam
1182 3700 1211 3754 et
1230 3689 1301 3771 ipsa
1320 3702 1472 3755 creature
1493 3688 1560 3750 tibe-

448 3791 572 3856 rebitur
592 3812 612 3853 a
633 3789 780 3855 seruitute
798 3790 1014 3871 corruptionis
1034 3789 1070 3853 in
1091 3788 1262 3853 libertatem
1286 3790 1407 3870 pieriae
1426 3788 1561 3869 fitiorum

453 3892 521 3970 Dei,
546 3894 680 3973 rciiqnis
693 3893 888 3955 adversatur
908 3893 1239 3974 interpretationibus,
1258 3909 1339 3973 quas
1360 3893 1438 3955 aiibi
1460 3894 1559 3955 eidem

452 3996 635 4061 testimonio
655 3995 793 4057 contulit
814 3991 1034 4057 Adamantius.
1063 3992 1104 4057 Et
1125 3996 1185 4057 boc
1207 3995 1397 4074 praesertim
1419 3994 1562 4059 decerni·

449 4106 557 4160 turea
570 4096 667 4177 bujns
680 4094 919 4161 Commentario
934 4093 970 4157 in
985 4092 1159 4175 Epistoiom
1181 4096 1224 4158 od
1234 4092 1396 4159 Romanos
1409 4094 1479 4159 Lib.
1494 4092 1559 4155 Vii.

450 4217 481 4261 n.
497 4193 528 4263 i.
546 4197 600 4260 ubi
623 4197 788 4261 rarimode
807 4198 902 4259 citata
922 4197 1019 4259 verba
1038 4196 1201 4277 expendit.
1218 4194 1402 4276 lanamque
1423 4197 1465 4259 ad
1482 4196 1560 4259 Pso-

451 4299 474 4361 ii
489 4307 640 4371 urentem,
657 4300 817 4361 bominem
838 4299 1024 4361 interiorum
1040 4299 1234 4377 distinguens
1249 4298 1290 4360 ab
1304 4300 1484 4372 exteriore,
1501 4296 1560 4375 pri·

453 4418 540 4463 mum
565 4400 694 4479 quidem
722 4406 816 4463 vocat
840 4398 1131 4479 incorruptibilem,
1157 4397 1351 4462 invisibilem
1360 4418 1372 4479 3
1394 4408 1427 4461 ct
1451 4414 1561 4461 secam·

451 4502 528 4565 dnrn
553 4502 714 4582 propriam
727 4500 786 4565 sibi
808 4502 978 4575 rationem,
995 4510 1027 4563 et
1042 4501 1269 4581 incorporeum
1286 4502 1390 4583 ipsum
1406 4499 1470 4563 dici
1494 4514 1560 4577 pos·
