3375 5567
450 657 609 833 {iulum
628 768 831 832 sermonibus
852 769 919 832 suis
940 768 1118 844 inseruere,
1140 768 1332 850 scriptisque
1357 765 1542 832 mandarant.

454 868 523 933 Nisi
544 870 646 951 quod,
662 889 737 934 cnm
758 888 840 950 opus
863 869 894 934 id
919 871 1028 946 vellet,
1047 873 1128 934 banc
1143 888 1345 934 communem
1361 871 1548 934 distinxerint

455 971 740 1053 nuncupationem,
765 972 1007 1054 jumentorum,
1027 973 1095 1037 siva
1116 972 1308 1053 quorumvis
1329 972 1549 1036 irrationalium

338 1157 341 1162 Ι
453 1081 682 1138 creaturarum
708 1074 897 1150 animabus,
922 1077 969 1137 uti
992 1074 1157 1138 bominum
1178 1075 1384 1154 singiliatim,
1403 1091 1484 1154 quse
1500 1091 1549 1136 sna

452 1186 546 1239 eraut
566 1195 604 1240 ac
618 1176 764 1257 propria,
781 1176 1003 1240 concedentes.
1024 1174 1139 1256 ltaque
1159 1175 1328 1257 Origenes,
1344 1176 1401 1257 qui
1419 1178 1449 1238 iu
1463 1177 1551 1238 omni·

451 1277 512 1339 bus
533 1279 755 1358 apostolorum
780 1277 1004 1341 traditionibus
1026 1278 1246 1341 inhaerentem
1269 1299 1303 1342 se
1325 1279 1477 1358 praebet,
1499 1279 1551 1338 boc

449 1377 574 1442 enimes
594 1397 721 1455 nomen,
746 1379 809 1442 tale
830 1396 847 1440 a
865 1379 1166 1458 praedecessoribus
1187 1382 1359 1461 accipiens,
1376 1379 1551 1444 coercuiss-

451 1491 501 1544 ter
521 1483 684 1562 exposuit,
707 1483 784 1561 quin
817 1498 959 1562 unquam
982 1500 998 1542 a
1024 1485 1160 1545 veritate
1180 1481 1356 1558 deiiceret,
1380 1500 1418 1545 ao
1441 1482 1551 1564 potissi·

448 1601 538 1646 mum
558 1583 598 1646 dc
620 1585 744 1646 animae
764 1583 926 1646 humanae
946 1583 1076 1648 dotibus
1091 1585 1285 1648 discurrens.

530 1686 577 1749 dc
607 1687 741 1748 interim·
757 1685 934 1758 audiatur,
964 1685 1051 1766 qood
1074 1687 1143 1765 lpse
1173 1685 1330 1767 peculiari
1363 1699 1506 1748 sermone
1524 1685 1550 1745 in

451 1783 548 1849 Libro
571 1785 612 1851 ll.
632 1784 830 1850 Periercbors
844 1806 872 1850 c.
889 1783 977 1849 vttl.
1001 1783 1029 1850 l.
1046 1787 1157 1850 scribit
1171 1787 1211 1849 de
1226 1789 1348 1849 anione:
1366 1784 1470 1849 «Post
1484 1784 1551 1846 baec

444 1888 512 1968 jaus
533 1887 616 1951 ordo
630 1871 774 1968 deposcit
793 1907 851 1952 uos
866 1889 962 1952 etiam
984 1887 1023 1951 de
1044 1891 1148 1950 enims
1173 1889 1370 1968 generaliter
1384 1887 1549 1966 inquirere,

447 1998 481 2051 ot
501 1990 542 2052 ab
562 1991 772 2054 interioribus
788 1991 973 2071 incipientes
995 1990 1033 2052 ad
1053 1993 1223 2072 superiora
1240 1991 1468 2054 conscendere.
1485 1985 1550 2049 iisse

446 2109 587 2173 namque
607 2094 728 2156 animas
749 2093 780 2155 io
801 2093 936 2173 singolis
966 2093 1153 2172 quibusque
1174 2093 1393 2166 animalibus,
1416 2093 1506 2154 etiam
1525 2091 1550 2151 in

446 2194 517 2270 bis,
539 2213 624 2275 quae
644 2197 676 2257 tu
697 2195 791 2275 aquis
812 2195 954 2275 dogunt,
981 2211 998 2256 a
1022 2195 1114 2258 nullo
1135 2195 1281 2256 arbitror
1300 2195 1456 2258 dubitari.
1480 2190 1549 2256 Nam

445 2303 478 2356 et
499 2299 679 2359 communis
700 2296 843 2357 omnium
867 2297 928 2358 boc
949 2303 1056 2358 serrat
1079 2296 1200 2374 opiui03
1217 2303 1248 2356 et
1268 2293 1473 2358 confirmatio
1491 2311 1551 2354 ssu·

445 2404 516 2459 ctae
536 2393 726 2477 Scripturas
746 2397 951 2460 auctoritatis
972 2396 1116 2472 accedit,
1139 2415 1213 2459 enm
1236 2397 1373 2472 dicitur,
1394 2395 1468 2476 quia
1488 2392 1550 2475 {ecit

443 2495 529 2560 Deus
549 2507 628 2560 cetos
643 2517 773 2578 mopsos
793 2507 821 2560 ct
839 2517 961 2561 omnem
981 2497 1120 2562 unimam
1142 2497 1355 2561 animantium
1377 2495 1549 2578 repentium,

442 2617 524 2682 quor
550 2602 773 2682 produxerunt
801 2618 905 2681 aquas
927 2601 1098 2665 secundum
1119 2617 1217 2680 persus
1248 2617 1368 2662 eorum.
1401 2599 1451 2664 Er
1475 2617 1550 2662 com·

445 2703 541 2764 muni·
558 2719 635 2766 sero
669 2703 801 2767 rationis
832 2703 1042 2782 intelligentia
1073 2702 1287 2765 confirmatur
1307 2704 1408 2765 etiam
1429 2703 1470 2767 ab
1488 2703 1547 2774 bis,

445 2805 502 2884 qul
523 2804 738 2868 definitionem
760 2806 884 2870 animae
906 2807 1003 2869 certis
1021 2805 1235 2869 determinant
1259 2804 1377 2866 verbis.
1403 2803 1548 2870 Definitnr

448 2921 587 2986 namque
608 2908 713 2970 anima
733 2907 795 2971 troc
816 2909 912 2972 modo
926 2951 935 2983 ,
951 2911 1026 2987 quia
1048 2907 1089 2970 sit
1113 2907 1290 2970 substantia
1311 2901 1550 2998 φαντασταήοι

445 2998 625 3106 ipponensi
649 3008 736 3088 qnod
751 3008 852 3071 latine
874 3008 951 3074 licet
974 3027 1036 3073 non
1058 3019 1121 3073 tam
1144 3009 1275 3090 proprie
1291 3009 1498 3088 explanetur,
1511 3007 1549 3067 dt·

444 3111 474 3173 ci
498 3120 601 3172 tamen
623 3117 727 3191 potest
747 3108 906 3173 sensibilis
926 3119 958 3174 et
979 3109 1113 3174 mobilis.
1148 3107 1242 3185 Quod
1266 3111 1383 3191 utique
1413 3111 1549 3174 consedit

445 3213 542 3277 etiam
557 3213 597 3277 de
617 3213 766 3276 omnibns
781 3211 974 3274 animalibus
996 3211 1071 3287 dici,
1095 3220 1127 3273 et
1147 3211 1209 3284 nis,
1231 3229 1317 3291 quae
1338 3213 1371 3274 iu
1393 3212 1485 3292 aquis
1503 3210 1548 3271 de·

444 3325 546 3395 μου
564 3314 618 3377 sed
634 3324 666 3379 et
685 3315 716 3377 io
734 3315 923 3378 volucribus
944 3315 1054 3377 eadem
1072 3312 1213 3376 delinitio
1231 3314 1356 3376 animae
1371 3314 1548 3378 consenior·

444 3425 495 3478 ter
513 3416 695 3479 ostenditur
708 3460 807 3479 .....
832 3411 878 3477 lle
897 3415 1051 3496 jumentis
1073 3430 1151 3476 soro
1175 3413 1225 3476 rei
1248 3412 1448 3494 pecudibus,
1470 3411 1545 3493 qnod

444 3518 617 3580 animantia
639 3519 713 3594 sint,
736 3520 833 3581 etiam
849 3517 935 3597 apud
958 3535 1162 3580 communem
1182 3516 1363 3595 opinionem
1386 3515 1476 3580 nulia
1497 3514 1546 3576 dn·

444 3617 558 3680 bitatio
578 3625 636 3680 est.
663 3615 802 3687 Eridens
823 3626 930 3681 tamen
951 3629 999 3681 est
1020 3617 1147 3680 divinae
1175 3616 1364 3697 Scripturas
1384 3619 1545 3688 sententia,

444 3736 519 3782 cum
540 3720 618 3781 dicit
638 3717 746 3783 Dens:
773 3719 933 3783 Producat
945 3727 1033 3783 terre
1046 3718 1186 3784 anienem
1199 3721 1304 3784 nisam
1318 3721 1485 3784 secundum
1505 3733 1547 3796 pr·

443 3839 506 3883 rsus
524 3838 632 3897 suurn,
646 3820 866 3902 qssodrssprdie
886 3829 914 3883 at
933 3819 1074 3903 repentio
1094 3831 1121 3884 et
1141 3821 1254 3885 bestias
1266 3831 1368 3884 terroe
1385 3820 1548 3885 secundus

442 3940 552 4003 perans.
568 3913 641 3987 dam
664 3943 744 3986 sero
764 3925 804 3987 de
825 3924 955 3987 bomine
982 3927 1131 4004 quamvis
1152 3924 1234 3988 nulli
1255 3923 1391 3988 dubium
1413 3924 1475 3998 sit,
1497 3933 1546 3980 uec

445 4027 613 4106 requirere
634 4025 751 4106 aliquis
767 4026 887 4104 possit:
913 4037 1016 4090 tamen
1035 4033 1068 4088 et
1088 4023 1255 4107 Scriptura
1271 4023 1377 4088 diviua
1398 4023 1544 4102 designat·

444 4127 532 4207 quod
556 4125 638 4190 fleus
658 4128 694 4190 in
714 4124 826 4205 facim
847 4126 914 4208 rjus
934 4125 1142 4207 inspiraverit
1162 4126 1390 4207 spiramentum
1409 4124 1504 4194 sitos,
1524 4127 1547 4181 rt

402 4299 406 4315 „
445 4232 551 4312 sactus
570 4239 616 4294 est
638 4230 728 4292 bomo
747 4227 783 4292 irs
813 4227 956 4292 animem
976 4225 1138 4291 sinentem.
1169 4228 1322 4311 Superest
1342 4227 1382 4292 de
1411 4223 1546 4305 angelico

444 4333 558 4396 ordine
581 4334 762 4412 requirere,
786 4339 899 4394 utrum
921 4338 953 4394 et
975 4330 1033 4410 ipsi
1055 4333 1175 4394 arrimas
1197 4329 1347 4404 babeant,
1369 4345 1408 4390 an
1429 4327 1545 4388 animae

442 4435 526 4509 siut,
550 4433 602 4495 sel
622 4432 663 4494 de
684 4433 799 4496 ceteris
820 4431 935 4495 divinis
957 4437 989 4494 et
1010 4429 1204 4494 coelestibus
1228 4429 1422 4502 virtutibus,
1442 4421 1495 4488 sed
1516 4427 1543 4480 el

443 4533 483 4596 de
504 4532 675 4596 contrariis
697 4531 909 4612 potestatibus
929 4537 989 4594 etc.
1012 4549 1029 4589 s
