3375 5567
177 790 447 866 snaetradacem,
475 790 508 853 io
528 790 667 853 foemina
692 790 762 871 jam
789 802 920 855 carneas
943 794 1192 871 rwopaorsritc
1214 792 1272 853 lior

176 890 588 956 anscossnossidnssass's
609 900 735 954 stenro
763 892 1019 969 nemmem,
1041 898 1074 956 et
1103 893 1171 973 ipsa
1192 893 1272 957 dali-
1358 900 1363 909 '

173 994 248 1055 irtio
264 993 409 1059 mascula
430 995 463 1055 in
484 992 657 1057 ioeminam
679 1010 778 1056 carne
796 992 947 1073 suppleta
968 991 1009 1054 ait
1020 1011 1033 1072 ;
1054 992 1133 1056 limo
1154 996 1270 1073 opinor

169 1092 355 1173 snpplsrada,
377 1096 405 1157 si
427 1093 531 1157 artam
550 1092 660 1155 adiano
679 1093 789 1155 limus.
813 1090 1014 1156 Obliteratus
1036 1092 1136 1172 igitur
1161 1100 1195 1155 et
1214 1094 1268 1157 de·

171 1201 290 1255 roratas
310 1201 359 1256 est
380 1192 479 1255 limus
500 1195 533 1255 in
553 1210 695 1256 carnem.
720 1188 879 1267 Quando?
900 1209 1001 1272 quum
1024 1190 1129 1255 iactus
1149 1201 1198 1257 cst
1211 1193 1269 1255 lto·

169 1310 211 1355 no
228 1295 260 1355 in
279 1294 420 1356 animam
442 1295 563 1368 ciram,
584 1294 627 1357 de
647 1292 726 1357 datu
749 1290 827 1368 llei,
851 1310 973 1375 vapore
993 1293 1129 1367 scilicet,
1151 1293 1268 1359 idoneo

168 1402 282 1456 torrere
308 1394 552 1474 quodammodo
572 1394 687 1457 limum
720 1395 753 1455 in
772 1394 871 1457 aliam
901 1395 1091 1473 qualitatem
1112 1396 1204 1475 quasi
1236 1396 1268 1459 in

169 1504 281 1568 testam,
296 1497 340 1557 ita
357 1498 390 1558 in
409 1514 551 1560 caruem
567 1494 620 1560 Sic
633 1504 667 1559 et
689 1496 791 1576 dpulo
807 1496 905 1571 licet,
923 1496 1072 1577 argillam
1089 1503 1267 1577 temperato

169 1596 235 1673 ipris
254 1596 377 1659 adllatu
398 1600 430 1660 iu
445 1599 613 1661 materiam
636 1597 857 1660 robustiorem
873 1615 1099 1676 recorporare,
1121 1604 1154 1661 et
1167 1598 1265 1661 aliam

168 1696 274 1777 ingere
294 1696 436 1778 speciem
456 1699 616 1780 aptiorem
637 1699 770 1778 pristina
793 1707 826 1762 et
847 1698 898 1761 sui
916 1699 983 1780 jam
1006 1700 1131 1780 generis
1151 1717 1189 1765 ae
1210 1718 1265 1763 uo·

170 1800 249 1861 asinis
266 1808 332 1862 ele.
357 1818 376 1855 a

231 1898 279 1963 Ex
296 1900 346 1963 his
359 1918 439 1981 crgo
451 1900 546 1981 plane
559 1900 723 1971 discimus,
735 1901 902 1982 quomodo
915 1901 1070 1967 sumenda
1086 1900 1126 1965 sit
1144 1920 1181 1965 ea
1196 1919 1267 1965 car·

170 2000 210 2062 als
229 2002 420 2064 reformatio
443 2002 512 2063 sire
533 2004 781 2084 recorporatio,
803 2004 844 2067 de
864 2022 929 2084 qua
950 2003 1027 2066 dicit
1049 2021 1091 2067 ex
1107 2002 1263 2082 apostolo

168 2096 388 2164 Tertullianus.
411 2098 503 2177 Quae
518 2103 633 2182 ntique
653 2121 718 2166 uon
733 2103 774 2165 ad
795 2104 928 2183 spiritus
950 2103 1083 2167 humaui
1104 2109 1266 2165 restaura·

168 2201 273 2263 tioaern
292 2209 442 2281 spectat,
465 2220 571 2283 neque
603 2203 711 2266 multo
739 2205 844 2269 miuus
876 2212 1015 2267 aetatem
1042 2203 1172 2285 respicit
1194 2212 1267 2283 post

164 2302 310 2382 judicium
331 2303 556 2377 novissimum,
578 2306 672 2383 qnasi
695 2315 772 2369 tunc
794 2304 888 2370 lieret
910 2306 1068 2371 humanae
1092 2305 1267 2369 voluntatis

165 2404 322 2466 inmelins
342 2406 557 2468 commutatio
588 2424 649 2486 per
674 2406 927 2488 resipiscentiam
948 2407 1058 2487 (quod
1078 2416 1127 2472 est
1153 2408 1267 2472 absur-

162 2504 255 2586 inm);
276 2523 396 2569 rernm
409 2505 490 2569 illud
513 2524 595 2587 opus
610 2507 772 2584 mirabile,
795 2515 919 2573 mutum
935 2527 954 2572 a
969 2506 1038 2573 Deo
1058 2506 1266 2574 iudicatTer·

163 2605 309 2669 tullianus
330 2607 364 2669 in
385 2608 626 2671 resurrections
646 2608 897 2690 perficiendum
918 2626 998 2689 qno,
1019 2627 1099 2673 caro
1118 2610 1263 2675 obsoleta

162 2714 300 2785 peccato,
322 2705 479 2769 vitiorum
498 2707 649 2771 sordibus
670 2716 839 2789 corrupta,
861 2708 967 2771 denuo
986 2725 1006 2771 a
1027 2707 1184 2775 creatore
1204 2709 1262 2775 eli·

159 2814 262 2885 quta,
287 2806 391 2870 relati
410 2823 529 2871 aurum
550 2809 584 2871 in
598 2809 746 2885 fornace,
766 2810 806 2873 ad
827 2810 917 2873 illius
937 2809 1136 2875 constamine
1151 2812 1263 2877 demn-

158 2908 318 2982 tationem,
338 2908 372 2969 in
392 2906 563 2985 pristinum
583 2926 622 2973 ac
642 2908 812 2973 meliorem
831 2917 954 2972 statum
969 2908 1153 2986 reducitur,
1176 2919 1212 2974 ut
1231 2911 1262 2974 in

157 3017 349 3089 perpetuum
371 3006 471 3071 vivat.
503 3006 546 3071 lit
566 3010 629 3073 troc
659 3011 759 3092 paulo
780 3018 855 3091 post
874 3009 952 3075 dicit
979 3010 1019 3075 de
1043 3010 1173 3077 Christo
1199 3030 1263 3077 oua

156 3112 257 3174 solum
279 3117 386 3177 carnis
408 3114 650 3188 resuscitatore,
673 3130 789 3176 rernm
809 3118 842 3176 et
862 3112 1009 3189 eiusdem
1032 3114 1264 3193 redintegrato

156 3228 208 3273 re:
224 3234 242 3269 r
263 3210 349 3276 Nam
373 3220 407 3277 et
426 3231 528 3294 supra
553 3215 597 3291 (c.
617 3210 684 3291 57.)
703 3220 884 3293 atrumque
905 3232 1087 3296 propouem
1111 3222 1265 3295 oportere

154 3321 183 3373 st
194 3315 424 3393 corruptivum
435 3316 522 3379 istud
545 3315 681 3381 induere
695 3316 951 3397 incorruptelam
973 3324 1007 3379 ct
1023 3316 1159 3379 mortale
1179 3316 1264 3381 istud

154 3412 287 3477 induere
307 3415 599 3490 immortalitatem,
628 3421 692 3479 non
713 3415 844 3478 iteravit
865 3417 1068 3493 senteutiam,
1098 3416 1153 3479 sed
1175 3415 1266 3479 dilie-

154 3517 289 3577 rentiam
308 3514 527 3578 demaudasit.
559 3514 839 3579 immortalitatem
861 3514 945 3579 euim
975 3515 1016 3577 ad
1044 3516 1264 3580 rescissionem

153 3617 289 3689 nortis,
316 3617 573 3695 incorruptelam
604 3615 644 3679 ad
664 3616 924 3681 obliterationem
949 3617 1157 3699 corruptelae
1184 3616 1265 3681 divi·

151 3714 267 3790 leudo,
289 3716 478 3779 alteramad
500 3717 787 3792 resurrectionem,
803 3716 942 3781 alteram
962 3719 1001 3781 ad
1020 3718 1265 3799 redintegratio-

154 3832 222 3877 nem
246 3817 453 3896 temperarit.
474 3836 493 3875 s

226 3914 321 3979 llaec
340 3918 455 3981 eadem
473 3917 550 3981 alilsl
570 3916 713 3983 adstruit
732 3915 968 3994 Tertullianus,
991 3918 1032 3981 ali
1046 3921 1192 3982 omnium
1213 3938 1265 3981 re·

152 4036 219 4081 mm
240 4018 398 4099 exemplo
419 4019 580 4100 pronam,
601 4037 784 4099 quaecum
804 4019 1038 4093 abscesserint,
1060 4019 1209 4095 redeunt,
1231 4029 1263 4082 et

151 4122 254 4183 onnia
277 4120 435 4199 incipiunt
453 4140 530 4184 cnm
549 4121 715 4185 desierint:
739 4123 808 4203 pari
831 4124 958 4185 rationo
979 4123 1055 4185 item
1078 4121 1200 4183 iactum
1221 4120 1261 4181 iri

151 4222 187 4283 ds
203 4238 386 4301 eorpornm
400 4224 654 4297 resurrectione,
676 4230 714 4285 nt
729 4223 797 4302 ipsa
818 4241 898 4286 caro
918 4240 979 4286 una
996 4240 1071 4287 cnm
1092 4222 1195 4285 anima
1211 4238 1264 4283 ac·

151 4326 266 4387 cedere
285 4325 385 4401 possit
404 4323 445 4385 ad
463 4323 623 4404 iudicium
646 4328 680 4385 ct
699 4321 740 4383 ad
770 4322 1038 4387 retributionem:
1056 4343 1072 4382 a
1089 4319 1196 4397 Certo,
1219 4321 1264 4383 sit

152 4423 398 4505 indpoloqets'co
418 4442 451 4487 n.
475 4422 537 4503 t8;
557 4426 635 4504 quia
657 4423 741 4487 ratio
760 4421 972 4489 restitutionis
991 4422 1160 4490 destinatio
1178 4420 1264 4503 jndi—

153 4526 187 4589 cit
204 4534 273 4603 est,
291 4545 333 4591 no
346 4525 437 4606 qnod
457 4526 586 4591 omnino
598 4525 640 4589 ds
657 4523 782 4607 jndicio
797 4522 855 4589 liei
876 4528 944 4606 pati
964 4524 1100 4601 demut,
1118 4539 1261 4587 necessa·
