3375 5567
426 782 501 841 tiam
523 770 716 860 prosecutus
736 782 785 842 est
806 777 961 842 dicentisr
992 777 1064 843 uidi
1083 786 1232 841 ιαιιιιιαιιι
1255 777 1351 842 stessi
1368 774 1476 857 supe
1493 775 1526 838 de

423 880 508 941 coeio
529 880 782 943 decommum.-
812 882 933 962 qnippe
953 896 1014 960 per
1037 878 1184 960 eiusdem
1212 876 1331 943 Gbristi
1354 878 1525 953 victoriam,

423 983 594 1061 prostratis
609 981 757 1045 omnibns
778 981 992 1061 potestatibus
1007 989 1040 1045 et
1059 981 1234 1045 virtutibus
1247 982 1419 1045 contrariis
1438 979 1529 1061 bnjm

426 1081 550 1157 mnndi,
567 1084 598 1146 in
620 1082 832 1162 protundum,
845 1099 886 1145 ne
905 1082 1045 1161 emplius
1067 1090 1234 1158 nocerent,
1249 1081 1468 1146 detrudendae
1485 1078 1528 1141 io·

424 1190 506 1244 rent.
531 1181 615 1245 Etsi
636 1183 710 1262 quis
731 1181 838 1245 adbuc
860 1183 970 1263 cupiet
984 1182 1143 1245 adversus
1163 1179 1345 1246 Diodorum
1366 1179 1528 1263 pugnantia

424 1279 574 1364 origenis
606 1286 809 1360 testimonia,
832 1284 925 1347 odeat
946 1285 1046 1363 ipsius
1070 1284 1271 1363 exegetieam
1294 1282 1526 1364 dispositionem

423 1386 454 1447 in
477 1384 654 1449 Proverbia
676 1386 859 1451 Salomonis
872 1403 901 1448 c.
924 1382 984 1448 iil.
1007 1403 1039 1447 n.
1060 1382 1093 1450 3.
1109 1401 1226 1465 praece
1245 1394 1279 1448 et
1298 1385 1401 1447 iatine
1419 1383 1527 1447 editam

424 1486 465 1550 ab
485 1486 569 1551 Erine
590 1486 698 1551 bisin:
718 1510 735 1547 ιι
752 1486 851 1562 Dens,
870 1488 986 1568 inquit,
1003 1488 1157 1565 snpientia
1176 1503 1235 1550 sna
1257 1496 1381 1549 terram
1406 1504 1529 1566 quoqne

424 1588 594 1669 tundarit3
615 1598 648 1653 et
668 1608 763 1653 sensu
777 1589 848 1672 ejus
869 1597 1050 1668 eruperunt
1062 1588 1179 1671 abyssi,
1201 1596 1235 1651 ct
1249 1588 1352 1652 ιιιιΙκιι
1374 1587 1460 1651 toras
1473 1604 1531 1650 ma·

423 1698 555 1753 narnnt.
578 1688 685 1767 Quam
706 1708 785 1770 ergo
807 1690 861 1753 bic
881 1689 1035 1755 Soiomon
1056 1696 1177 1751 terram
1199 1689 1298 1764 dixit,
1324 1687 1448 1752 Pontus
1465 1688 1530 1751 tati·

424 1789 567 1853 tndtnem
582 1790 758 1872 appellarit
766 1810 778 1871 3
796 1795 898 1871 etqui
916 1790 1067 1853 tricennii
1083 1780 1249 1864 dicuntur,
1265 1788 1469 1853 atsttntiuen
1482 1787 1531 1850 atie

423 1897 519 1952 vocnt
533 1891 564 1952 in
579 1886 722 1970 Epistola
739 1891 778 1953 ad
796 1889 973 1969 Ephesios:
989 1898 1021 1953 et
1035 1907 1121 1969 qnos
1136 1890 1261 1969 tropice
1273 1889 1433 1952 dicuntur
1448 1888 1531 1971 abys-

423 1992 462 2065 si,
484 2009 539 2056 eas
555 1991 808 2072 profunditatem
829 1992 919 2067 dicit,
941 1991 1100 2055 sorites-os
1114 1990 1253 2072 donique
1274 1990 1379 2053 nubes
1401 1990 1530 2069 iongitu-

422 2090 540 2155 dinem.
575 2090 664 2157 ilseo
685 2109 786 2170 porro
813 2093 919 2155 omnia
942 2092 1150 2155 rationalium
1178 2100 1376 2155 naturarum
1396 2089 1530 2173 symbola

422 2200 520 2269 sunt,
546 2211 632 2273 quas
652 2201 771 2261 ornatu
792 2200 825 2258 ot
845 2210 986 2275 corpore
1007 2193 1162 2257 tineent
1184 2194 1365 2259 secundnm
1388 2195 1529 2274 propriae

423 2295 662 2358 constitutionis
682 2295 910 2377 analogiam.»

405 2460 412 2473 ,
503 2394 646 2475 ideoque
677 2398 776 2476 protis
804 2400 920 2461 usserit
955 2395 1118 2462 Diodorus
1143 2394 1319 2477 origenem
1346 2398 1528 2478 corripiens,

424 2493 513 2577 qnod
529 2515 588 2579 per
600 2498 700 2561 iucem
717 2498 866 2563 indicarit
880 2498 938 2563 Dei
951 2496 1085 2575 Vitium,
1100 2496 1247 2562 Verbum
1262 2497 1340 2563 Dei:
1358 2500 1452 2581 qnasi
1467 2499 1530 2561 bine

424 2598 557 2661 doceret
577 2597 746 2680 Origenes,
770 2602 917 2663 tenebras
938 2601 1044 2683 abyssi
1065 2608 1211 2674 oreatus,
1243 2601 1378 2680 qnando
1399 2599 1529 2664 nondun

422 2706 507 2762 essct
529 2697 630 2763 Filius
652 2700 720 2763 Dei.
742 2699 775 2766 Si
798 2703 883 2765 enirn
904 2703 1101 2782 quandoque
1121 2712 1154 2766 ot
1174 2701 1251 2763 aiibi
1271 2701 1434 2783 Origenes
1453 2701 1531 2763 dise·

424 2801 480 2874 rit,
502 2800 609 2865 iucem
632 2803 765 2885 mystice
786 2813 1031 2885 repraesentare
1045 2802 1191 2868 Verbum
1213 2805 1373 2880 divinum,
1389 2823 1430 2868 ex
1444 2800 1532 2868 toso-

423 2903 472 2965 nis
487 2898 665 2983 Evangelio
681 2908 823 2968 vocantis
838 2903 952 2969 desum
967 2904 1069 2967 iucem
1082 2921 1189 2967 onom
1203 2901 1445 2967 illuminantem
1457 2902 1531 2964 duee

422 3001 575 3065 anundum
579 3022 595 3075 ‚·
613 2990 824 3067 ιιὶΙιίΙιιιιιίιιιιιΙ
841 3008 874 3068 iu
889 3005 1037 3069 booloco
1058 3006 1145 3069 nand
1163 3007 1205 3067 ita
1223 3004 1454 3069 animadvertit
1473 3002 1531 3065 dn·

424 3110 507 3165 ctnr.
531 3100 655 3168 Verum
671 3126 712 3169 ex
730 3098 869 3169 adverso
890 3108 991 3186 ponit,
1005 3108 1112 3169 omnia
1135 3124 1195 3188 per
1208 3104 1355 3169 Verbum
1377 3105 1435 3169 Dei
1456 3106 1529 3167 iacta

423 3220 505 3278 esse,
528 3224 603 3269 cnm
626 3208 667 3270 sit
688 3208 832 3270 ninnium
855 3208 1050 3289 principium
1065 3230 1075 3272 r
1091 3216 1123 3272 et
1145 3210 1177 3270 in
1199 3208 1261 3270 boc
1282 3209 1441 3288 principio
1460 3206 1531 3269 idest

424 3300 534 3369 Verbo
548 3324 609 3371 sno
628 3310 736 3372 omnia
753 3310 837 3373 tacta
859 3326 952 3373 esses
969 3308 1076 3374 «Non
1096 3326 1187 3390 erqo,
1201 3310 1318 3389 inqnit,
1340 3310 1398 3373 bie
1419 3318 1530 3388 tempo·

425 3405 495 3469 rain
518 3408 650 3489 aliquod
667 3411 859 3492 principium
881 3412 980 3476 dicit:
1002 3412 1058 3474 sed
1079 3412 1111 3473 in
1133 3410 1302 3491 principio,
1317 3410 1401 3475 idest
1421 3412 1453 3473 in
1471 3407 1530 3473 Sat·

426 3515 539 3571 satore
563 3508 684 3574 iactum
706 3530 775 3575 esse
796 3513 926 3576 contum
947 3520 979 3576 et
1002 3518 1136 3587 terram,
1158 3519 1191 3574 et
1210 3512 1329 3587 omnia,
1347 3528 1434 3592 qnae
1454 3509 1527 3571 taeta

423 3615 508 3671 suot.
524 3607 730 3691 »incongrua
748 3612 848 3691 igitur
862 3611 1001 3676 babetur
1015 3608 1148 3675 Diodori
1163 3610 1327 3674 accusatio
1344 3618 1455 3674 contra
1466 3606 1531 3671 Ori

425 3707 550 3789 penem,
567 3730 640 3775 curn
658 3730 769 3776 sensns
791 3715 979 3797 huiusmodi
994 3732 1160 3793 nunqnam
1176 3714 1365 3793 exposuerit
1384 3710 1529 3775 adversus

423 3810 564 3875 divinam
585 3822 617 3878 et
638 3824 802 3878 aeternam
826 3812 924 3879 Verbi
946 3818 1198 3896 generationem.

506 3913 582 3978 Post
603 3916 703 3990 boen,
727 3924 763 3979 ut
783 3918 907 3981 eunctis
929 3919 1106 3980 innoteseat
1130 3933 1195 3995 qua
1219 3914 1395 3994 reiigione,
1418 3920 1449 3976 et
1471 3924 1527 3995 qua

419 4024 532 4079 mente
557 4014 718 4081 Geneseos
743 4014 946 4098 Scriptorum
970 4017 1152 4097 susceperit
1175 4014 1399 4096 exponendam
1424 4013 1529 4090 Oriqe

426 4132 494 4191 nes,
517 4124 549 4179 ot
570 4135 668 4198 qnam
683 4117 844 4182 sollicitus
866 4119 967 4183 tuerit
981 4138 1016 4183 se
1037 4118 1078 4184 sb
1091 4117 1206 4197 ineptis
1227 4114 1463 4179 commentariis
1482 4130 1529 4175 co·

426 4216 579 4298 bibendi;
602 4237 707 4299 eoque
728 4218 828 4299 magis
857 4220 943 4281 band
966 4218 1144 4283 nescinsin
1172 4224 1253 4297 quot
1275 4215 1425 4279 bistnrias
1445 4228 1529 4274 mno-

426 4314 458 4377 di
480 4316 672 4397 interpretes
696 4317 934 4405 vaniprotapsi
955 4318 1087 4382 inerant
1116 4315 1321 4397 sphalmata,
1343 4323 1376 4379 st
1395 4326 1528 4395 praeser-

403 4502 405 4505 .
428 4414 484 4479 tim
505 4414 632 4494 Ceisns,
654 4420 709 4498 qni
731 4418 836 4481 omnia
858 4426 1023 4482 scrutatus
1043 4425 1103 4494 est,
1121 4425 1159 4481 nt
1171 4416 1345 4480 mosaicam
1367 4416 1526 4491 cosmoqo

428 4514 512 4579 uiam
535 4526 706 4597 poetarum
722 4520 950 4600 aequiperaret
971 4517 1102 4596 tabulis,
1121 4518 1154 4580 in
1175 4517 1262 4580 bunc
1281 4520 1316 4579 et
1335 4532 1409 4581 suna
1427 4524 1525 4593 parnt
