3375 5567
154 820 269 900 anplius
288 818 339 883 liis
360 819 469 883 iacere
488 820 654 899 potuisse3
675 818 773 881 aliter
804 816 978 897 sapientiae
1004 836 1083 883 suae
1105 835 1142 881 ac
1169 836 1244 897 pro·

152 922 285 985 videmiae
314 922 544 985 detrimentum
566 922 738 985 attulisset.
769 918 838 1001 Nec
860 920 966 985 multo
997 922 1102 983 minus
1133 920 1242 983 dicere

151 1022 379 1103 lassatusque
400 1022 441 1085 ad
456 1022 615 1087 inlinitum
636 1022 786 1087 absolute
804 1028 987 1103 sumptum,
1009 1020 1136 1085 easdem
1152 1038 1243 1085 cres·

152 1133 223 1187 tnras
241 1142 362 1204 augere
382 1127 526 1205 potuisse
548 1122 667 1199 Deum,
687 1143 729 1189 ex
750 1144 817 1205 quo
838 1130 950 1187 contra
973 1132 1123 1187 naturum
1148 1141 1241 1189 suam

150 1227 281 1289 infinitam
294 1231 419 1307 pariter
438 1228 565 1306 egisset.
585 1226 661 1291 iude
683 1227 906 1301 succinditur,
928 1230 1047 1301 omnia,
1070 1242 1241 1307 qunepro·

149 1348 178 1407 pe
192 1328 302 1393 [iudici
320 1331 500 1393 versionem
515 1329 628 1393 statuit
645 1326 805 1407 Origenes
819 1329 860 1391 de
875 1329 981 1391 dirius
997 1328 1239 1408 omnipotentia,

149 1440 220 1493 reeta
237 1450 271 1495 se
291 1432 428 1506 habere,
448 1450 487 1495 ee
509 1450 571 1495 uua
593 1431 794 1495 concordare
822 1430 901 1502 illis,
924 1448 1009 1509 quse
1030 1430 1106 1491 alibi
1130 1440 1242 1493 contre

148 1533 315 1597 incredulos
341 1534 600 1613 praeclarissime
618 1533 784 1609 delinivit,
808 1541 961 1611 tanquam
991 1532 1170 1597 catholicae
1194 1552 1247 1596 vo·

148 1637 219 1699 ritati
238 1654 388 1699 consona.

211 1734 241 1799 st
254 1741 329 1817 quis
351 1756 430 1800 vcro
452 1747 524 1817 post
544 1738 624 1801 haee
643 1744 799 1801 accurate
813 1739 985 1816 pericopae
1006 1753 1134 1799 sensum
1147 1736 1243 1816 juxta

94 1841 96 1906 i
147 1839 364 1917 expositionem
395 1839 438 1899 en
472 1836 618 1901 Auctore
648 1836 812 1918 Epistulae
839 1836 879 1898 ad
913 1836 1061 1899 Mannum
1095 1836 1245 1899 traditam

94 1925 96 1932 ’
147 1941 345 2017 perspexerit,
366 1939 471 2019 primo
492 1940 612 2003 intuitu
629 1948 697 2001 turn
719 1940 866 2002 dictionis
879 1937 1124 2019 discrepantiam
1146 1939 1177 1999 in
1191 1954 1244 1999 ar·

94 2067 96 2074 s
146 2050 302 2117 gumerio,
326 2050 394 2103 tnru
417 2042 557 2103 maxime
578 2042 827 2119 consequentiae
854 2039 1035 2121 perceperit
1058 2038 1242 2103 falsitatem.

147 2141 171 2202 Si
188 2159 323 2222 namque
354 2138 443 2204 Deus
463 2162 505 2205 ex
525 2159 583 2205 sua
606 2143 759 2222 sapientia
781 2154 815 2205 et
845 2142 1045 2223 providentia
1075 2142 1248 2203 rationales

93 2269 95 2272 ⁴
147 2254 297 2307 creaturas
319 2243 433 2307 lecerit
453 2252 591 2324 quantas
611 2243 765 2307 sufficere
786 2262 879 2325 posse
901 2244 1065 2323 cognorit,
1089 2262 1151 2321 uon
1173 2243 1248 2305 inde

147 2346 280 2423 equitur
301 2345 465 2419 absolute,
489 2344 545 2407 llei
561 2348 736 2425 potentiam
757 2347 882 2408 linitam
898 2364 966 2409 esse
988 2352 1019 2409 el
1043 2345 1248 2408 circumscri-

148 2454 228 2519 ptam.
252 2444 404 2522 Etenna,
425 2447 591 2525 quomodo
613 2447 683 2510 lieri
705 2456 821 2527 potest,
854 2448 970 2511 similia
994 2450 1150 2527 cogitasse
1176 2447 1249 2510 Ori-

149 2544 273 2620 geuem?
290 2566 345 2609 ex.
367 2564 397 2625 g.
422 2548 524 2625 posita
545 2546 664 2611 irriloila
688 2548 793 2611 divina
818 2548 973 2628 potentia,
998 2547 1178 2610 necessario
1200 2566 1249 2609 se·

149 2650 205 2724 gui,
223 2649 319 2709 istam
349 2649 523 2727 potentiam
543 2666 583 2712 ue
603 2652 739 2729 seipsam
763 2650 894 2729 quidem
917 2647 1127 2729 intelligere?
1148 2647 1249 2725 Quasi

150 2749 276 2812 diceret:
302 2748 388 2813 Deus
410 2769 472 2813 nou
494 2758 599 2831 potest
618 2751 760 2829 suipsius
782 2751 935 2815 infinitam
959 2754 1133 2833 potentiam
1164 2771 1250 2815 com·

149 2852 344 2927 prehendere.
372 2851 410 2913 tte
425 2854 497 2931 quis
518 2870 662 2931 uuquam
680 2853 754 2914 talis
777 2852 918 2915 absurda
934 2850 1115 2916 audiverit?
1136 2860 1168 2913 ct
1184 2870 1249 2913 ern·

148 2954 269 3028 pliusee
291 2954 422 3017 finxisse
435 2955 542 3017 auimo
563 2952 750 3033 Origenem‚
765 2954 953 3035 scriptoque
976 2951 1159 3017 mandasse?
1181 2952 1250 3015 Mn·
1311 2994 1312 2998 =

148 3055 283 3121 niiestutu
306 3065 355 3119 est
376 3075 467 3135 ergo,
490 3076 553 3119 nou
578 3056 744 3121 Bullinum
767 3060 875 3137 graeci
898 3065 1007 3121 textus
1036 3056 1251 3135 integritatem

148 3158 330 3223 deiormssse
363 3158 393 3221 in
412 3177 473 3222 sna
502 3162 673 3238 versione3
695 3158 751 3222 sed
774 3158 939 3239 Epistulae
970 3160 1173 3231 Auctorem,
1194 3176 1250 3221 seu

148 3260 233 3323 alium
247 3278 493 3341 quemcumque
516 3262 607 3333 velis,
624 3270 683 3325 aut
703 3279 766 3325 nou
785 3261 982 3325 intellexisse
1003 3260 1153 3339 Origenis
1168 3278 1253 3321 meu-

151 3371 215 3423 tem:
230 3382 290 3427 seu
308 3362 383 3424 data
404 3378 517 3441 opera,
539 3362 628 3425 illius
648 3363 768 3441 scripta
791 3361 933 3425 falsasse.
961 3360 1045 3425 Nolo
1067 3370 1176 3424 autem
1193 3361 1254 3424 hoc

150 3462 174 3521 in
191 3463 259 3527 loeo
292 3462 334 3524 ad
356 3461 505 3541 Origeuis
525 3472 664 3526 mentem
687 3463 803 3525 melius
824 3462 1051 3526 illustrandam
1078 3466 1253 3534 omittere,

151 3582 220 3641 qnae
248 3585 276 3628 s.
302 3564 504 3642 Augustinus
525 3564 715 3627 discussioni
747 3572 845 3643 apta,
868 3564 996 3643 scripsit
1017 3566 1049 3626 in
1074 3562 1171 3627 Libro
1194 3562 1250 3627 w.

149 3682 172 3723 t.
191 3662 236 3729 tt.
260 3664 307 3729 De
329 3661 443 3727 Genesi
470 3665 515 3727 ori
534 3663 710 3727 litteram:
735 3686 751 3723 e
775 3663 958 3739 Faciamus,
982 3667 1038 3740 nit,
1062 3684 1140 3745 ergo
1170 3666 1252 3728 dicta

150 3786 216 3829 esse:
228 3766 340 3830 omnic
361 3765 398 3827 io
411 3784 561 3830 morters
580 3777 752 3831 craumers
771 3777 800 3829 et
811 3769 946 3847 paudere
966 3766 1165 3848 disposuisti,
1185 3780 1252 3831 tan·

150 3886 233 3944 qnam
254 3871 380 3933 dictum
402 3877 498 3943 esset,
520 3871 563 3931 ita
585 3870 752 3949 disposita,
776 3877 812 3931 ul
827 3868 983 3931 habereut
1005 3872 1155 3949 proprias
1168 3888 1252 3931 uren·

150 3988 241 4043 suras,
263 3979 299 4035 et
320 3973 470 4051 proprios
491 3989 644 4035 numeros
664 3979 698 4033 et
711 3970 880 4049 proprium
904 3970 1041 4049 pondus,
1057 3988 1142 4049 quau
1164 3970 1194 4030 in
1210 3972 1255 4033 eis

151 4086 199 4144 pro
216 4089 275 4134 sua
297 4070 462 4151 cuiusque
482 4073 610 4151 generis
633 4070 850 4135 mutabilitate
872 4078 1079 4133 mutarentur
1103 4086 1254 4149 augmen·

155 4169 185 4231 tis
212 4182 244 4235 et
264 4174 554 4248 diminutionibus,
578 4172 785 4235 multitudine
807 4180 840 4233 et
861 4172 1049 4251 paucitate,
1070 4172 1202 4234 levitate
1224 4182 1255 4233 ot

156 4276 302 4345 grauitate
322 4274 501 4339 secuudum
533 4273 772 4353 dispositionem
795 4269 864 4335 Dei.
892 4270 1057 4352 Numquid
1080 4272 1164 4334 sicut
1187 4289 1255 4333 mu·

155 4380 249 4438 untur
271 4376 347 4451 istc,
368 4378 411 4439 ita
433 4386 465 4438 et
486 4377 590 4456 ipsum
610 4376 782 4440 consilium
804 4373 875 4448 Dei,
899 4376 929 4435 in
943 4392 1010 4454 quo
1030 4392 1067 4437 un
1083 4375 1252 4454 disposuit,

154 4478 292 4540 nutabile
321 4476 486 4541 dicimus?
508 4478 675 4541 Averterit
696 4478 763 4556 ipse
794 4484 915 4539 tanturn
938 4476 1142 4539 dementiam.
1173 4496 1189 4533 e
1215 4474 1255 4537 Et

156 4572 204 4637 loe
222 4588 282 4653 est,
304 4580 392 4658 quod
414 4578 520 4653 docet,
543 4579 667 4643 etiamsi
692 4579 783 4643 sario
805 4580 948 4655 intuitu,
971 4578 1128 4657 Origenes
1149 4598 1189 4640 ex
1212 4580 1255 4639 ci·

159 4684 213 4739 tato
232 4679 412 4761 Sapientiae
435 4683 627 4745 testimonio.
