3375 5567
500 806 587 888 Ergo
606 805 699 888 euiur
719 807 789 871 uult
809 805 995 880 miteretur,
1019 814 1048 871 rt
1079 823 1170 889 quere
1189 804 1261 869 uuit
1281 802 1422 869 induret.
1444 800 1527 866 ilicet

424 907 532 989 itaque
550 907 650 973 miii.-
680 911 780 973 uteie
801 908 840 972 de
862 908 978 973 notorie
1002 906 1149 989 ejusdem
1171 907 1320 988 Apostoli
1341 905 1529 977 testimoniis,

424 1028 509 1090 quen
530 1012 561 1073 in
582 1009 723 1074 medinm
740 1009 879 1090 prolert,
901 1009 1045 1084 discutit,
1064 1008 1202 1090 nliieque
1221 1006 1411 1088 Scripturne
1433 1005 1530 1070 vertit

423 1112 561 1187 onniert,
580 1118 616 1176 ul
636 1112 783 1176 ostendet
797 1111 898 1175 nentri
911 1111 996 1195 jnrin
1013 1129 1083 1175 esne
1100 1118 1226 1173 rectum
1247 1110 1379 1189 operari
1391 1110 1457 1171 rire
1472 1123 1530 1169 mn·

421 1213 505 1287 lum,
526 1228 662 1292 exque:
678 1228 735 1273 une
757 1228 864 1274 omues
883 1210 1034 1274 ndrirtere
1052 1219 1173 1292 oportet
1191 1220 1266 1274 note
1283 1209 1430 1273 minuet
1451 1205 1532 1273 Ciri-

423 1310 480 1387 rte‘,
494 1320 530 1374 ut
543 1314 661 1393 reseret
679 1310 897 1395 unusqusique
915 1310 1054 1394 proprio
1072 1311 1230 1393 eorporis,
1245 1322 1344 1392 prout
1362 1307 1459 1393 guerit
1476 1307 1532 1371 eine

424 1411 538 1475 donum
549 1410 613 1477 rice
627 1413 769 1487 motuum
787 1432 845 1477 nec
859 1412 932 1477 ideo
945 1433 1014 1478 esee
1028 1413 1238 1478 iucuenndnm
1253 1410 1358 1475 ileum
1375 1427 1438 1475 cnr
1450 1407 1531 1471 nlind

429 1530 484 1575 vnn
503 1513 545 1576 eit
565 1512 597 1575 in
619 1513 788 1588 honorem,
810 1513 899 1577 eliud
921 1515 954 1577 iu
974 1514 1227 1577 contumelinmr
1245 1533 1262 1571 u
1278 1510 1361 1575 Num
1381 1512 1411 1573 ei
1430 1511 1485 1589 qni
1503 1526 1534 1571 te

426 1613 634 1693 expurgavit,
657 1613 693 1676 iit
714 1632 771 1677 ree
791 1614 822 1676 in
845 1614 1025 1694 honorem
1046 1614 1103 1695 qni
1127 1631 1207 1677 vero
1227 1614 1384 1675 vitiorum
1404 1625 1531 1675 euornu

426 1714 539 1781 nordee
559 1716 745 1797 nietergere
767 1716 959 1796 neglexerit,
982 1716 1019 1779 tit
1039 1734 1095 1779 vus
1116 1716 1148 1777 iu
1170 1714 1415 1788 contumelium,
1441 1728 1532 1791 quen

430 1824 498 1879 tum
514 1834 555 1879 cx
577 1814 625 1879 bie
641 1815 746 1879 verbis
767 1816 923 1896 colligere
936 1814 1026 1892 licet,
1042 1833 1105 1878 non
1125 1821 1175 1879 cet
1188 1812 1259 1894 ejue
1275 1816 1323 1877 rei
1337 1829 1438 1875 cuneo
1452 1826 1532 1873 mnu

427 1915 458 1978 di
474 1914 605 1997 Opiter.
625 1914 714 1978 Fecit
735 1916 820 1978 euim
837 1934 912 1979 rnen
933 1916 1074 1980 bunonis·
1084 1923 1116 1979 et
1138 1932 1213 1979 rnen
1236 1900 1429 1995 ignominiae
1448 1928 1533 1973 nour

428 2015 586 2096 principio
598 2015 777 2081 seeundum
800 2018 1054 2097 praenotionem,
1071 2018 1146 2096 quin
1169 2034 1228 2097 per
1248 2016 1350 2095 iprum
1371 2032 1432 2077 nec
1452 2029 1534 2094 pree

428 2117 631 2193 condemnet,
654 2134 759 2197 neque
780 2116 1034 2197 precinetiiicnt3
1049 2118 1105 2180 red
1128 2135 1203 2181 enee
1224 2116 1358 2181 honorio
1379 2114 1456 2178 iecit
1474 2130 1534 2187 ene,

429 2218 485 2298 qni
505 2235 539 2280 ee
560 2219 796 2298 expurgarint3
814 2235 889 2281 enen
905 2237 983 2282 vero
998 2220 1203 2300 ignominine,
1216 2218 1273 2299 qni
1293 2216 1449 2278 vitiorum
1467 2228 1534 2276 eno·

428 2336 502 2383 rum
516 2318 627 2383 nordee
641 2318 826 2399 abstergere
851 2320 1067 2400 neglexerint,
1082 2322 1125 2383 itn
1144 2328 1182 2384 ut
1202 2338 1266 2383 non
1287 2336 1329 2383 nx
1352 2316 1535 2396 praeceden-

430 2418 515 2483 tibne
536 2419 643 2482 cuneis
668 2418 868 2483 iormntiouie
901 2438 1054 2485 eteorum
1079 2422 1111 2482 in
1140 2421 1298 2489 honorem
1324 2426 1358 2481 et
1378 2424 1535 2479 nontnme

428 2520 519 2596 lium,
536 2538 636 2583 unum
652 2520 783 2599 quidem
798 2520 853 2591 tint
875 2521 906 2583 in
922 2522 1091 2599 honorem,
1107 2520 1249 2585 alterum
1266 2538 1345 2585 reru
1365 2518 1397 2581 in
1411 2512 1535 2597 ignomi-

430 2618 561 2683 nium.»
586 2616 626 2684 Et
647 2620 712 2684 hnc
733 2629 900 2685 neeecutne
920 2619 1090 2703 Origenes,
1112 2621 1245 2687 enodit:

858 2820 975 2888 Tenetur
997 2842 1131 2905 prneeue

514 3022 566 3096 E’e
583 3019 657 3094 δὲ
636 3023 767 3106 απαξπ
745 3020 966 3151 προσιέμεθα
977 3010 1064 3096 εἷναί
1078 3046 1171 3102 τινας
1192 3021 1307 3105 ἀιτίας
1331 3047 1356 3094 er
1355 3019 1538 3147 pentiutipoee

430 3130 503 3213 rius
524 3129 656 3211 σκέυους
686 3126 746 3209 τῆς
779 3129 883 3223 τιμῆς
905 3153 963 3199 unt
986 3153 1060 3213 τους
1092 3130 1224 3211 nuieeug
1247 3128 1308 3209 τῆς
1333 3044 1490 3219 ἀτιμίας
1509 3116 1537 3189 τὶ

431 3232 548 3305 ἄτοπον
569 3230 763 3313 ἀνελθόντας
781 3227 886 3315 te,
849 3258 905 3303 reu
927 3234 999 3340 eropi
1022 3236 1133 3330 ψυχῆς
1147 3235 1255 3316 τόπον,
1277 3232 1476 3331 πρεσβύτερα
1489 3230 1537 3297 ele

432 3339 487 3410 riu
511 3364 569 3409 rou
589 3336 644 3409 τὸν
667 3334 779 3433 Ιακώβ
803 3335 1013 3432 η’γαπῆσθαι,
1036 3335 1095 3411 καὶ
1118 3364 1173 3410 roe
1199 3339 1298 3410 Ησαΰ
1321 3336 1537 3451 pependerint

428 3443 591 3540 γεγονέναι
607 3443 621 3515 ἔ
626 3466 655 3527 ις
677 3436 731 3514 τὸν
749 3436 865 3539 Ιακωβ
887 3446 953 3568 προΙ
974 3446 1035 3528 τῆς
1060 3445 1330 3537 ἔνσωματῶσεως,
1349 3467 1406 3512 και
1400 3438 1473 3521 ’ςέι
1491 3460 1536 3505 reu

429 3549 524 3621 Ησαῦ
547 3550 607 3652 πρὸ
629 3574 686 3619 rev
708 3542 753 3630 εἰς
777 3550 839 3630 eu
862 3544 1056 3622 >cottiae
1014 3575 1073 3636 της
1095 3550 1261 3643 Ρεβέκκας
1283 3545 1442 3643 γενέσθαι.

894 3766 998 3830 Verrio
1017 3764 1107 3834 Neon

518 3944 612 4023 Quod
635 3949 661 4011 ei
682 3949 783 4012 semel
799 3948 998 4013 admittimus
1012 3967 1054 4013 ex
1070 3948 1337 4029 praecedentibus
1359 3943 1534 4029 quibusdan

437 4046 541 4109 ceneie
563 4046 651 4109 eliud
675 4065 746 4112 eene
769 4065 823 4113 ree
845 4049 999 4125 honoris,
1022 4047 1112 4111 eliud
1137 4067 1192 4111 ene
1212 4048 1448 4118 contumeliae,
1468 4036 1533 4120 quid

436 4144 568 4209 absurdi
586 4146 685 4211 luerit
699 4149 738 4210 nd
755 4149 864 4211 locum
880 4148 920 4211 dc
934 4150 1039 4212 enimn
1060 4156 1267 4212 recurrentur
1280 4149 1389 4211 dicere
1401 4164 1441 4207 ex
1455 4157 1533 4220 pree·

439 4247 627 4310 cedentibus
648 4252 753 4313 cenete
777 4250 932 4314 dilectum
955 4250 1054 4314 iniere
1075 4249 1200 4326 incolt,
1222 4252 1410 4330 priusquam
1430 4256 1534 4319 corpus

435 4357 635 4424 neeumeret,
659 4359 691 4413 et
712 4352 786 4415 odio
808 4351 954 4417 hnltitnm
977 4352 1076 4416 lnieee
1095 4352 1192 4430 ileum
1208 4362 1381 4433 antequem
1402 4351 1431 4410 iu
1451 4356 1532 4407 uteru

439 4460 519 4514 ueeet
545 4448 765 4517 Reheceenie
