3375 5567
1155 693 1240 772 idi
1339 691 1343 704 '

158 809 344 878 rationalibus
373 820 481 875 motus
502 811 632 890 rerios;
654 809 735 872 odeo
765 816 801 872 nt
821 825 875 871 cx.
908 824 937 886 g.
965 803 1082 868 ibidem
1112 803 1242 868 dicetur

154 914 241 976 neimo
260 933 327 976 mec
346 911 439 986 vicit,
452 911 582 992 copitot,
599 910 781 984 meditatur,
795 906 1019 982 contristatur,
1031 904 1124 986 socit,
1139 904 1241 979 ondit,

155 1014 299 1095 tenuitur,
321 1023 384 1075 etc.
405 1011 492 1093 quod
515 1013 598 1075 idem
619 1021 668 1075 est
692 1029 730 1074 uc
749 1031 804 1091 epo
823 1009 896 1072 cieo
908 1055 921 1086 ,
941 1009 1061 1089 cupito,
1084 1009 1238 1085 mediter,

151 1114 309 1189 contrister,
331 1111 431 1194 focio,
451 1114 544 1186 codo,
566 1114 677 1194 topoor
696 1119 759 1176 etc.
782 1110 824 1175 Et
845 1113 920 1175 irinc
940 1119 1175 1191 consequenter
1188 1129 1239 1174 ex.

151 1236 174 1298 g.
191 1218 239 1279 dot
256 1214 398 1278 crimem
418 1233 528 1286 suom,·
546 1213 640 1294 ponit
658 1211 800 1278 cnimcru
820 1232 932 1286 suom;
954 1213 990 1276 in
1011 1223 1039 1276 te
1059 1211 1187 1293 confidit
1206 1233 1240 1276 o·

151 1318 222 1381 sinn
239 1335 324 1390 mec;
344 1314 527 1395 concupiuit
545 1315 656 1379 enimn
675 1335 764 1389 mec,·
786 1324 845 1378 unt
861 1315 962 1378 relntt
980 1311 1241 1377 Thessalonicen·

151 1421 223 1483 eibns
240 1420 348 1502 niebnt
367 1418 566 1498 Apostotnsr
587 1417 767 1480 uotedomrrs
795 1416 919 1479 trudere
941 1413 1026 1478 codis
1051 1433 1116 1478 nou
1141 1416 1243 1478 sotum

150 1518 343 1600 docnpetium
365 1518 436 1594 net,
456 1521 511 1581 sed
527 1529 556 1581 et
576 1518 703 1583 animos
724 1528 870 1590 nostram
892 1535 930 1581 nc
953 1517 1068 1582 Petrus
1083 1517 1242 1582 similiter:

148 1622 254 1685 seinos
273 1630 393 1683 nestros
412 1621 624 1699 castificantes
643 1618 680 1682 s'n
700 1618 874 1683 obedientia
893 1619 1059 1682 cdoritcts'r
1079 1627 1140 1683 etc.

216 1721 293 1786 item
314 1741 416 1805 prope
436 1722 627 1784 eorumdem
647 1720 832 1786 divinorum
854 1721 1058 1803 Scriptorum
1072 1729 1244 1785 consuetu·

149 1823 250 1899 dinem,
264 1825 327 1887 sntt
348 1825 397 1886 tris
419 1824 586 1886 recedetis
599 1824 723 1898 cedere,
734 1822 813 1899 toti,
826 1821 979 1900 decidere,
997 1839 1176 1902 reserpere,
1197 1821 1245 1884 oi·

148 1943 204 1987 sere
221 1935 283 1988 etc.
306 1925 484 2005 otiqunndo
514 1927 692 2006 improprie
712 1927 816 2003 dictis,
831 1925 1032 2005 significetur
1053 1929 1167 1988 mentis
1188 1943 1242 1985 no-

149 2035 221 2090 strae
239 2037 345 2102 ectus,
366 2045 424 2089 sen
447 2028 583 2090 mutatio
603 2026 748 2107 eiusdem
770 2024 810 2088 de
831 2025 915 2089 bono
931 2027 960 2088 in
984 2025 1105 2088 metum
1120 2033 1177 2087 nut
1200 2025 1246 2086 ri·

149 2131 250 2191 cissim.
272 2127 347 2189 Peri
360 2128 493 2207 insuper
512 2128 632 2190 intuitu
650 2127 736 2190 venit
749 2144 857 2190 sermo
871 2125 1021 2206 spiritum
1042 2127 1158 2201 tencre,
1175 2143 1242 2201 cor,

147 2226 274 2290 ommuni
287 2236 350 2293 etc.
364 2247 423 2291 sen
444 2234 556 2291 contre
569 2245 636 2304 cor,
657 2227 815 2303 animum,
833 2225 982 2307 spiritum
998 2225 1183 2301 humidiore,
1194 2227 1246 2288 de·
1295 2304 1299 2314 Χ

143 2328 227 2408 iieere
248 2338 310 2394 etc.
333 2329 408 2394 Non
428 2331 511 2392 enim
542 2331 574 2392 in
597 2331 644 2392 tris
664 2331 883 2394 locutionibus
904 2331 1082 2411 quidquem
1111 2330 1243 2410 proprie

148 2431 180 2492 de
192 2433 377 2495 transitione
397 2448 414 2492 ι
429 2431 504 2494 toco
523 2431 563 2493 nd
579 2432 690 2494 iocum
711 2431 987 2511 comprehendere
1001 2430 1088 2494 ticet.
1112 2429 1153 2494 iit
1169 2433 1242 2497 irinc

147 2533 209 2610 jnre
229 2534 351 2598 iactum
372 2542 433 2608 est,
456 2541 493 2596 nt
511 2531 716 2613 origenesin
736 2531 836 2595 Libro
853 2529 908 2594 tv.
930 2551 960 2595 n.
979 2530 1029 2599 tn.
1046 2542 1157 2596 contre
1173 2531 1258 2599 Cel-r

143 2652 214 2711 snm,
236 2639 295 2698 tens
316 2637 485 2708 torrenten
496 2636 677 2698 descendere
695 2645 724 2697 et
743 2637 920 2712 oscendere,
944 2637 984 2701 de
1006 2635 1073 2700 Deo
1095 2637 1126 2698 in
1150 2654 1246 2699 sensu

146 2739 266 2817 proprio
277 2737 479 2817 accipiendos
492 2756 562 2800 esse
572 2746 751 2816 putentem,
767 2737 899 2800 dixerit:
917 2737 1127 2817 «Prophetae
1141 2737 1245 2802 Deum

144 2841 222 2916 qnasi
248 2837 495 2914 descendentem
520 2847 785 2919 repraesentent,
809 2839 896 2902 hunc
926 2849 1030 2901 temen
1057 2839 1245 2903 descensum

145 2937 272 3016 dperete
292 2941 479 3020 decipimus.
503 2940 673 3004 Descendit
692 2943 776 3004 euim
799 2938 887 3004 Dens
907 2959 925 3004 c
948 2943 1076 3022 proprie
1100 2959 1158 3003 ene
1181 2957 1249 3003 me·

145 3041 300 3117 petendine
328 3050 362 3105 et
381 3043 574 3118 altitudine,
597 3061 672 3106 cum
698 3061 733 3106 se
752 3043 792 3106 nd
824 3043 989 3106 hominnm
1011 3051 1043 3105 et
1073 3044 1247 3122 praecipue

147 3143 299 3207 mutorum
321 3144 482 3207 cnrendns
503 3162 566 3220 res,
589 3145 730 3206 dimittit.
756 3143 797 3207 Et
817 3146 1091 3224 quomadmodum
1114 3146 1248 3224 toquen-

146 3242 171 3302 di
189 3247 392 3309 consuetudo
411 3248 553 3327 suscepit
574 3255 612 3309 nt
631 3247 810 3322 diceretur,
833 3248 1003 3326 magistros
1024 3247 1063 3308 nd
1093 3247 1248 3326 perroto·

147 3361 221 3422 rum,
242 3349 417 3426 sepientes,
431 3357 490 3411 ent
509 3351 566 3429 qni
589 3348 810 3427 proiecerunt,
826 3348 866 3409 ed
882 3346 1122 3411 adolescentum
1137 3365 1248 3411 recem

148 3447 181 3508 nd
202 3449 440 3529 philosophiam
453 3450 669 3513 adductorum
691 3459 822 3526 ceptum
838 3450 1044 3524 descendere,
1068 3467 1126 3512 nec
1143 3460 1249 3512 temen

147 3548 190 3611 tric
216 3551 391 3614 descensus
412 3551 452 3613 de
483 3569 623 3631 corpore
651 3551 832 3630 accipitur:
867 3552 908 3612 itn
940 3551 1042 3614 sicubi
1075 3552 1106 3612 in
1133 3552 1248 3614 divinis

146 3647 315 3732 Scriptnris
336 3651 455 3714 dicitur
476 3648 563 3715 Dens
583 3653 775 3727 descendere,
799 3652 879 3714 heco
902 3671 964 3714 ron
988 3661 1023 3714 ut
1045 3661 1076 3714 et
1090 3653 1252 3715 oscendere

147 3767 182 3812 en
202 3752 331 3833 rntgsri
351 3753 508 3815 nermonis
529 3751 762 3815 consuetudine
783 3738 986 3830 intelligenda
1009 3761 1067 3814 est.
1090 3771 1106 3809 e

216 3852 431 3934 Quapropter
459 3852 616 3933 Origenes
643 3853 889 3934 script-ererum
923 3853 1052 3932 vestigio
1083 3861 1249 3932 sectatus,

146 3955 257 4035 qnippe
279 3956 458 4036 principale
479 3957 578 4036 ipsius
599 3956 756 4030 studium,
780 3957 820 4018 dc
842 3956 980 4018 Ιιιιιιιιιιιι
1003 3955 1184 4020 conditione
1204 3959 1252 4021 lo-

147 4063 235 4120 cntns
255 4064 290 4120 et
311 4057 442 4136 quidem
463 4058 614 4137 spiritati,
636 4075 710 4121 cum
734 4057 811 4118 vetit
832 4056 923 4120 istius
944 4055 1086 4118 indicere
1106 4060 1282 4137 proprie-0

148 4163 221 4218 tetes
241 4177 284 4220 ex
306 4177 368 4221 sno
389 4157 551 4222 nrbitrstn
572 4167 674 4231 ortes,
696 4159 774 4221 dicit
795 4159 955 4221 hominem
976 4157 1084 4218 cedere
1104 4166 1254 4239 etsurpe·

145 4275 190 4328 τη
209 4257 294 4320 mori
313 4267 346 4322 ct
365 4259 486 4332 oioere;
507 4260 688 4322 descendere
707 4267 740 4321 et
759 4259 942 4331 oscendere,
963 4257 1101 4320 occidere
1120 4267 1152 4320 et
1172 4259 1252 4322 deci·

146 4357 221 4438 dere3
242 4368 276 4424 et
297 4361 484 4441 hujusmodi
500 4362 595 4444 juxte
620 4360 873 4424 Prorerbiornm
889 4359 1023 4424 dictumr
1045 4359 1253 4440 septiesccdet

142 4455 291 4533 instaret
311 4470 463 4541 resurpet:
486 4469 544 4524 unt
557 4460 735 4525 secundum
760 4460 966 4541 Apostolumc
981 4461 1038 4540 poi
1058 4469 1134 4533 etot,
1150 4459 1253 4525 uideat

147 4562 295 4626 nemu:
310 4581 369 4627 sen
384 4563 465 4626 iliud
480 4561 707 4628 Ecclesiastici:
723 4571 796 4626 onte
808 4561 962 4627 dominere
977 4561 1081 4626 vitoet
1092 4581 1177 4626 mors
1188 4573 1248 4629 etc.
