3375 5567
205 785 221 822 ι
241 761 279 826 lit
298 763 463 843 quomodo
477 779 540 827 noo
562 765 724 830 ridebitur
738 763 930 841 absurdunt,
947 772 983 830 nt
998 784 1072 832 cnm
1086 783 1149 830 non
1176 767 1231 828 lra-

143 865 215 927 beret
232 865 353 944 aliquid
375 885 417 929 cx
439 867 487 929 bis
508 863 616 942 Deus,
639 885 723 948 quae
745 885 820 929 eum
843 867 963 931 babere
984 869 1114 948 dignum
1136 874 1229 942 erat,

143 965 325 1042 postmodum
340 983 400 1046 per
413 964 595 1046 proiectum
617 966 789 1045 quemdam
803 967 836 1053 in
854 969 915 1030 boe
938 969 1061 1030 tenerit
1081 976 1116 1030 ut
1138 969 1231 1030 babe-

142 1065 199 1128 ret?
210 1065 302 1142 Quod
317 1069 343 1128 si
358 1084 523 1145 nunquam
540 1073 600 1142 est,
617 1067 747 1147 quando
762 1085 824 1128 oon
839 1069 1039 1149 omnipotens
1055 1068 1164 1142 luerit,
1180 1087 1233 1129 nc·

141 1166 261 1228 eessariu
287 1167 463 1230 subsistere
483 1174 613 1245 oportet
638 1168 734 1229 ctiam
756 1184 815 1243 ea,
841 1185 900 1248 per
921 1187 1005 1249 quae
1033 1169 1234 1248 omnipotens

141 1265 252 1338 dicitnr,
264 1273 298 1328 et
316 1285 445 1346 semper
458 1267 622 1341 babuerit,
635 1269 665 1328 iu
681 1268 800 1348 quibus
814 1272 1001 1332 exercuerit
1016 1277 1232 1349 potentatum

141 1376 164 1428 et
181 1384 258 1446 quac
279 1367 400 1432 inerint
419 1366 461 1429 ab
481 1369 551 1448 ipso
573 1370 621 1430 rel
643 1388 730 1449 repe,
755 1370 806 1433 rel
829 1372 973 1450 principe
994 1371 1171 1433 moderata:
1191 1368 1231 1432 dc

141 1468 241 1546 quibus
261 1468 387 1547 plenius
408 1469 439 1529 in
460 1468 540 1531 locis
562 1471 713 1550 propriis,
736 1471 768 1533 in
788 1472 908 1550 quibus
928 1471 968 1534 de
989 1471 1148 1532 creaturis
1161 1469 1233 1550 ejus

140 1569 364 1650 disceptandum
387 1569 500 1643 luerit,
520 1571 714 1634 disseremus
734 1581 796 1634 cic.
820 1592 837 1628 n

207 1668 435 1732 Verumtamen
456 1673 629 1751 praecipua
651 1675 800 1751 quaestio
823 1680 972 1735 versatur
992 1674 1022 1734 in
1045 1673 1162 1734 verbis:
1187 1671 1232 1734 itc

141 1789 172 1832 se
182 1770 369 1852 omnipotens
382 1770 508 1851 quidem
521 1771 602 1834 Deus
615 1770 682 1834 dici
691 1785 805 1853 potest,
815 1773 843 1835 si
857 1771 1046 1834 morietis
1061 1791 1138 1851 quos
1152 1792 1238 1834 eaer-

139 1883 194 1933 rect
208 1881 419 1952 potentatum
440 1882 470 1935 et
487 1871 556 1936 ideo
576 1882 612 1935 ut
632 1872 823 1954 omnipotens
842 1873 1028 1935 ostendatur
1050 1871 1154 1948 Deus,
1173 1892 1237 1935 om·

141 1971 187 2033 sio
206 1972 369 2035 subsistere
387 1990 506 2035 neaerae
525 1980 590 2046 est‚·
612 1975 697 2036 unde
717 1975 829 2036 odensi
850 1981 924 2036 sunt
945 1971 1094 2051 Origenis
1115 1974 1233 2036 hostes.

142 2069 175 2132 lit
193 2074 315 2136 interim
338 2073 443 2152 primo
465 2074 537 2136 loco
559 2081 711 2153 tanquam
736 2073 948 2154 oppositionis
969 2074 1128 2148 nucleos,
1151 2074 1237 2136 inve·

142 2173 264 2250 stipetur
276 2172 355 2252 quid
371 2173 430 2233 sibi
453 2173 571 2249 telint,
587 2181 620 2235 et
633 2174 687 2236 cui
708 2174 894 2236 referantur
915 2172 1069 2234 dictiones
1089 2170 1124 2232 ιἰι
1139 2191 1236 2253 quom·

141 2293 174 2334 ιιι
185 2275 302 2336 scilicet
317 2291 369 2336 rcs
380 2282 505 2335 creatas
517 2263 586 2336 sir'e
601 2274 785 2346 rationales,
800 2293 859 2336 seu
874 2273 1078 2337 irrationales
1091 2274 1133 2336 ibi
1148 2292 1236 2336 com·

142 2377 304 2454 prehendat
318 2377 456 2449 Auctor,
470 2393 510 2436 an
525 2375 631 2453 potios
645 2375 772 2436 divinae
782 2375 962 2455 Sapientiae
974 2374 1143 2453 attributa3
1154 2393 1238 2454 quae

142 2479 227 2556 panio
255 2486 330 2539 ante
350 2477 390 2537 de
417 2474 586 2555 Scriptura
609 2473 789 2538 Salomonis
823 2477 1007 2555 excerpsit3
1030 2493 1180 2554 quaeque
1208 2475 1239 2537 in

144 2575 213 2640 lilio
233 2577 290 2639 llei
308 2585 422 2656 utpote
443 2578 657 2655 proprietates
670 2595 746 2639 snas
766 2577 945 2656 designavit
960 2594 1124 2656 nunqnam
1146 2576 1239 2639 abeo

140 2678 333 2757 separandam
354 2685 387 2740 et
406 2679 473 2740 sice
493 2678 612 2756 quibus
633 2694 696 2738 non
711 2687 794 2740 essct
815 2675 872 2740 llei
888 2677 1068 2756 Sapientia:
1083 2696 1181 2757 sopor
1195 2686 1239 2739 est

142 2777 260 2856 quidam
272 2822 285 2853 ,
309 2779 407 2840 deca
430 2778 507 2841 dicii
530 2777 655 2840 ductor
674 2777 855 2858 Sapientiae
876 2796 904 2840 c.
930 2776 1001 2840 vlt.
1023 2775 1074 2842 25.
1096 2775 1147 2843 ab.
1176 2777 1241 2840 air-

142 2881 206 2941 tutis
225 2878 282 2941 uei
294 2886 324 2940 et
343 2875 517 2956 oporrltoec
530 2874 751 2956 omnipotentia
763 2876 885 2956 clarior
894 2874 1087 2956 purissime,
1100 2888 1129 2939 et
1141 2879 1245 2957 spien-

141 2981 190 3040 dor
207 2978 286 3042 iocis
308 2989 472 3049 aeternae,
493 2985 522 3039 et
542 2978 705 3055 specuium
725 2975 963 3039 immaculatum
990 2975 1244 3056 inoperationis,

142 3079 196 3140 sice
212 3077 340 3143 virtutis
356 3077 427 3152 uei,
440 3088 469 3139 et
489 3076 596 3158 imcpo
616 3075 766 3139 bonitatis
785 3075 890 3139 iilius.
908 3075 948 3139 Et
970 3077 1116 3156 proiecto
1137 3097 1177 3139 ex
1195 3078 1243 3141 liis

145 3181 299 3243 vocabulis
319 3179 356 3240 ic
375 3197 450 3257 pisos
471 3177 615 3252 realiter,
637 3177 850 3256 simpliciter,
873 3195 911 3239 ac
932 3178 1067 3240 seorsim
1088 3195 1104 3238 a
1128 3179 1244 3256 quovis

142 3283 248 3344 iotnitu
269 3278 434 3344 concludit
453 3277 610 3356 Origenes
631 3281 737 3340 omnia
759 3278 929 3356 etsingula
953 3275 1010 3338 [lei
1034 3277 1137 3339 Patris
1153 3279 1244 3340 attri-

143 3383 233 3463 bnta3
254 3383 374 3463 quibus
402 3381 498 3443 etiam
522 3379 624 3442 Filius
651 3382 772 3461 quippe
793 3377 953 3457 Sapientia
978 3377 1082 3440 Patris
1104 3387 1136 3440 ei
1162 3397 1246 3441 nnus

142 3501 207 3545 cnm
227 3503 279 3557 eo,
301 3482 530 3555 communicat,
545 3489 578 3542 et
599 3480 781 3541 necessario
794 3481 1035 3542 communicare
1057 3479 1164 3558 debet;
1182 3479 1245 3540 rir-

142 3591 233 3645 tutem
255 3583 339 3654 dico,
356 3581 504 3660 gloriam,
521 3581 627 3644 lucem
642 3590 818 3653 aeternam,
836 3581 1102 3659 inoperationem,
1121 3580 1243 3642 bonits·

144 3691 220 3758 tem,
243 3693 434 3762 ceterasque
455 3682 678 3762 perfectiones.
702 3677 829 3756 Quibus
850 3689 1085 3760 consequenter
1108 3679 1245 3760 pieriam

142 3784 355 3866 omnipotentis
363 3785 487 3865 jungit3
511 3784 542 3845 in
553 3800 617 3863 qna
634 3791 698 3844 tam
709 3782 865 3863 speciales
877 3785 1149 3847 considerationes
1160 3801 1246 3846 com·

141 3889 234 3966 ponit,
254 3888 295 3950 de
316 3886 435 3966 quibus
456 3883 552 3947 inira.

213 3987 422 4067 Quapropter
436 3986 543 4065 quitis
564 3985 647 4048 alins
668 3985 815 4050 dictionis
829 3985 865 4048 ιἰι
879 4003 974 4065 quos,
987 4003 1098 4048 sensus
1113 3985 1180 4046 site
1198 4003 1247 4046 rc·

143 4089 212 4150 latio
236 4090 277 4150 ad
292 4089 460 4150 materiam
485 4086 594 4148 mundi
611 4095 762 4167 tanquam
781 4086 850 4150 Deo
874 4095 1078 4149 coaeternam
1094 4086 1161 4165 luti
1180 4085 1247 4148 iru-

142 4195 199 4249 stra
221 4188 449 4251 existimarunt
470 4187 673 4267 interpretes)
696 4187 820 4248 admitti
843 4190 965 4266 nequit.
990 4183 1061 4248 Non
1082 4185 1179 4257 enim,
1201 4184 1245 4244 irr-

144 4304 247 4364 qoam,
271 4290 333 4350 boc
353 4288 396 4350 ibi
416 4288 644 4350 animadvertit
664 4288 836 4366 Origencs3
859 4306 964 4366 eoque
986 4287 1085 4364 nragis
1107 4287 1132 4348 si
1154 4301 1246 4364 groe-

143 4405 204 4449 cam
223 4407 404 4467 sequamur
424 4391 541 4453 borum
566 4389 802 4452 vocabulorum
833 4388 969 4452 lormam
993 4395 1026 4450 et
1045 4385 1247 4465 signiacum·

145 4505 222 4566 nem,
244 4491 344 4573 panio
366 4499 437 4570 post
457 4490 489 4552 in
511 4492 580 4570 ipso
601 4507 750 4554 sermone
762 4490 968 4565 accersitam,
993 4484 1197 4552 unilormiter
1217 4492 1248 4547 et
