3375 5567
433 770 622 846 lustrantes,
635 769 736 834 donec
750 788 866 834 eorum
889 773 1027 832 mentem
1048 785 1065 830 a
1090 770 1225 832 raritate
1246 767 1400 843 alienam,
1415 763 1454 828 ad
1475 783 1534 828 ne·

435 872 551 935 liorem
574 871 700 952 irngem
722 873 926 936 reducerent.
959 869 1053 948 Quod
1077 870 1208 950 proprio
1229 869 1420 932 christianae
1440 867 1535 950 philo

433 974 565 1053 sophiae
579 991 696 1037 monus
721 987 781 1049 est,
800 973 949 1049 uolentis,
966 981 1123 1054 quantum
1138 970 1207 1036 deri
1222 975 1333 1053 possit,
1354 971 1387 1032 iu
1401 969 1536 1034 christia·

433 1076 466 1138 ni
487 1074 644 1155 dogmatis
665 1075 860 1138 discussione
882 1077 1041 1138 humanae
1071 1075 1303 1154 intelligentiae
1324 1072 1477 1137 cohibere
1499 1071 1539 1132 ri·

436 1193 508 1252 res,
529 1176 583 1239 sed
605 1197 623 1237 a
645 1179 736 1241 nobis
756 1179 912 1258 exigentis
927 1194 1002 1258 erga
1020 1177 1102 1240 illud
1126 1174 1316 1239 rationabile
1340 1173 1535 1253 obsequium.

488 1302 490 1307 ·
513 1275 722 1359 Quapropter
743 1280 890 1345 Clemens
921 1281 1004 1342 idem
1035 1279 1265 1344 alexandrinus
1296 1296 1357 1360 pro
1376 1297 1412 1342 se
1434 1285 1466 1340 et
1486 1294 1538 1357 pro

434 1377 574 1459 Origene
595 1381 626 1442 in
658 1380 754 1446 Libro
777 1379 801 1445 l.
826 1379 1019 1445 Strumotum
1048 1383 1170 1445 scribit.
1195 1382 1249 1445 llit
1277 1383 1384 1444 enim:
1402 1401 1420 1440 a
1439 1376 1478 1442 Et
1498 1388 1540 1440 est

435 1481 564 1559 quidem
586 1498 645 1562 per
659 1502 693 1546 se
715 1484 857 1562 perfecie
880 1493 912 1548 et
927 1485 1050 1549 nullius
1072 1484 1175 1563 indiga
1192 1482 1373 1547 Servatoris
1388 1481 1539 1553 doctriua,

435 1583 564 1644 comsit
586 1581 643 1645 Dei
667 1586 771 1648 virtus
787 1596 819 1648 et
838 1587 1005 1666 sapientia.
1030 1586 1192 1649 decedens
1214 1594 1323 1648 sotem
1347 1601 1462 1663 graeca
1480 1582 1540 1663 pbi-

435 1682 597 1763 losophia,
617 1704 680 1748 nou
703 1690 870 1750 veritatem
898 1688 973 1751 iacit
995 1689 1233 1768 potentiorem
1255 1685 1309 1749 sed
1333 1685 1474 1748 debilem
1494 1683 1541 1743 ad·

438 1803 551 1848 versus
572 1805 642 1849 cam
664 1786 760 1851 etheit
780 1790 986 1869 sophisticam
1009 1788 1318 1869 argumentationem
1330 1806 1342 1866 3
1362 1795 1394 1848 et
1417 1783 1542 1864 propul-

437 1902 509 1948 sans
530 1887 658 1952 dolosas
678 1891 835 1954 adversus
858 1892 1025 1954 veritatem
1049 1891 1188 1964 insidias,
1206 1891 1289 1954 dicte
1313 1899 1361 1952 est
1385 1890 1496 1950 aiume
1514 1904 1542 1945 a·

326 2041 329 2045 .
437 1997 488 2069 pta
506 2008 598 2070 sepes
611 2001 644 2054 et
666 1993 781 2056 vallus.
804 1991 846 2056 Et
867 2011 951 2074 quae
977 2003 1024 2056 est
1047 1993 1158 2072 utiquc
1181 2009 1221 2054 ex
1243 1991 1306 2054 lide
1328 1991 1462 2062 veritas,
1483 1997 1543 2049 tau·

435 2107 534 2170 quam
550 2095 652 2172 panis,
667 2094 845 2156 necessaria
867 2105 916 2158 est
936 2095 974 2157 ad
999 2095 1182 2158 vivendum.
1206 2091 1299 2170 Quae
1325 2100 1436 2155 autem
1460 2106 1543 2170 prae-

437 2191 522 2253 cedit
536 2190 715 2271 disciplina,
739 2203 787 2257 est
801 2195 934 2258 obsonio
948 2195 1060 2257 similis
1081 2203 1113 2257 et
1136 2194 1300 2256 bellariis:
1315 2192 1481 2255 desinente
1498 2207 1543 2252 rc·

438 2309 476 2352 ro
496 2310 609 2368 coena,
624 2296 733 2357 suasis
748 2295 944 2375 placentula,
961 2305 999 2358 nt
1012 2296 1114 2375 iuquit
1134 2293 1291 2357 Pindarus
1310 2290 1493 2356 Thebanus.
1506 2291 1543 2353 Α·

438 2401 528 2472 perte
548 2404 657 2458 autem
678 2397 755 2458 dicit
769 2395 958 2476 Scriptura:
981 2397 1115 2460 astutior
1134 2397 1194 2461 erit
1207 2395 1343 2475 simplae
1357 2393 1541 2474 intelligens.

436 2489 570 2571 Sapiem
588 2503 690 2558 nutem
709 2494 1079 2578 suscipieteopnitioncm
1101 2496 1160 2560 Et:
1182 2495 1240 2576 qni
1259 2517 1280 2557 α
1300 2494 1401 2574 seipso
1422 2493 1540 2574 quiden

435 2591 569 2672 occepit,
587 2595 723 2674 pluriam
740 2597 906 2676 propriam
926 2596 1064 2678 puduit,
1089 2599 1191 2678 inquit
1213 2595 1381 2660 Dominus.
1408 2593 1474 2670 Oui
1491 2613 1541 2657 an·

434 2702 494 2756 rem
512 2694 637 2774 quaerit
654 2695 792 2776 pierium
811 2697 893 2780 ejus,
912 2697 968 2779 qui
981 2698 1069 2762 misit
1088 2697 1205 2779 ipsum,
1226 2715 1318 2760 umus
1337 2707 1398 2773 ast,
1415 2705 1444 2759 ct
1463 2693 1542 2776 inju-

435 2791 525 2858 stitie
543 2813 609 2858 nors
628 2804 673 2859 est
692 2794 727 2859 in
746 2795 815 2877 ipso
834 2806 896 2861 etc.
919 2819 936 2856 o

518 2892 609 2959 Hanc
629 2907 761 2961 secutus
776 2898 964 2962 methodum
985 2897 1155 2979 Origenes,
1169 2897 1316 2964 conscius
1336 2900 1470 2976 pariter,
1493 2913 1539 2957 ue·

439 3014 504 3075 que
518 2997 550 3058 in
571 3001 719 3063 omnibus
737 2998 814 3081 Legi
829 2999 887 3063 Dei
902 3000 1097 3064 contrariam
1110 3017 1178 3062 esse
1201 2999 1451 3078 philosophiam,
1465 2997 1542 3060 sieu-

439 3099 461 3158 ti
483 3115 589 3178 neque
604 3103 634 3163 in
649 3102 797 3164 omnibus
818 3119 1002 3176 consonam,
1025 3102 1067 3164 ita
1083 3119 1117 3163 se
1139 3101 1246 3179 gessit,
1269 3099 1325 3163 nbi
1346 3117 1430 3179 opos
1444 3099 1471 3160 ei
1492 3095 1540 3159 ad·

438 3199 520 3262 stitit
541 3219 600 3280 pro
623 3204 779 3264 varietate
794 3204 1002 3282 quaestionis,
1024 3219 1083 3266 scu
1105 3202 1211 3280 potius
1234 3219 1293 3280 pro
1307 3200 1443 3264 illorum
1462 3199 1539 3277 inge·

441 3300 506 3370 uio,
528 3302 723 3382 quibuscum
744 3304 933 3377 disserebat,
951 3314 988 3368 ut
1008 3303 1155 3367 omnibns
1177 3303 1282 3366 omnia
1306 3302 1424 3374 iactus,
1445 3301 1538 3362 inere·

442 3404 536 3467 dolos
559 3406 803 3486 haereticosque
822 3406 1053 3481 lucrifaceret,
1077 3404 1181 3469 dubiis
1203 3405 1406 3478 consuleret,
1430 3399 1537 3466 Christi

440 3504 617 3569 Ecclesiam
638 3507 832 3570 aedificaret.
867 3507 955 3570 hdeo
979 3517 1082 3570 tamen
1114 3515 1149 3569 nt
1170 3508 1201 3568 in
1222 3507 1380 3570 similibus
1408 3505 1537 3582 disputa·

344 3685 349 3696 .
442 3607 579 3670 tionibus
600 3623 764 3687 nunquam
785 3608 970 3671 divinorum
988 3607 1167 3670 Bibliorum
1190 3608 1376 3671 auctoritati
1398 3605 1536 3688 praemit·

441 3718 524 3771 teret
553 3709 819 3790 philosophorum
844 3709 1004 3789 dogmata.
1028 3707 1116 3772 llaec
1146 3717 1255 3770 autem
1283 3706 1383 3769 veluti
1415 3706 1534 3768 illorum

441 3813 701 3891 consequentiam
716 3811 881 3886 adhibens,
904 3811 1040 3873 curiosis
1058 3809 1260 3873 auditoribus
1275 3807 1476 3890 explanando
1489 3803 1536 3866 ob

439 3913 578 3991 jiciebat.
597 3909 638 3974 Et
652 3913 682 3972 id
706 3915 894 3992 praesertim
915 3913 1031 3991 agitio
1052 3910 1143 3973 libris
1165 3920 1276 3974 contra
1298 3909 1430 3974 Celsum
1441 3928 1452 3986 5
1466 3921 1535 3985 quo

443 4031 515 4076 rum
531 4017 563 4075 in
579 4011 633 4076 Vl.
649 4031 680 4075 n.
695 4014 725 4076 2.
741 4015 797 4089 ait,
813 4013 1021 4094 philosophos
1036 4029 1168 4093 graecos
1184 4019 1215 4073 et
1230 4013 1369 4074 maxime
1383 4009 1534 4072 Platonem

440 4116 566 4178 utiliter
579 4115 764 4194 laborasso;
780 4133 960 4195 eorumque
982 4115 1129 4194 dogmata
1155 4113 1312 4192 quaedam
1330 4112 1440 4175 eadem
1464 4127 1536 4178 esse,

440 4233 478 4279 ao
500 4215 770 4295 christianorum
793 4226 881 4278 certe
905 4234 983 4278 vero
1005 4233 1067 4276 nou
1089 4233 1156 4277 esso
1177 4215 1294 4294 eisdem
1317 4213 1459 4275 eamdem
1482 4211 1535 4272 rim

439 4319 478 4378 ad
501 4318 621 4378 animas
642 4335 681 4378 eo
702 4316 918 4391 adducendas,
944 4325 979 4379 ut
999 4335 1040 4378 ex
1062 4315 1098 4378 iis
1120 4333 1226 4379 mores
1247 4313 1458 4378 eouiormeot.
1494 4363 1502 4378 .

521 4417 661 4498 ideoque
683 4417 781 4495 paulo
809 4425 880 4497 post
902 4435 932 4478 n.
953 4415 983 4480 5.
1007 4417 1128 4496 inquit:
1151 4413 1255 4478 olam
1277 4415 1364 4495 qnod
1387 4417 1431 4476 ait
1453 4412 1533 4474 l’lato

438 4535 593 4579 suenorum
610 4515 724 4578 ὺωιιιιιι
737 4513 775 4577 irs
788 4513 899 4580 naimo
919 4513 1114 4596 inflammari
1125 4523 1276 4596 tuaquom
1290 4513 1396 4578 iumen
1412 4531 1449 4575 en
1461 4508 1534 4590 ipati
