3375 5567
219 773 271 841 lis
290 776 340 841 llis
359 777 528 860 colligitur
546 779 665 862 primo,
686 798 749 846 cau
769 780 892 847 dietum
913 787 974 861 est,
997 781 1252 863 ingratioribus

150 875 268 944 delictis
286 895 492 961 nequaquam
512 881 553 943 ab
584 879 725 961 Origene
755 883 865 963 negari
891 883 1115 964 peccatoribus
1145 885 1255 962 poeul-

151 979 296 1055 tentiam,
317 982 377 1046 elsi
396 983 498 1046 semel
517 983 634 1047 doceat
654 984 878 1049 tantummodo
897 985 978 1049 dari.
1005 984 1044 1048 Et
1069 985 1153 1050 istud
1176 1002 1253 1048 sane

149 1080 279 1145 destruit
298 1083 385 1162 quod
407 1084 439 1146 in
460 1081 559 1147 libro
582 1083 620 1146 de
635 1081 787 1148 Oruts'om
799 1087 995 1167 supponitur
1009 1085 1252 1150 contradixisse.

151 1177 329 1257 Quinimmo
348 1203 392 1248 ex
410 1185 474 1249 laoo
493 1185 647 1266 loquendi
669 1203 785 1265 penore
806 1196 916 1268 patet,
934 1186 1019 1249 haud
1042 1188 1146 1266 ipsum
1167 1188 1255 1266 ignu-

150 1302 231 1348 rasse
262 1294 339 1350 tunc
371 1289 525 1369 temporis
547 1287 711 1352 Ecclesiae
730 1288 931 1370 disciplinam
953 1287 993 1350 de
1014 1287 1162 1352 fidelibus
1192 1290 1256 1351 reis

151 1386 333 1466 recipiendis
359 1387 391 1451 in
420 1398 608 1452 sauctorum
634 1397 785 1463 coetum,
808 1398 980 1470 postquam
1006 1397 1189 1469 peccarant.
1213 1386 1257 1450 dt

149 1487 282 1568 amplius
303 1488 359 1552 lule
380 1489 476 1569 jurat
495 1508 624 1554 sensum
647 1490 832 1571 expendere
856 1491 1052 1554 verborum:
1072 1491 1164 1554 semel
1184 1499 1256 1553 tco-

149 1594 210 1651 ten
224 1587 435 1668 mitram
455 1587 640 1654 conceditur
658 1592 756 1654 meua.
780 1590 853 1655 Nou
874 1593 957 1654 enim
979 1591 1059 1655 haec
1083 1599 1146 1654 tam
1170 1591 1256 1654 litte·
1381 1603 1385 1610 ·

150 1690 269 1766 taliter,
289 1692 360 1754 sire
378 1694 491 1757 stricte
510 1694 664 1756 sumenda
685 1702 783 1768 sunt,
807 1693 889 1756 adeo
911 1701 948 1756 ut
970 1701 1040 1772 post
1062 1693 1256 1776 baptismum

149 1793 243 1872 siquis
268 1795 476 1873 apostasiam,
499 1794 699 1859 adulterium
729 1802 788 1858 aut
810 1793 1021 1859 homicidium
1051 1813 1115 1859 uou
1138 1794 1254 1869 semel,

149 1893 199 1956 sed
219 1893 266 1957 lis
287 1894 425 1959 lortuito
445 1895 635 1973 admisisset,
659 1905 822 1977 tamquam
842 1897 1013 1960 damnatus
1035 1897 1120 1960 iuret
1140 1914 1255 1977 perpe·

151 2001 202 2058 tuo
224 2005 257 2061 et
276 1998 401 2079 absque
421 1998 507 2081 apud
531 1997 635 2064 ileum
663 1999 908 2075 misericordia,
930 2008 963 2063 et
990 2000 1062 2062 niue
1084 1998 1116 2061 iu
1141 1997 1256 2062 luturo

151 2097 255 2162 seculo
267 2101 435 2181 suppliciis
449 2101 655 2165 mulctandus
668 2103 830 2165 aeternis:
844 2100 932 2182 quod
944 2119 1020 2166 saue
1042 2099 1185 2162 inlinitae
1197 2097 1255 2162 liei

149 2198 339 2262 miserationi
361 2209 530 2281 repugnat.
545 2198 619 2268 Non
634 2199 706 2264 dico
727 2199 786 2265 tili
806 2198 929 2281 septies,
945 2201 999 2264 aad
1016 2198 1193 2280 septuupica
1213 2217 1259 2262 aa·

148 2300 235 2380 ptics,
258 2302 304 2365 ait
325 2301 485 2367 Christus.

221 2400 339 2482 ltaque
358 2401 516 2484 Origenes
536 2401 727 2483 frequenter
746 2403 854 2480 docet,
876 2401 1184 2484 quomodocumque
1201 2400 1255 2463 de·

152 2499 302 2583 liquerint
323 2513 524 2584 peccatores,
538 2503 641 2568 donec
655 2505 687 2567 in
708 2505 769 2569 luae
782 2505 904 2586 dequut
926 2506 1002 2579 rita,
1019 2503 1164 2584 quotidie
1180 2511 1259 2566 lem·

152 2620 207 2683 pus
225 2606 341 2670 adesse
367 2606 632 2686 resipiscentiae,
653 2623 810 2687 spemque
832 2607 1026 2670 remissionis
1055 2623 1093 2668 ao
1118 2603 1255 2676 salutis,

151 2713 255 2770 eontra
276 2707 368 2771 aliud
389 2706 580 2782 decretum,
601 2707 689 2786 qnod
712 2707 744 2770 iu
765 2706 943 2787 Evangelio
968 2706 1126 2769 sancitum
1148 2705 1257 2768 ealda

152 2809 362 2886 reproborum
382 2809 414 2872 iu
435 2809 542 2872 altero
554 2809 668 2871 seculo
682 2807 844 2887 insperate
862 2809 1091 2888 redemptione.
1108 2805 1262 2885 Quando·
1371 2869 1373 2876 ,

152 2907 288 2986 quidem,
311 2911 379 2992 ipse
399 2910 489 2985 dicit,
512 2908 617 2973 lleum
637 2910 827 2988 permittere
847 2909 1022 2990 aliquando
1043 2910 1205 2972 homiuem
1228 2909 1259 2970 in

151 3008 321 3086 proluudas
341 3009 542 3076 calamitates
563 3017 596 3072 et
618 3010 762 3074 miserias
789 3018 925 3092 propter
951 3020 1061 3075 reatus
1084 3028 1161 3074 suos
1188 3026 1261 3089 qra-

154 3109 293 3176 tissimos
317 3129 356 3175 ae
382 3111 541 3190 plurimos
570 3111 761 3194 submergi,
787 3130 893 3193 usqne
919 3111 996 3175 dnm
1021 3128 1120 3175 onera
1141 3111 1259 3174 sentiat

151 3227 378 3276 aerumnarum
398 3231 549 3290 suarum,
575 3222 608 3276 et
632 3210 706 3274 ltine
729 3213 848 3292 cogitet
869 3210 1121 3292 magnitudinem
1148 3229 1260 3294 peeca-

154 3322 255 3380 torum
274 3331 413 3378 suorum
434 3321 468 3378 et
490 3316 689 3396 ranitstem3
712 3323 743 3379 et
763 3317 811 3378 sic
832 3321 1021 3378 revertatur
1041 3313 1079 3374 ud
1102 3311 1219 3376 Deum.

222 3416 434 3499 Quapropter
454 3416 598 3495 praelata
621 3418 782 3496 elocutio:
805 3415 842 3478 ira
854 3411 1057 3497 pronioribus
1071 3411 1262 3476 criminibus

153 3520 238 3581 senet
257 3527 384 3582 tomum
400 3517 610 3599 poeniteutiae
630 3518 933 3590 coemiteriorum
955 3533 1131 3596 congruam
1144 3511 1260 3579 sortie-

155 3626 205 3682 tur
224 3621 539 3700 interpretationem,
561 3621 589 3684 si
610 3621 712 3685 reteri
733 3629 765 3684 et
785 3628 940 3684 externae
961 3617 1197 3681 ecclesiastieae
1211 3615 1259 3676 dl-

154 3722 301 3802 sciplinae
320 3723 496 3786 instemus:
519 3740 584 3803 qua
608 3724 689 3786 rarii
710 3723 943 3804 poenitentium
974 3717 1092 3800 gradus
1122 3719 1260 3782 instrue·

155 3820 277 3900 bantur,
304 3823 495 3905 praesertim
516 3840 577 3903 pro
596 3825 655 3899 eis,
670 3825 727 3904 qui
742 3831 815 3905 post
827 3823 1023 3902 baptismum
1039 3819 1259 3898 deliquissent.

153 3917 238 3986 llnde
257 3942 318 4006 pro
338 3923 465 3988 diversa
486 3942 602 3988 eornm
624 3926 745 3988 malitia
768 3923 850 3988 ordo
866 3921 1101 4005 poenitentialis
1116 3921 1159 3984 ita
1176 3921 1261 3982 iuce-

154 4020 254 4100 deltat,
277 4034 315 4090 ut
333 4027 419 4107 siqui
440 4026 593 4106 baptizati
614 4026 797 4090 incidissent
818 4027 849 4088 iu
871 4023 1078 4105 apostasiam,
1094 4030 1151 4084 aut
1166 4019 1260 4084 adul·

155 4125 288 4205 terium,
308 4146 368 4190 seu
388 4127 598 4192 homicidium
620 4129 841 4192 voluntarium
860 4132 1039 4206 patrassent
1053 4140 1168 4202 magno
1183 4120 1260 4183 lide·

155 4223 229 4290 lium
241 4229 411 4308 scaudalo;
427 4237 505 4292 tune
516 4229 568 4292 isti
579 4236 673 4292 extra
688 4230 856 4294 eeclesiam
869 4226 945 4290 laeti
959 4233 991 4288 et
1006 4223 1260 4288 christianorum

155 4332 358 4404 consortium,
380 4337 453 4412 post
474 4339 613 4411 tempus,
635 4339 750 4395 exacta
774 4331 903 4410 publica
928 4327 1133 4409 poenitentia,
1146 4340 1262 4388 rursus

157 4444 282 4505 precum
293 4441 326 4496 et
336 4432 569 4518 mysteriorum
583 4449 752 4496 sacrorum
767 4432 1017 4495 admitterentur
1029 4426 1257 4491 communioni.

157 4525 287 4605 Quodsi
311 4551 389 4600 vero
410 4533 502 4600 lieret
524 4542 560 4598 ut
574 4534 714 4599 inlausta
734 4534 786 4599 isti
799 4534 896 4598 iidem
915 4551 973 4614 per
994 4530 1106 4595 eadem
1127 4527 1261 4592 crimina
