3375 5567
161 790 230 849 sos,
249 770 361 839 durius
382 794 483 856 uuam
504 795 563 857 par
585 778 690 853 toret,
713 795 826 841 seuam
848 777 935 841 illius
957 777 1195 857 exagitaverit,
1219 786 1256 843 ut

160 876 217 939 iude
234 877 272 941 de
291 895 350 943 sua
372 878 567 943 orthodoxia
589 879 767 956 dubitaret,
790 878 938 959 aliosque
951 878 1053 942 bouus
1075 878 1148 942 fidei
1166 884 1255 945 siros

158 982 182 1041 is
207 980 346 1045 eamdem
377 982 522 1045 traheret
548 982 806 1057 dubitationem,
828 982 923 1047 sicuti
954 982 1180 1047 inlaustissiure
1210 983 1257 1047 ts·

159 1090 231 1143 etum
249 1089 308 1143 est.

218 1181 275 1246 Sed
295 1183 338 1246 de
360 1185 423 1247 lsoc
440 1184 531 1249 satis:
554 1185 728 1266 potiusque
748 1184 789 1247 ad
806 1190 1018 1266 praecipuum
1040 1185 1079 1247 de
1095 1184 1253 1251 Trinitats

154 1294 364 1363 argumentum
391 1289 535 1361 reversi,
556 1287 693 1351 alteram
713 1287 861 1351 lectionis
887 1288 1089 1368 proindeque
1117 1306 1252 1365 seusus,

156 1386 327 1450 serietatem
349 1389 565 1469 inquiramus,
582 1406 680 1469 qnam
696 1388 808 1469 objicit
821 1388 920 1453 latinu
945 1390 1050 1453 rersio
1074 1388 1193 1453 linffini
1215 1389 1257 1451 so

155 1482 324 1571 Hieronymi
341 1488 551 1551 translatione
571 1491 665 1553 sicuti
687 1489 728 1551 ab
747 1488 891 1567 Epistola
913 1490 953 1551 sd
975 1487 1122 1553 Mensam
1146 1489 1181 1552 iu
1198 1488 1255 1553 Pe·

152 1586 284 1651 rinrcloo
304 1587 408 1653 Libro
430 1588 453 1651 l.
470 1610 499 1653 c.
523 1588 563 1653 ll.
587 1610 617 1653 n.
639 1586 688 1654 13.
711 1590 750 1653 de
766 1587 905 1656 Christo.
930 1590 982 1655 Sic
1003 1590 1086 1655 euim
1107 1591 1147 1655 de
1169 1590 1255 1655 Filio

94 1755 96 1764 ,
154 1688 198 1751 llei
216 1690 373 1770 Origenes
386 1711 428 1755 ex
451 1692 550 1773 ipsius
567 1690 684 1757 Rulllni
707 1694 854 1757 versione
868 1694 1030 1773 loquitur:
1054 1716 1069 1753 s
1087 1694 1255 1774 Superest,

152 1792 214 1870 guid
242 1794 282 1853 sit
303 1795 414 1872 imago
435 1792 584 1855 bonitatis
614 1794 686 1875 ejus
707 1794 893 1872 inquirere:
917 1796 947 1855 iu
975 1812 1041 1874 quo
1063 1792 1196 1869 eadam,
1221 1803 1255 1857 nt

152 1893 261 1969 opinor,
277 1891 417 1972 intelligi
435 1897 595 1969 convenit,
617 1896 867 1973 quaesoperius
887 1894 927 1957 de
945 1894 1081 1975 imagine
1102 1912 1152 1971 ea,
1174 1911 1257 1975 quae

153 2010 199 2071 per
215 1994 388 2072 specuium
410 1991 634 2068 deformatur,
649 1997 880 2077 expressimus.
908 1994 1094 2078 Principalis
1117 2013 1257 2076 namque

154 2094 259 2157 leuitas
278 2096 350 2158 sine
371 2095 484 2169 dubio,
507 2116 548 2157 ex
568 2114 632 2176 qua
656 2094 759 2161 Filius
776 2105 882 2161 natus:
906 2098 962 2177 qui
978 2115 1036 2177 per
1056 2099 1162 2161 omnia
1178 2098 1256 2161 ima-

157 2204 249 2274 guest
270 2195 393 2271 Patris,
416 2198 532 2277 procul
554 2198 654 2260 dnbio
671 2200 768 2263 etiam
780 2200 929 2263 bonitatis
945 2199 1015 2280 ejus
1030 2202 1258 2264 convenienter

155 2300 242 2377 insgo
263 2300 406 2364 dicetur.
431 2298 503 2365 Nou
524 2302 607 2363 enirn
629 2301 692 2363 alia
714 2302 825 2381 aliqua
843 2301 983 2366 secunda
1000 2301 1123 2365 bouitas
1148 2303 1258 2368 existit

155 2401 178 2460 iu
194 2398 270 2465 Filio
286 2411 422 2481 praeter
437 2421 520 2477 carn,
535 2420 620 2481 quae
635 2410 682 2465 est
697 2404 727 2465 io
741 2402 845 2466 Patre.
860 2401 951 2467 Unde
962 2413 995 2467 et
1007 2411 1095 2467 recte
1110 2406 1176 2483 ipse
1188 2402 1256 2467 Sal·

155 2511 232 2563 rator
253 2503 283 2565 iu
309 2501 491 2583 Evangelio
510 2503 599 2566 dicit:
623 2522 711 2565 asmo
731 2504 841 2579 dones,
863 2502 930 2567 uisi
951 2522 1035 2566 nour
1053 2502 1135 2567 Dens
1151 2504 1261 2571 Pater.-

156 2622 278 2685 quoper
291 2607 359 2667 hoc
374 2605 588 2685 intelligatur,
612 2603 732 2669 Filium
753 2624 817 2668 ooo
838 2624 907 2669 esse
929 2605 1065 2669 alterius
1088 2606 1236 2671 bonitatis
1247 2628 1260 2685 ;

154 2705 197 2765 red
216 2706 302 2769 iltius
323 2707 452 2776 solius,
475 2724 560 2785 quae
582 2709 614 2769 io
637 2705 732 2771 Patre
753 2716 824 2771 est:
847 2707 942 2787 cujus
970 2716 1056 2772 recte
1078 2710 1184 2789 imago
1206 2728 1261 2789 ap·

155 2805 302 2888 pellatur;
326 2809 405 2889 quia
428 2825 532 2887 neque
553 2809 683 2873 aliunde
703 2817 764 2881 est,
786 2810 843 2871 uisi
867 2826 907 2871 ex
931 2810 997 2889 ipsa
1022 2812 1190 2890 principali
1206 2812 1260 2873 bo·

156 2908 248 2972 nitate:
270 2930 312 2974 ue
327 2909 433 2973 altera
456 2911 593 2987 bouitas,
609 2929 708 2991 quam
729 2929 779 2986 ea,
796 2928 882 2992 quae
904 2911 934 2973 iu
955 2910 1050 2975 Patre
1071 2920 1132 2987 est,
1156 2912 1261 2975 videu-

157 3018 201 3071 tur
218 3011 249 3072 in
270 3009 373 3075 Filio.
396 3008 511 3093 Neque
531 3013 641 3093 aliqua
663 3013 903 3083 dissimilitudo,
925 3021 981 3077 ant
1002 3012 1150 3077 distantia
1173 3013 1261 3077 boui·

160 3112 220 3173 tatis
240 3112 272 3174 in
295 3111 385 3175 Filio
404 3121 463 3176 est.
486 3133 503 3171 a

217 3210 350 3279 ductor
373 3232 451 3278 vero
467 3213 630 3295 Epistulae
650 3216 829 3281 secundum
845 3236 999 3298 graecum
1016 3224 1142 3281 textum
1154 3215 1262 3279 direr-

154 3311 260 3376 simode
280 3312 437 3393 Origenis
457 3322 595 3379 meutem
616 3317 783 3397 explicans
802 3318 927 3381 scribit:
952 3339 968 3377 s
997 3314 1044 3379 lta
1070 3319 1166 3381 etiam
1189 3334 1261 3379 ceu·

153 3430 197 3475 seo
215 3416 253 3477 de
273 3415 450 3481 Salvatore
471 3417 608 3496 pulchre
629 3417 692 3481 diei
713 3436 827 3499 posse,
849 3436 918 3481 esse
932 3418 1063 3499 quidem
1086 3419 1179 3483 illum
1200 3414 1260 3483 Dei

94 3505 95 3512 '
155 3513 290 3579 leuitatis
312 3517 499 3597 imaginem,
522 3526 714 3582 nouantem
737 3520 912 3583 bonitatem
934 3520 1053 3600 ipsam;
1076 3519 1212 3582 tortasse
1231 3539 1264 3583 e·

155 3616 218 3681 tiam
239 3616 365 3681 Filium
382 3618 515 3693 bonum,
536 3618 590 3681 sed
607 3638 669 3683 non
689 3622 882 3701 simpliciter
897 3622 1027 3695 bonum.
1053 3618 1092 3684 Et
1107 3622 1262 3701 quemad·

155 3719 273 3783 modum
296 3718 358 3783 Dei
382 3720 548 3783 invisibilis
568 3731 616 3785 est
637 3722 754 3803 imago,
771 3731 803 3787 et
824 3730 998 3803 propterea
1015 3722 1113 3802 Deum
1137 3742 1199 3787 nou
1217 3732 1263 3787 ta·

155 3838 213 3881 neu
233 3823 272 3896 is,
297 3822 341 3885 de
362 3839 430 3901 qno
451 3819 600 3887 Christus
621 3823 688 3903 ipse
708 3824 765 3886 ait:
789 3834 825 3886 nt
845 3834 1037 3904 cognoscunt
1051 3834 1080 3888 te
1099 3826 1201 3887 rotans
1214 3842 1263 3886 ss·

154 3938 215 3983 ram
232 3920 354 3993 Bessan
371 3922 414 3983 ita
429 3921 578 3985 bonitatis
594 3924 711 4004 imago,
730 3933 914 3988 nontamen
936 3934 973 3989 ut
989 3925 1095 4001 Pater,
1107 3929 1175 3989 sinc
1194 3926 1263 3989 ulla

155 4022 324 4087 diderentia
347 4023 462 4085 bonus.
481 4043 496 4080 a
512 4019 604 4087 Unde
624 4024 843 4111 Hieronymus
865 4028 896 4089 in
913 4026 1057 4108 Epistola
1073 4027 1111 4091 ad
1129 4028 1263 4091 Avitum

156 4124 254 4190 uls
278 4123 388 4189 Deum
412 4123 539 4188 Patrem
561 4128 825 4207 omnipotentem,
849 4127 964 4209 inquit,
987 4128 1130 4208 appellat
1149 4125 1264 4208 Orige-

157 4242 202 4287 nes
221 4210 345 4292 bouum
366 4236 399 4291 et
420 4226 583 4307 perlectae
605 4228 754 4293 bonitatis
764 4250 777 4309 3
801 4227 921 4293 Filium
944 4247 1005 4291 nou
1030 4245 1098 4291 asso
1120 4228 1261 4304 bouum,

157 4326 202 4386 sed
221 4345 339 4391 auram
360 4326 534 4407 quamdam
556 4335 588 4389 et
609 4330 779 4410 imaginem
800 4329 965 4404 bonitatis,
989 4334 1025 4391 ut
1046 4346 1108 4391 uon
1134 4326 1264 4391 dicatur

159 4427 295 4495 amatote
318 4432 434 4505 donus,
457 4428 512 4493 sed
535 4447 612 4493 eoru
631 4426 850 4497 additamento
875 4430 988 4494 Pastor
1009 4430 1106 4493 muns
1127 4437 1225 4495 etc.»
