3375 5567
170 802 229 869 len
241 806 278 869 nt
294 803 428 871 iritum
449 802 597 889 Epistola
612 824 654 871 er
667 802 810 887 Origene
824 807 903 872 oital
913 802 1150 891 Hieronymum
1163 826 1181 868 s
1196 806 1262 886 Qui

170 928 235 973 sero
260 909 490 974 buotnaserint
520 915 553 974 et
584 911 680 991 motis
713 909 851 992 nedibus
885 928 1093 993 nequaquam
1128 928 1265 975 eonne-

169 1011 238 1089 rint,
269 1012 485 1094 subjicientur
521 1013 652 1077 omnino
685 1012 890 1094 dispensandi
926 1020 960 1077 el
994 1010 1124 1093 regenti
1162 1018 1263 1093 alque

167 1114 197 1174 at
215 1113 342 1177 meliora
364 1112 577 1193 gubernandi,
598 1114 844 1196 principatibus,
866 1112 1093 1196 potestatibus,
1124 1113 1261 1190 tbronls,

166 1213 430 1278 loniuatiouibus.
449 1214 490 1279 lit
511 1215 645 1280 iorsltan
665 1234 708 1279 ex
730 1216 778 1280 bis
799 1216 966 1280 bominum
988 1214 1146 1280 constabit
1162 1230 1263 1296 genus

166 1316 267 1379 muno
293 1315 408 1397 aliquo
428 1335 469 1381 ex
492 1316 618 1381 mundis
630 1338 644 1399 ;
666 1317 796 1398 quaudo
819 1319 916 1401 juxta
937 1316 1052 1382 isaiam
1074 1318 1203 1383 eoelum
1231 1324 1265 1383 el

164 1423 237 1481 terra
256 1435 339 1482 nora
362 1418 450 1483 flent.
472 1416 537 1495 Qui
560 1437 640 1484 sero
659 1436 724 1483 nou
745 1418 867 1485 inerint
887 1421 1008 1497 meriti,
1030 1426 1067 1484 ut
1088 1438 1147 1501 per
1160 1438 1261 1501 genam

165 1518 312 1583 bominum
335 1527 548 1584 revertantur
575 1520 614 1583 ati
635 1522 808 1602 pristinum
828 1528 970 1601 statum,
994 1522 1070 1586 lleut
1090 1521 1259 1600 diabolus,

163 1624 188 1679 et
205 1616 302 1696 angeli
323 1617 400 1698 ejus
420 1625 453 1681 et
473 1618 600 1698 pessimi
615 1616 799 1681 daemonem
821 1636 860 1681 an
874 1636 934 1700 pro
957 1618 1113 1683 varietate
1128 1619 1260 1682 merito·

160 1736 220 1779 rum
239 1718 269 1779 in
295 1718 435 1799 siugulis
455 1716 581 1783 muniis
601 1717 729 1785 diversa
755 1718 860 1784 oblota
882 1721 1071 1785 sortientur.
1105 1717 1260 1802 ipsosque

160 1817 312 1883 daemones
333 1836 375 1883 an
389 1826 535 1884 rectores
556 1821 768 1885 tenebrarum
780 1824 813 1886 in
834 1822 949 1903 aliquo
963 1820 1086 1885 mundo
1097 1822 1150 1884 vel
1165 1840 1257 1886 mun·

159 1918 209 1992 lis,
221 1920 246 1982 si
262 1920 432 1984 soluerint
445 1920 485 1982 asl
500 1921 636 1986 meliors
658 1923 818 1998 oonrerti,
839 1921 912 1986 lieri
926 1922 1084 1998 bomines,
1105 1920 1198 1984 etsie
1217 1920 1257 1983 asl

160 2024 314 2103 antiquum
337 2022 448 2087 rellro
475 2024 689 2105 principium
712 2024 756 2087 its
778 2024 973 2100 dumtaxat,
995 2030 1034 2087 ut
1053 2040 1113 2104 per
1136 2022 1261 2105 suppli-

157 2124 195 2186 sis
214 2133 310 2207 atque
333 2132 507 2200 tormenta,
529 2143 615 2206 qnae
644 2126 695 2189 sel
717 2126 822 2189 multo
844 2127 895 2189 vel
917 2126 1009 2189 brevi
1038 2132 1184 2207 tompore
1204 2142 1259 2188 sn·

157 2228 327 2306 stinneriut,
352 2230 386 2292 in
399 2228 567 2292 bominum
580 2228 701 2292 eruditi
720 2227 926 2309 corporibus,
943 2244 1058 2291 rnrsos
1074 2227 1202 2291 seniaut
1219 2227 1259 2289 sd

157 2326 331 2405 augelorum
355 2326 492 2407 fastigia.
516 2326 568 2392 Ex
588 2346 656 2408 quo
686 2327 896 2407 consequenti
916 2328 1042 2390 ratione
1071 2326 1257 2403 monstrari,

155 2443 251 2491 onnes
270 2427 484 2492 rationabiles
503 2438 672 2493 creaturas
693 2448 735 2493 ex
756 2427 941 2491 bominibus
961 2426 1049 2499 lieri,
1072 2444 1136 2490 non
1156 2427 1257 2491 semel

155 2533 181 2586 et
195 2527 311 2605 subito,
338 2528 397 2591 sed
419 2529 644 2610 irequeutlus,
666 2547 791 2611 uosque
809 2538 843 2593 et
873 2529 1005 2609 angelos
1026 2526 1157 2593 iuturoa
1180 2526 1257 2590 ‹lae-

153 2642 258 2702 nones,
279 2629 308 2691 si
330 2630 496 2709 egerimus
515 2630 730 2710 negligentius
736 2649 748 2709 3
767 2635 801 2692 et
820 2646 937 2693 rursus
957 2629 1130 2692 doemones
1149 2628 1176 2691 sl
1198 2645 1255 2691 ro·

151 2722 257 2791 luerint
270 2746 394 2808 oaoere
409 2731 558 2806 virtutes,
576 2731 747 2811 pervenire
767 2729 807 2792 ai
822 2728 1000 2809 angelicam
1022 2727 1220 2808 dignitatem.
1237 2748 1254 2787 o

214 2826 270 2894 tlte
290 2832 407 2911 itaque
428 2849 492 2896 uua
518 2832 669 2905 nonalia,
690 2848 776 2912 quse
795 2828 1015 2915 Hieronymus
1036 2848 1080 2893 ex
1100 2829 1255 2909 praefatis

151 2928 240 3005 prino
264 2940 298 2996 ot
322 2933 423 2995 tortio
452 2933 544 2996 tibris
570 2933 755 3006 transtulit,
781 2932 954 3012 giosssque
984 2929 1144 3007 adauxit,
1166 2948 1253 3012 quau

150 3028 260 3096 luetur
279 3034 369 3098 ntxtt
389 3034 430 3097 te
449 3035 561 3099 muudi
580 3034 657 3110 line,
678 3034 827 3115 proiecto
850 3034 921 3095 siro
948 3032 1111 3096 oatbolieo
1131 3031 1253 3096 exhor·
1325 3044 1331 3056 ·

148 3134 324 3199 mannum
343 3144 412 3212 est,
425 3135 715 3200 util’nmmsobius
736 3134 912 3199 exhorruit
923 3152 998 3199 oum
1013 3134 1088 3195 talia
1103 3132 1248 3213 legisset,
1335 3202 1339 3209 ,

148 3232 180 3293 ab
196 3235 263 3316 ipso
283 3236 488 3321 Hieronymo
508 3237 540 3300 in
562 3237 680 3300 idioma
702 3237 840 3299 latinum
864 3236 1032 3305 translatu,
1054 3242 1088 3297 el
1106 3234 1147 3297 asl
1161 3252 1253 3298 eum·

147 3334 207 3398 len
226 3338 336 3401 mima.
359 3336 605 3414 Verumtamen,
627 3339 676 3402 uti
697 3337 774 3398 alibi
797 3336 1010 3399 horrendem
1033 3334 1197 3415 expendi,
1217 3345 1251 3399 et

149 3434 227 3498 uolo
246 3438 359 3501 denuo
380 3445 414 3500 et
433 3444 587 3501 aoourate
607 3437 812 3518 pounersns,
836 3434 1021 3517 hujusmodi
1054 3432 1247 3519 Hieronymi

149 3537 282 3616 versioni,
306 3557 347 3602 ao
367 3538 701 3602 animaduersionibus
721 3537 809 3600 ciros
830 3554 867 3598 en
892 3535 990 3599 rerba
1012 3536 1187 3612 consertis,
1209 3554 1250 3601 eo

147 3640 234 3703 uiuus
263 3641 478 3722 nequieseere
498 3658 647 3721 nequeo,
666 3657 734 3719 quo
755 3639 856 3718 mugis
879 3634 997 3700 Rullini
1021 3645 1170 3715 tentum,
1191 3647 1249 3703 seu

147 3738 432 3823 interpretationem
452 3741 740 3805 oomnseutlantlarn
758 3758 828 3802 esso
850 3739 968 3819 potiori
987 3738 1065 3819 jure
1085 3738 1249 3819 existim03

147 3848 202 3903 tum
220 3846 297 3923 quia
320 3845 390 3923 inse
410 3839 561 3906 iinlbnus
581 3844 613 3905 in
646 3840 790 3921 Prologo
812 3838 969 3903 versionis
990 3838 1170 3904 obtestatus
1201 3846 1250 3902 est

144 3960 171 4003 se
187 3944 262 4007 nibil
283 3944 475 4008 emendasse
494 3942 527 4005 in
548 3943 599 4017 iis,
621 3960 706 4023 quse
726 3942 883 4022 Origenes
895 3938 1006 4003 docuit
1025 3938 1067 4003 sle
1089 3941 1252 4005 creaturis

146 4043 370 4124 rationalibus3
393 4051 462 4106 tum
482 4046 560 4124 qnia
580 4046 613 4107 in
633 4061 731 4107 seusu
754 4059 865 4105 rerunt
886 4040 1113 4121 expositarum
1132 4040 1193 4104 sibi
1214 4058 1251 4104 se

146 4146 368 4211 nouenotarium
389 4142 573 4209 monilestat
594 4143 833 4224 Adamantius3
857 4150 926 4207 tom
956 4144 1032 4224 qula
1054 4142 1171 4206 nullibi
1198 4160 1251 4205 oe·

148 4250 278 4310 tororum
299 4247 465 4311 librorum
485 4246 603 4309 similia
625 4246 834 4328 reperiantur
853 4245 1008 4321 amissis,
1030 4260 1089 4308 noe
1110 4242 1250 4325 reperiri

146 4356 294 4419 literani.

210 4445 369 4523 Quamvis
388 4465 490 4529 porro
509 4446 684 4529 scriptoris
715 4465 804 4511 meus
836 4446 975 4512 tenebris
1004 4445 1248 4527 quodammodo

147 4546 286 4615 obsolute
307 4550 407 4617 etilm
428 4567 470 4613 ea
497 4548 614 4615 liuilni
641 4551 908 4633 interpretatione
934 4549 1099 4627 videntum
1126 4546 1244 4627 nequisl
