3375 5567
1227 700 1290 770 ibi

164 831 259 896 paces
279 833 361 893 csse,
383 816 532 880 docuisse
552 815 741 895 Origeuem5
758 777 861 893 quod,
879 812 993 892 otique
1007 813 1113 892 ipsum
1129 807 1204 872 talia
1215 823 1286 870 sen·

37 945 39 984 ε
163 920 241 984 sisse
262 918 403 982 absurda
425 925 457 980 et
478 918 689 996 excogitasse,
710 923 796 979 retal
815 931 927 977 sensns
949 914 1084 993 logicus.

247 1017 418 1081 Praeterea
434 1017 592 1098 quidquid
613 1018 658 1079 ait
674 1016 802 1079 ductor
826 1030 868 1078 en
884 1013 1052 1077 Psalmista
1072 1019 1179 1073 euntes
1196 1010 1287 1074 ibant

165 1129 195 1180 et
213 1119 328 1197 debent
347 1117 501 1182 mittentes
522 1120 642 1182 semina
666 1125 891 1192 rememorat
916 1114 1019 1179 Tonao
1033 1109 1125 1178 xttt.
1141 1109 1286 1174 indona-

166 1237 234 1283 tsem
255 1239 285 1282 u.
306 1217 356 1287 io.
378 1220 523 1284 eamdem
545 1221 725 1300 eodemque
748 1219 869 1282 iutuitu
891 1216 1060 1280 conierens
1091 1215 1287 1293 interpreta-

167 1323 302 1394 tionem,
323 1337 422 1401 onam
442 1321 678 1401 praemisimus.
703 1319 781 1382 item
804 1320 835 1380 ln
858 1312 961 1381 Tamo
981 1314 1069 1379 xix.
1092 1313 1122 1380 5.
1145 1316 1215 1394 pari
1237 1329 1288 1375 ra·

168 1423 254 1485 tione
277 1423 408 1486 reninut
429 1438 514 1502 quac
535 1423 665 1485 scribit:
690 1443 706 1482 a
729 1419 815 1497 Quin
836 1423 934 1484 etiam
955 1423 982 1483 si
1003 1419 1131 1480 animae
1152 1423 1287 1498 propter

168 1524 325 1585 malitiam
347 1533 379 1586 et
401 1539 502 1602 prava
524 1524 690 1604 dogmata,
711 1523 950 1603 intelligibilem
971 1522 1136 1582 notaveris
1158 1521 1289 1581 descen·

167 1641 253 1699 sum,
276 1633 309 1687 et
327 1624 562 1704 intelligibilem
586 1625 685 1705 ipsius
708 1641 889 1699 ascensum,
906 1642 970 1686 non
993 1639 1127 1702 parram
1145 1623 1287 1685 invenies

168 1725 399 1788 differentiam:
423 1726 520 1788 iatius
542 1727 626 1789 enim
648 1725 867 1789 considerabis
890 1723 1136 1804 intelligibiliter
1157 1724 1288 1790 descen·

169 1827 290 1890 dentes.
313 1845 329 1884 a
348 1826 427 1890 item
449 1826 551 1890 Temo
565 1827 639 1891 xit.
662 1846 692 1890 n.
708 1824 758 1891 37.
774 1826 811 1892 in
826 1825 1033 1905 Mattianum,
1050 1827 1163 1890 endem
1178 1827 1287 1906 pbrasi

168 1927 350 2007 eodemque
370 1943 466 1992 sensu
489 1947 581 2002 usus,
602 1930 640 1990 ed
665 1928 768 1994 ileum
791 1948 847 1992 eos
868 1928 1041 1991 ascendere
1062 1929 1124 2002 ait,
1146 1931 1202 2009 qui
1224 1946 1287 1991 non

166 2031 346 2092 secundum
368 2047 497 2092 carnem
522 2032 646 2093 visunt.
664 2028 729 2106 Qui
752 2032 835 2094 enim
852 2031 896 2092 ita
921 2031 1011 2105 sirit,
1028 2030 1109 2093 idest
1130 2032 1287 2105 incarne,

167 2130 320 2194 deorsum
343 2131 459 2211 degere
486 2133 517 2192 iu
539 2133 610 2213 eius
634 2133 900 2211 concupiscentiis
921 2131 1057 2194 mavult.
1081 2131 1236 2195 Similiter
1256 2132 1289 2193 in

170 2231 274 2295 Tomo
295 2231 383 2296 xltt.
408 2251 437 2295 n.
454 2230 484 2297 3.
500 2251 540 2296 ex
564 2234 686 2297 verbis:
709 2233 911 2296 descendente
929 2230 1004 2295 Jesu
1018 2234 1057 2295 de
1070 2242 1189 2309 monte,
1212 2235 1291 2296 dicit

171 2335 316 2398 bomines
337 2344 472 2415 propter
492 2336 623 2398 morbos
642 2336 819 2398 detinentes
842 2337 1003 2412 animam,
1026 2353 1089 2398 non
1116 2354 1208 2416 posse
1230 2337 1289 2400 nisi

169 2435 270 2499 alico
281 2437 409 2516 adiutos
423 2437 606 2499 ascendere.
628 2436 774 2516 Denique
796 2443 909 2500 contra
930 2436 1063 2501 Celsum
1078 2434 1176 2498 Libro
1186 2434 1225 2499 V.
1238 2433 1288 2500 53.

170 2538 283 2602 eadem
306 2537 415 2618 pbrast
438 2539 555 2611 utitor,
580 2537 813 2616 significatione
837 2554 916 2599 sero
940 2553 1000 2616 pro
1020 2544 1214 2617 argumento
1234 2553 1291 2600 und

170 2649 241 2705 stro
263 2639 483 2713 manifestiori,
502 2637 603 2702 isaiae
625 2640 811 2702 vaticinium
827 2642 1075 2719 interpretatus:
1096 2636 1292 2719 mnpnicen·

171 2741 239 2804 sitii
255 2741 403 2820 Anpelnsr
419 2735 633 2816 «Nemeturii,
654 2741 770 2821 inquit,
787 2743 871 2805 euim
887 2742 1070 2804 bominibus
1086 2756 1235 2822 magnum
1252 2742 1292 2806 de

169 2845 236 2909 illis
258 2842 315 2907 bei
338 2853 370 2906 et
392 2843 535 2905 omnium
559 2846 699 2921 parentis
721 2843 906 2922 consilinm;
921 2861 1037 2923 nempe
1053 2849 1100 2919 ut,
1116 2845 1174 2923 qni
1189 2845 1292 2923 inpu-

170 2958 211 3008 ra
234 2944 392 3024 religione
415 2943 512 3006 vitam
534 2943 709 3022 degerent,
733 2944 752 3005 ii
775 2958 835 3023 per·
855 2945 987 3024 iusignia
1019 2944 1102 3008 iacta
1124 2943 1164 3006 ad
1187 2941 1292 3008 ileum

173 3047 276 3110 sciuti
298 3046 520 3109 ascenderent.
539 3043 604 3121 Qui
628 3063 706 3107 sero
727 3047 773 3108 sio
795 3046 907 3109 virere
930 3055 1132 3117 recusarent,
1156 3044 1177 3107 il
1195 3046 1291 3125 longe

172 3145 405 3210 descenderent
426 3163 443 3207 a
467 3143 534 3207 Deo
545 3160 557 3225 3
580 3153 613 3207 ct
633 3145 863 3210 incredulitate
882 3163 940 3208 ena
962 3147 1022 3207 sibi
1046 3147 1131 3206 riam
1160 3145 1199 3206 ad
1222 3147 1292 3207 exi·

176 3249 258 3312 tinrn
282 3249 435 3312 iacerent.
460 3266 476 3304 a

257 3347 349 3412 Patet
370 3365 469 3429 ergo,
493 3356 529 3410 nt
551 3349 736 3410 summatim
757 3347 882 3423 dicam,
905 3347 1081 3428 (trigonam
1103 3348 1143 3411 de
1167 3351 1293 3413 animae

173 3453 330 3516 descensu
351 3456 384 3512 et
405 3467 539 3512 ascensu
561 3450 666 3528 loqui,
684 3458 783 3530 prout
799 3452 865 3530 ipsa
888 3451 1019 3530 corpori
1038 3451 1169 3532 jnncta,
1192 3451 1295 3514 bomi-

173 3572 247 3618 nem
269 3552 447 3626 cnnstituit,
470 3569 546 3614 cum
567 3569 606 3613 eo
627 3557 662 3612 et
681 3551 712 3611 in
733 3569 772 3613 eo
794 3553 874 3631 agit3
896 3569 1002 3631 neque
1023 3555 1158 3616 seorsim
1180 3569 1197 3615 a
1221 3571 1294 3617 cor·

175 3671 256 3736 pora
270 3653 338 3715 sire
355 3653 395 3714 nb
410 3653 611 3714 humanitate
631 3669 701 3713 eam
724 3669 869 3732 unquam
886 3654 1172 3732 contemplatorio
1187 3654 1293 3716 citatis

175 3755 375 3818 testimoniis.
394 3751 434 3815 tis
454 3753 537 3824 ideo,
556 3753 603 3814 uti
628 3752 778 3835 vidimus,
794 3751 971 3831 aliquando
995 3754 1155 3816 vocabulo
1168 3751 1295 3816 animet

175 3856 264 3919 aliud
287 3853 455 3918 substituit
476 3850 627 3927 bominis,
642 3871 718 3916 cum
734 3852 773 3914 de
789 3855 882 3915 vario
896 3853 1122 3932 hujuscemodi
1137 3857 1296 3918 ascensio·

177 3972 255 4020 unm
277 3973 394 4036 genere
415 3955 546 4018 locutos
568 3959 625 4017 est.
649 3952 745 4029 Quod
769 3955 910 4016 monime
932 3954 1086 4017 indicavit
1100 3957 1130 4018 in
1153 3955 1252 4019 Libro
1269 3956 1293 4018 i.

177 4077 206 4123 c.
226 4055 328 4122 tilii.
354 4055 547 4121 Perinrcison
568 4056 607 4116 de
630 4050 774 4118 fidelium
797 4071 894 4135 agens
919 4054 1119 4134 proiectibns
1141 4059 1173 4118 in
1196 4058 1297 4120 scicn-

178 4161 220 4222 tia
243 4165 276 4222 ct
296 4159 454 4221 charitate
476 4154 554 4235 Dei3
571 4153 625 4221 ubi
648 4157 728 4220 baec
750 4158 888 4219 notanda
910 4162 999 4230 sunl,
1024 4155 1184 4238 valdeque
1199 4175 1297 4238 argu·

178 4261 275 4324 menti
298 4257 521 4339 perspicuitati
543 4257 742 4338 proficientia
771 4265 883 4321 contra
916 4258 1182 4321 adversariorum
1204 4269 1297 4339 prte-

174 4361 311 4443 jndicia:
336 4382 353 4420 <s
376 4358 536 4439 inceps,
559 4361 615 4435 ait,
638 4359 826 4423 indesinenti
849 4375 927 4439 erga
948 4369 1006 4423 nos
1022 4374 1122 4440 opere
1145 4359 1249 4423 l'atris
1263 4369 1297 4422 et

178 4461 253 4526 uisu
275 4471 308 4526 et
322 4462 460 4542 Spiritus
482 4461 588 4527 Sancti
605 4477 663 4542 per
676 4462 820 4542 singulos
836 4478 986 4541 quosque
1000 4463 1209 4541 profectuum
1225 4474 1297 4541 grah

178 4564 239 4626 dns
255 4563 449 4635 instaurato,
467 4564 533 4638 six,
556 4564 582 4628 si
599 4561 685 4628 torte
705 4564 881 4642 aliquando
897 4564 1016 4627 intueri
1038 4579 1210 4644 possumus
1225 4576 1296 4625 san·
