3375 5567
227 732 312 799 luter
333 740 382 799 tnt
403 732 625 799 maleficarum
646 734 765 799 artium
787 750 940 817 genos-aa
964 733 1130 803 seteriltns
1151 734 1263 798 luseu-

163 838 240 901 tasd
261 838 438 901 insciorum
459 836 666 913 illusionem,
688 854 849 918 quaenam
870 836 1033 914 praestitit
1052 836 1085 900 iu
1105 834 1167 899 hac
1186 852 1265 899 eso·

161 940 272 1003 mtione
301 936 567 1019 praestigiatrix?
596 936 802 1018 Respondeat
833 938 932 1001 mihi:
960 955 1045 1018 quoe
1075 939 1204 1017 paravit
1224 937 1265 1001 sd

163 1040 214 1103 hoc
236 1058 318 1120 opus
340 1038 584 1121 ventriloqua?
604 1058 690 1120 quac
713 1040 833 1115 rerba,
856 1058 916 1104 seu
935 1039 1032 1121 cuius
1053 1056 1170 1102 nomen
1190 1056 1266 1119 pro·

161 1140 338 1205 nunciavit?
367 1140 499 1207 Nullius
519 1158 596 1205 saue
616 1159 732 1205 nomeu
753 1141 875 1205 ediditz
899 1141 979 1207 nihil
1007 1142 1183 1221 praemisit.
1207 1137 1264 1203 Ni·

163 1243 201 1305 hil
212 1244 292 1308 euim
315 1252 428 1306 narrat
442 1242 611 1323 Scriptura
633 1243 753 1321 diviua,
769 1244 827 1309 uisi
845 1243 953 1309 Saulis
968 1251 1141 1319 tentameu,
1157 1243 1268 1323 despe-

163 1345 230 1407 ratis
250 1344 359 1409 rebus.
384 1342 427 1407 Et
446 1345 479 1407 iu
500 1344 561 1409 hoc
583 1346 775 1420 tentamine,
800 1345 954 1410 historiae
974 1345 1089 1409 ordine
1109 1346 1266 1424 iuspecto,

162 1462 234 1524 opus
247 1445 521 1525 praestigiatricis,
538 1447 719 1509 educationi
736 1449 919 1527 praevium,
935 1447 1076 1522 lallitur‚
1097 1446 1175 1508 nihil
1193 1462 1268 1523 pro·

164 1544 226 1608 luit.
247 1544 496 1621 Tantummodo,
525 1555 672 1611 manente
687 1544 745 1611 Dei
764 1549 967 1628 providentia
990 1550 1022 1613 in
1037 1547 1193 1627 regimine
1217 1563 1268 1609 re·

161 1662 240 1721 rum,
261 1656 392 1727 praeter
410 1647 576 1711 hominum
598 1648 858 1727 expectationem
873 1650 1014 1715 maxime
1035 1648 1266 1729 reproborum,

161 1766 197 1813 sa
217 1750 346 1829 propria
369 1749 537 1813 voluntate
552 1743 639 1813 Deus
660 1751 816 1816 excitarit
835 1750 1032 1825 Samuelem,
1055 1757 1093 1813 ut
1105 1746 1196 1811 Sauli
1218 1764 1269 1811 re·

160 1852 337 1930 sponderet,
360 1853 455 1932 sique
476 1852 571 1919 linem
590 1872 688 1917 suum
713 1853 967 1928 vaticinaretur,
990 1852 1038 1915 uti
1060 1870 1103 1913 ea
1125 1850 1269 1914 testimo·

161 1952 208 2015 nio
228 1950 444 2019 Ecclesiastici
461 1955 608 2034 praelato
629 1956 873 2036 comprobatur.
898 1952 939 2017 Et
959 1972 997 2017 re
1017 1952 1148 2033 quidem
1165 1968 1243 2031 vera
1254 1970 1266 2030 3

163 2048 246 2127 Saul,
269 2052 429 2117 mediante
451 2052 690 2134 ventriloquo,
711 2056 925 2119 consulturus
947 2053 1034 2116 seuit
1054 2050 1201 2130 Samuel;
1223 2050 1268 2115 ita

162 2152 250 2216 duest
276 2151 457 2234 Scriptura.
478 2153 610 2220 Samuel
634 2174 713 2221 vero
735 2157 908 2236 respondet
928 2153 1019 2219 Sauli
1039 2152 1265 2231 interroganti,

162 2272 359 2335 nequaquem
382 2274 461 2319 reso
481 2258 628 2323 mulieris
649 2259 795 2341 pythoni.

233 2354 321 2423 Vidit
340 2374 417 2422 saue
438 2358 504 2439 ipsa
520 2359 716 2436 Samuelem,
739 2379 836 2441 quem
859 2359 1001 2425 noudum
1022 2364 1199 2423 evocarats
1224 2357 1270 2420 si·

160 2456 202 2521 dit
220 2458 372 2526 nimirum
399 2458 584 2526 Samuelem
608 2464 725 2540 lucem
747 2479 811 2525 nou
839 2460 1011 2537 evocavit)
1041 2463 1269 2523 occurrentem

161 2556 255 2637 Sauli,
279 2571 317 2624 ut
337 2579 411 2625 oum
433 2580 485 2637 oo,
508 2580 572 2626 nou
594 2580 768 2628 varocum
791 2561 1030 2641 ventriloqua,
1063 2561 1268 2641 loqueretur.

158 2656 301 2737 Quacum
314 2670 403 2727 certe
424 2681 463 2726 ue
485 2664 622 2729 verbum
639 2665 769 2744 quidem
790 2665 924 2728 locotus
938 2670 987 2726 est
1006 2661 1151 2727 Samuel.
1175 2658 1271 2724 Prae·

158 2764 311 2843 sdssiatria
331 2765 482 2829 clamauit
501 2784 574 2829 cecc
594 2784 724 2845 moyam
751 2776 905 2846 tauquam
935 2766 1007 2828 ideo
1037 2764 1269 2843 obstupescens

162 2864 196 2926 de
215 2866 377 2947 inopinata
401 2865 584 2947 Prophetae
607 2870 810 2949 praeseutia3
833 2885 871 2930 oc
893 2867 981 2930 testis
1010 2874 1134 2928 tantum
1156 2863 1271 2925 mansit

162 2970 331 3044 sermonis,
352 2970 410 3049 qul
432 2970 516 3032 inter
536 2968 720 3033 Samuelem
743 2970 838 3035 cessit
859 2986 898 3032 ac
918 2966 1062 3031 Saulem.
1086 2964 1270 3044 Spectatrix

162 3069 362 3148 apparitionis
384 3070 491 3133 estitit
512 3070 665 3145 fatidica,
686 3070 740 3133 sed
762 3071 874 3150 ignara
896 3076 990 3132 autea
1013 3072 1171 3147 personae
1191 3063 1271 3129 Saa-

163 3166 208 3245 lia,
222 3170 280 3249 qui
304 3180 436 3235 venerat
450 3171 490 3233 ad
504 3188 592 3243 eam,
607 3170 702 3235 sicuti
718 3178 751 3233 ot
774 3171 927 3245 vaticinii,
944 3170 1032 3249 quod
1045 3166 1178 3233 Samuel
1192 3164 1273 3230 Sau-

163 3266 183 3331 li
202 3269 371 3349 praedixit.
394 3271 508 3335 Omnia
533 3289 633 3351 porro
656 3274 820 3352 cognovit,
838 3281 1049 3351 posteaquam
1071 3268 1205 3333 Samuel
1229 3268 1274 3330 si·

162 3386 213 3433 sua
226 3380 274 3434 est
294 3369 398 3446 Sauli,
414 3390 558 3452 cumque
579 3390 618 3436 ao
632 3373 763 3437 locutus
777 3382 837 3437 eat.
861 3372 957 3450 Quod
972 3380 1082 3437 autem
1096 3367 1273 3433 admodum

165 3468 236 3534 huic
256 3471 344 3536 iavet
357 3473 628 3554 interpretationi,
650 3475 808 3539 hauritur
822 3493 864 3538 ea
885 3475 992 3537 dirius
1007 3475 1204 3537 auctoritate
1223 3466 1274 3531 Li-

166 3568 210 3635 hri
232 3570 256 3635 l.
278 3572 548 3655 Paralipomenon
575 3594 605 3638 c.
628 3572 667 3639 X.
690 3594 717 3637 u.
740 3574 790 3641 ta.
813 3584 957 3639 mortuam
977 3585 1022 3639 est
1039 3594 1126 3657 opo,
1149 3575 1271 3654 iuquit,

160 3667 231 3736 Sunt
245 3684 376 3754 propter
395 3672 582 3757 iniquitates
601 3694 690 3752 suos,
705 3695 739 3738 eo
757 3678 843 3757 qnod
861 3676 1105 3756 praevaricatus
1125 3676 1166 3742 ait
1185 3695 1277 3741 asoa·

162 3774 264 3839 mum
282 3774 427 3853 matini,
448 3779 533 3858 qood
548 3785 771 3857 praeceperat,
785 3790 813 3842 et
826 3797 892 3842 coa
911 3777 1084 3843 omsodiots
1102 3778 1198 3856 iilud,
1221 3783 1275 3844 sed

162 3872 286 3958 idtupcr
305 3881 391 3959 qood
403 3877 599 3943 concaluerit
622 3879 858 3959 Pptdoaimum.
875 3880 918 3945 Et
939 3882 1019 3946 haec
1037 3883 1134 3963 J'uata
1156 3880 1275 3963 Vulga-

165 3985 210 4039 tao
224 3977 424 4044 diditionem.
452 3981 659 4061 Septuaginta
685 4001 762 4046 vero
786 3984 886 4062 magia
906 3984 1078 4064 perspicue
1101 3983 1180 4046 haec
1202 4002 1274 4047 aer·

165 4074 198 4138 ha
213 4080 387 4159 tradidere,
405 4090 577 4145 vertentes:
594 4092 741 4147 mortuos
754 4093 797 4147 est
811 4080 893 4147 Saul
906 4082 943 4146 iss
957 4080 1179 4164 iniquitatibus
1193 4082 1277 4159 auia,

163 4178 268 4255 sadus
284 4178 320 4243 ia
336 4180 436 4245 Deam
455 4182 696 4262 praevaricatus
718 4193 775 4261 est,
790 4185 962 4247 secundum
982 4182 1109 4245 cardam
1125 4180 1255 4246 Domini
1262 4225 1274 4257 ,

162 4282 238 4354 qnod
257 4300 324 4345 aon
345 4282 530 4360 custodiuit,
550 4302 620 4349 cum
641 4283 707 4365 ipsc
727 4284 892 4365 ropocsrs't
912 4281 1146 4365 Ventriioqatosa
1159 4292 1198 4347 ot
1214 4301 1277 4363 pro

164 4393 191 4437 te
208 4394 393 4460 pasomret:
417 4394 447 4449 et
466 4383 627 4463 respoudit
647 4382 677 4444 ei
698 4381 826 4448 Samuel
841 4384 1006 4465 propheto.
