3375 5567
165 764 259 829 sionem
275 765 355 845 (mm
375 764 464 848 qnod
484 765 607 849 legitur
619 765 652 829 in
673 764 817 848 Epistola
831 768 1007 835 Iustiniani
1028 784 1157 833 sensnm
1171 774 1239 829 tan·

165 868 301 933 tennodo
319 869 441 946 tradit,
460 887 524 934 non
543 874 654 933 entem
675 868 775 949 ipsius
794 869 862 950 insa
886 872 997 946 rerba,
1012 872 1060 933 uti
1085 868 1166 933 inira
1190 868 1236 928 di-

164 970 245 1047 eetert
262 988 320 1034 nou
339 972 399 1035 nisi
418 990 462 1037 ex
482 978 639 1035 contextu
660 970 814 1051 primunr,
835 972 950 1036 deinde
971 992 1013 1035 ex
1034 972 1150 1035 ceteris
1162 970 1238 1033 (iri-

161 1072 227 1151 μὴ
242 1072 339 1150 tibris,
360 1073 417 1138 nbi
437 1073 500 1137 troc
520 1072 605 1137 idem
626 1073 698 1137 inse
718 1074 827 1155 egitur
847 1081 1096 1156 argumentum,
1117 1071 1238 1151 disqui-

162 1190 216 1235 rere
231 1173 310 1237 lieet
330 1171 374 1237 Et
393 1174 425 1236 id
446 1191 522 1238 saoe
541 1174 573 1236 in
593 1174 740 1257 cujusvis
759 1177 871 1257 scripti
885 1176 1059 1257 genuitate,
1082 1180 1239 1237 etaucto·

159 1273 293 1339 comente
311 1274 550 1355 investigandis,
565 1275 608 1338 ott
627 1277 742 1340 oculos
753 1278 955 1356 potissimum
978 1273 1159 1339 habendum
1174 1284 1237 1354 est;

158 1390 217 1435 unm
232 1374 349 1439 scilieet
367 1394 429 1441 nee
450 1393 491 1439 ne
513 1375 640 1441 tinctor
658 1377 717 1441 sibi
740 1378 936 1443 unitormem
958 1377 1001 1441 ibi
1021 1395 1056 1439 se
1071 1376 1239 1456 praestite-

157 1472 189 1533 rit
203 1475 230 1535 in
246 1473 394 1555 dogmate
413 1474 585 1550 demendo,
607 1476 696 1556 quod
716 1476 795 1541 alibi
819 1476 942 1542 docuit.
964 1474 1007 1539 Et
1028 1476 1091 1541 hoe
1118 1493 1237 1541 munes

155 1582 191 1635 nt
205 1576 393 1655 interpretis,
416 1576 478 1640 hoc
498 1594 582 1657 opus
602 1578 738 1641 studiosi
758 1579 901 1643 lectoris.

213 1671 266 1738 iiis
285 1674 412 1755 tegibus
425 1683 557 1749 nostrae
575 1678 757 1758 quaestioni
771 1677 1036 1754 accommodetis,
1058 1675 1165 1758 quoad
1180 1677 1238 1739 im·

154 1773 301 1839 annun
323 1779 485 1841 sermonis
516 1785 719 1854 contextum,
741 1786 828 1860 natet
857 1778 1065 1860 praecipuam
1090 1776 1239 1857 Origenis

152 1877 307 1954 ammenti
335 1885 461 1958 partem
482 1878 523 1941 de
553 1880 703 1943 rationaii
733 1890 887 1945 creatura
921 1879 1068 1954 versari,
1099 1878 1236 1959 ejusque

153 1975 302 2053 upaeitate
321 1977 365 2039 ed
380 1977 500 2042 nonum
521 1988 556 2041 et
574 1980 615 2041 ad
638 1979 773 2056 maium,
786 1979 893 2059 deque
907 1979 1098 2059 angelornm
1116 1978 1235 2042 ordini·

152 2074 196 2137 dns
212 2086 272 2140 tam
292 2078 473 2159 proborum
495 2098 594 2160 quam
617 2080 851 2162 reproborum,
870 2099 1053 2161 eorumque
1070 2080 1167 2145 variis
1187 2080 1237 2143 oi·

151 2175 220 2253 ine,
240 2186 276 2243 ut
296 2180 365 2261 inse
385 2180 443 2255 ait,
462 2180 559 2261 jnxta
579 2181 770 2245 eorumdem
792 2180 959 2247 diversum
972 2186 1092 2243 ateium
1114 2187 1147 2243 et
1166 2198 1236 2243 sor·

149 2286 205 2341 teo.
223 2279 342 2345 Deinde
361 2282 518 2362 expositis
537 2300 624 2363 qnae
643 2283 683 2346 ad
698 2283 855 2347 coelestes
877 2283 1051 2347 rationales
1065 2287 1236 2346 creaturas

147 2388 171 2441 et
184 2398 259 2461 qnae
277 2382 318 2445 ad
340 2382 559 2460 adversarias,
579 2402 639 2448 seu
653 2385 693 2448 ad
716 2385 873 2465 malignos
893 2384 1028 2465 spiritus
1048 2390 1107 2448 ant
1122 2383 1232 2447 mnudi

148 2491 266 2548 rectores
287 2483 498 2549 tenebrarum
517 2493 678 2567 spectent,
699 2485 829 2551 subdit:
850 2482 1011 2549 «Tertius
1043 2502 1123 2549 vero
1142 2501 1232 2549 erna-

147 2586 219 2647 tnrae
236 2585 438 2650 rationabilis
457 2586 540 2651 ordo
560 2595 607 2650 est
629 2603 758 2659 earnm,
778 2604 864 2668 quae
879 2587 918 2651 ad
940 2587 1118 2650 humanum
1133 2600 1234 2667 genna

145 2685 310 2763 replendum
324 2694 422 2768 aptae
440 2687 643 2767 iudicantur,
661 2688 743 2752 idest
762 2689 1069 2752 animaetrominnm
1084 2703 1143 2768 per
1157 2704 1233 2767 pro·

144 2782 241 2851 tectum
269 2792 370 2854 etiem
391 2790 425 2851 in
453 2789 548 2853 ilium
567 2790 762 2870 angelorum
782 2790 929 2853 ordinem
959 2794 1166 2870 assumptae,
1189 2806 1232 2853 ex

143 2886 238 2961 eribus
249 2890 411 2968 quosdam
427 2888 572 2953 ridemus
593 2893 727 2968 assumi,
742 2890 817 2953 ilios
840 2889 1003 2965 rideticet,
1019 2890 1075 2968 qui
1090 2887 1147 2949 titii
1162 2886 1232 2951 Deo

143 2987 198 3050 iacti
216 2988 349 3067 inerint,
375 2990 426 3053 rel
447 2990 781 3081 titiiresurrectionis,
804 2992 858 3054 vel
870 2992 904 3067 ii,
926 2992 982 3072 qni
995 2989 1231 3069 deretiqneriut

141 3090 276 3168 metrae,
298 3099 333 3155 et
353 3091 528 3154 dilexerint
548 3092 670 3167 iucem,
692 3099 726 3156 et
747 3092 823 3157 iacti
845 3092 968 3157 tuerint
983 3092 1039 3155 iiiii
1061 3093 1157 3155 incise
1177 3092 1228 3155 rel

141 3186 173 3263 ii,
189 3192 241 3270 qui
267 3211 399 3256 omnem
421 3210 560 3272 pugnam
581 3204 794 3274 superantes,
815 3202 849 3257 et
870 3193 992 3273 pacifici
1023 3192 1149 3268 effecti,
1172 3191 1230 3255 diii

140 3294 207 3365 ereis
224 3300 257 3356 et
276 3294 335 3357 titii
358 3290 417 3357 Dei
437 3294 572 3359 inerint:
598 3294 649 3357 rei
670 3297 727 3374 qni
743 3293 974 3359 mortificantes
996 3283 1230 3365 membrosus,

140 3408 205 3469 ense
222 3404 299 3459 sunt
317 3414 419 3477 super
441 3406 585 3471 terrem,
605 3403 640 3460 et
661 3396 921 3461 transcendentes
943 3412 1006 3459 non
1027 3395 1136 3458 solnm
1157 3412 1229 3457 eor·

139 3508 251 3567 peream
270 3506 438 3570 naturam,
454 3514 569 3561 rerum
585 3498 682 3559 etiam
696 3498 823 3561 animae
837 3498 938 3576 ipsius
948 3495 1117 3576 ambiguos
1132 3495 1230 3575 tragi-

139 3588 230 3673 innne
250 3603 374 3667 moins,
394 3594 603 3675 adjunxerint
623 3614 658 3659 se
679 3594 829 3671 Domino,
852 3594 928 3659 iacti
949 3612 990 3658 ex
1011 3594 1137 3673 integro
1164 3594 1229 3674 spi-

140 3690 214 3769 ritns,
234 3704 271 3761 nt
289 3698 356 3759 siot
375 3714 450 3759 eum
472 3696 531 3759 itio
553 3714 638 3761 nnus
657 3697 791 3777 spiritus
810 3713 951 3775 semper,
973 3712 1048 3759 cum
1070 3695 1139 3777 ipso
1165 3695 1228 3759 sin·

138 3794 196 3869 tela
214 3816 367 3879 quamne
386 3788 615 3873 discernentes,
637 3816 810 3880 usquequo
831 3798 1021 3879 perveniant
1040 3798 1071 3859 in
1094 3798 1168 3874 hoc,
1192 3805 1229 3861 nt

138 3896 257 3969 eertecte
276 3899 385 3965 eiiecti
404 3898 578 3978 spiritales,
599 3902 704 3964 omnia
726 3901 908 3963 discernunt
930 3898 1075 3979 perhoc,
1092 3898 1227 3979 quodie

137 3999 203 4059 enei
229 4004 400 4065 sanctitate
420 4001 593 4065 illuminati
622 4020 717 4065 sensu
741 4002 954 4082 perverbum
985 4009 1016 4063 et
1037 4000 1226 4082 sapientiam

138 4088 191 4171 Dei,
209 4117 226 4160 a
247 4102 344 4165 nulio
358 4102 485 4182 penitus
507 4105 628 4183 possint
643 4102 790 4167 discerni.
817 4100 876 4165 illa
891 4120 968 4168 sane
989 4118 1046 4165 nos
1061 4106 1123 4165 ete.
1146 4099 1226 4165 »nti

138 4203 266 4273 noerius
287 4211 436 4265 notatum
457 4210 515 4265 est.

199 4299 232 4363 in
253 4305 317 4367 hoc
336 4308 449 4385 iisqne
462 4322 610 4367 sermone
632 4305 713 4368 iiiud
725 4308 852 4369 excutit
872 4302 1040 4383 Origenes,
1056 4299 1225 4365 osteudens

138 4404 279 4473 inomodo
299 4424 341 4467 ex
363 4404 546 4468 hominibus
568 4405 734 4480 nonnulii,
759 4407 804 4469 nti
830 4414 1002 4469 creetnree
1028 4402 1224 4472 renunciet,

137 4499 231 4581 ntique
244 4505 334 4667 {¹sz
354 4524 394 4569 sc
411 4506 486 4670 ildco
506 4506 581 4571 boni
601 4506 743 4587 malique
761 4523 909 4588 capaces,
931 4507 1052 4587 nomint
1071 4520 1130 4667 pgr
1149 4519 1223 4583 pro·
