3375 5567
439 649 501 720 Μ
838 759 977 826 capnt
999 759 1162 826 xxxvtt.

438 963 482 1024 De
502 961 670 1025 sanctitate
690 974 719 1024 et
731 963 955 1029 insolubilitate
969 964 1169 1030 Matrimonii
1186 962 1361 1030 Christiani
1379 966 1524 1028 sacoma

480 1061 626 1143 Oripenir
644 1063 820 1127 doctrinam
839 1067 991 1130 adversas
1008 1064 1167 1144 Theophili
1180 1064 1430 1130 criminationem
1449 1074 1474 1128 et
1491 1085 1524 1128 re·

481 1166 653 1229 cantiorum
670 1167 800 1246 placita.

441 1413 570 1537 Nemo
589 1474 716 1553 ignorat
732 1472 894 1539 Ecclesiae
915 1491 1051 1554 graecae
1067 1474 1192 1552 praxim
1212 1472 1252 1536 de
1268 1472 1420 1554 conjugio
1435 1472 1531 1538 dissol-

441 1575 544 1638 vendo
564 1575 607 1636 ob
636 1574 848 1639 adulterium.
873 1574 965 1651 Quae
993 1575 1103 1655 praxis
1126 1574 1176 1637 rel
1199 1576 1304 1654 potins
1325 1576 1445 1640 ebusus
1462 1578 1531 1639 inter
1605 1583 1606 1586 ’

438 1694 571 1756 graecos
593 1677 749 1756 iuralnit3
771 1695 873 1758 quum
901 1678 922 1738 ii
943 1677 1136 1756 pedetentim
1157 1695 1175 1739 a
1198 1679 1361 1756 primaeve
1382 1676 1532 1764 Ecclesiae

439 1779 639 1842 institutione
659 1777 855 1855 defecerint,
878 1789 915 1842 ut
936 1780 1114 1859 principum
1145 1779 1342 1844 secularium
1374 1781 1477 1860 potius
1494 1799 1533 1842 aa·
1605 1839 1606 1848 ,

438 1887 646 1943 necterentur
665 1881 813 1960 legibue,
838 1881 955 1944 veteris
986 1880 1171 1960 discipliuae
1193 1885 1381 1959 respuentes
1400 1888 1532 1954 statuta,
1605 1873 1606 1876 ’

440 1981 642 2061 Romanique
663 1981 871 2046 Pontificatns
901 1983 1079 2062 posthabita
1103 1983 1307 2046 anctoritate.
1340 1980 1535 2063 Quapropter

438 2103 513 2147 cnm
534 2086 567 2145 in
588 2085 703 2148 ceteris
724 2085 893 2164 bucusque
914 2084 1146 2159 laboravimus,
1172 2082 1344 2164 Oripeuem
1365 2084 1533 2146 studiosum

438 2185 607 2248 ostendero
626 2187 824 2265 apostolicae
845 2186 1036 2261 traditionis,
1058 2189 1154 2250 etiam
1169 2187 1201 2248 in
1223 2185 1285 2250 boc
1299 2183 1532 2265 argumentata

438 2287 632 2350 matrimonii
653 2287 817 2351 christiani
840 2288 1072 2352 insolubilitate
1093 2287 1208 2352 andire
1229 2288 1457 2364 disserentem,
1477 2303 1530 2350 non

438 2390 605 2469 displiceat
623 2388 751 2453 lectoris
771 2388 887 2469 quue
907 2389 1071 2452 lubentius
1093 2390 1154 2452 boc
1176 2407 1281 2468 agam,
1298 2407 1339 2452 ex
1360 2407 1426 2468 quo
1441 2385 1530 2450 Tbeo

439 2492 547 2571 pbilna
561 2491 791 2556 alexandrinus
807 2492 838 2554 in
858 2492 926 2555 auis
941 2492 1098 2554 adversus
1110 2491 1283 2571 Origenem
1296 2491 1474 2566 invertitis,
1485 2489 1530 2554 ri·

438 2594 504 2655 buc
523 2595 671 2671 pervenit
691 2594 701 2669 t
713 2594 819 2656 nescio
842 2611 919 2656 rere
941 2593 1025 2656 unde
1047 2594 1108 2656 boo
1128 2592 1324 2670 deduxerit)
1347 2603 1382 2656 nt
1404 2595 1434 2656 in
1455 2591 1478 2655 1.
1497 2591 1531 2654 E·

438 2694 553 2773 pistola
578 2691 834 2757 Pnacbalin.18.
854 2695 958 2774 ipsum
982 2695 1173 2775 corriperet,
1188 2713 1354 2772 asserens,
1379 2692 1530 2775 Oripenen

437 2794 629 2860 honorabiles
650 2798 867 2860 condemnasse
888 2796 1027 2877 nuptias.

518 2894 701 2961 Doctrinam
722 2907 831 2961 antem
846 2897 993 2978 Origenia
1015 2897 1054 2960 de
1073 2896 1321 2961 christianorum
1343 2896 1460 2977 nuptiis
1477 2909 1530 2958 uon

437 2999 494 3061 nisi
506 2997 608 3061 Tamo
622 2994 709 3061 xiv.
727 3016 756 3060 n.
772 2996 821 3063 lb.
836 2998 873 3061 in
890 2996 1097 3070 Matthaeam,
1119 2998 1234 3062 sedulo
1251 3005 1477 3079 pertractatam
1490 3015 1531 3058 re·

436 3098 580 3177 perimus
591 3120 602 3178 3
618 3107 650 3162 et
671 3099 732 3162 boc
753 3119 795 3162 ex
818 3101 1000 3164 scribarum
1027 3106 1060 3164 et
1080 3101 1326 3179 pharisaeorum
1349 3099 1528 3170 tentatione,

435 3216 498 3279 qua
516 3199 643 3264 Cbristo
665 3202 839 3264 dixerunte
856 3199 885 3262 ai
905 3199 978 3262 licet
997 3197 1118 3262 homini
1137 3197 1291 3262 dimittere
1311 3217 1440 3262 ararem
1452 3215 1530 3260 anan

435 3321 630 3382 qnocarnoae
648 3321 688 3364 ero
707 3298 841 3365 conca?
852 3347 859 3362 .
873 3347 881 3364 .
897 3345 904 3362 .
919 3321 935 3360 r
952 3298 1031 3365 Vide
1052 3309 1174 3376 antem,
1201 3300 1258 3374 ait,
1281 3299 1445 3379 quomodo
1464 3299 1531 3360 irre·

436 3404 695 3483 prehensibiliter
711 3403 886 3484 respondit.
905 3402 1048 3466 Primum
1070 3401 1200 3480 quidem
1214 3395 1529 3481 interrogantibus,si

433 3500 508 3565 licet
519 3500 673 3566 dimittere
687 3521 817 3566 acorem
832 3519 1027 3583 qaocmmqree
1042 3519 1080 3562 aa
1103 3518 1212 3575 caasa,
1230 3499 1359 3563 dicens:
1376 3518 1452 3563 nom
1470 3497 1528 3578 lepi-

435 3601 494 3664 atis
512 3601 663 3689 paeoniam
683 3602 740 3683 qai
757 3601 830 3683 fecit
852 3600 889 3665 ab
909 3592 1025 3673 initio',
1045 3602 1218 3664 masculum
1238 3611 1266 3682 et
1285 3599 1454 3680 foeminum
1472 3595 1531 3682 feeit

436 3698 520 3765 eoa?
552 3705 599 3765 Ad
622 3703 703 3766 illnd
736 3711 844 3767 antem
867 3703 954 3783 quod
986 3702 1177 3782 objecerunt
1197 3701 1359 3766 dicentes:
1392 3700 1530 3784 quomodo

434 3804 555 3884 Moyses
571 3804 728 3885 praecepit
743 3807 818 3868 dare
838 3804 978 3867 libellam
997 3797 1150 3882 repectit
1164 3805 1208 3866 ait
1221 3825 1229 3865 a
1242 3813 1373 3883 propter
1393 3799 1534 3866 deritinn

435 3904 542 3969 cordia
562 3906 670 3968 oeatri.
696 3902 982 3985 viderenturque
1014 3924 1076 3967 non
1098 3905 1200 3968 omnis
1222 3921 1318 3968 cansa
1338 3905 1427 3986 inste
1446 3903 1532 3968 solrit

432 4007 631 4088 conjuginm.
653 4007 713 4071 Sed
735 4011 887 4088 qnoniam
909 4015 1037 4086 oportet
1062 4007 1166 4069 virum
1188 4005 1376 4070 cohabitare
1399 4003 1532 4076 mulieri,

431 4109 524 4188 qnasi
548 4111 612 4170 rasi
633 4107 826 4182 infirmiori,
850 4113 881 4170 et
903 4107 1037 4170 reddere
1064 4110 1093 4171 ei
1117 4108 1291 4182 bonorem,
1322 4117 1356 4170 et
1381 4111 1529 4172 sustinere

432 4227 530 4273 onera
554 4211 708 4273 uitiorum
729 4209 819 4289 ejus;
841 4227 909 4286 eos,
932 4212 988 4288 qui
1010 4211 1040 4270 in
1061 4209 1170 4272 littera
1187 4208 1279 4289 Legis
1303 4208 1532 4288 gloriabantur,

432 4330 473 4374 ex
499 4311 574 4385 ipsis
596 4308 701 4390 Mopsi
722 4310 898 4390 scripturis
919 4309 1219 4373 convincit-dicens:
1236 4329 1312 4372 nan
1328 4308 1446 4390 lepistia
1464 4325 1533 4388 aar

429 4410 518 4474 niam
539 4412 596 4492 pai
615 4410 690 4492 fecit
709 4410 749 4476 oh
769 4409 877 4488 initio,
892 4412 1068 4476 masculam
1088 4419 1116 4474 et
1135 4411 1305 4492 foeminam
1324 4411 1397 4494 [ecit
1415 4430 1461 4474 eos
1480 4417 1529 4470 etc.

428 4512 471 4578 Et
492 4515 578 4594 quod
600 4515 696 4578 debet
718 4534 785 4579 esse
800 4515 965 4593 intereos,
982 4515 1038 4595 qui
1055 4534 1096 4579 ex
1111 4512 1178 4579 Deo
1191 4514 1387 4596 iunguntur,
1405 4515 1524 4594 dignum
