3375 5567
169 709 250 779 libet
267 709 501 776 invocationem
521 709 713 790 angelorum
729 718 763 774 et
777 710 922 774 aliorum
936 716 1138 788 rtnntorunr,
1154 721 1187 778 et
1200 716 1272 793 qni·

168 810 232 874 dem
252 830 290 874 eo
308 829 417 888 sensu,
440 829 539 892 quem
554 813 586 875 in
600 811 699 876 Libro
718 809 763 874 De
785 807 937 876 Oratione
951 831 1003 876 nn.
1019 811 1078 886 tt,
1090 811 1140 878 15.
1157 814 1276 878 docens

166 911 314 975 omndurn
335 932 405 976 esso
427 912 555 976 Patrem
577 931 652 976 cum
674 912 759 976 Filio
779 921 812 974 ct
833 931 892 993 per
906 911 1043 987 Filiam,
1058 916 1271 994 praemiserat

166 1015 325 1094 inquiens:
349 1014 574 1080 «obsecratio
595 1025 627 1078 et
649 1017 826 1094 postulatio
847 1024 879 1079 et
903 1017 1083 1096 gratiarum
1105 1019 1190 1080 actio
1211 1036 1275 1082 nou

163 1110 270 1186 ἄτοπον
289 1116 473 1196 importuno
493 1115 606 1181 oilerri
620 1126 724 1197 potest
737 1125 770 1180 et
781 1119 912 1181 sanctis.
934 1115 995 1180 Sed
1012 1117 1072 1179 hae
1089 1117 1186 1190 duae,
1202 1135 1277 1198 sup·

166 1218 309 1296 plicatio,
330 1218 485 1297 inquam,
506 1225 540 1279 et
562 1218 850 1298 gratiarumactio
871 1236 935 1281 nnn
958 1219 1056 1280 modo
1081 1220 1200 1282 sanctis
1221 1217 1276 1282 sed

165 1328 195 1381 et
211 1319 414 1398 hominibus,
435 1319 621 1398 deprecatio
646 1337 725 1382 vero
745 1320 864 1382 sanctis
889 1327 1027 1394 tantum,
1050 1321 1152 1399 siquis
1167 1321 1278 1384 iuren-

166 1429 212 1485 tns
232 1421 329 1484 inerit
350 1419 474 1485 Paulus
501 1429 559 1484 ant
585 1418 722 1496 Petrus,
746 1429 782 1484 nt
805 1421 963 1501 adiuvent
995 1439 1075 1498 nus,
1098 1422 1278 1502 dignosque

166 1521 295 1584 efficiant
315 1529 413 1584 etc.»

218 1622 365 1702 Amplius
380 1621 420 1684 de
441 1619 562 1699 augelis
578 1627 648 1699 poet
664 1619 723 1684 Dei
740 1618 964 1701 Unigenitum,
982 1623 1031 1686 ntl
1048 1621 1105 1686 Dei
1121 1624 1276 1686 ministris

163 1723 352 1806 invocandis,
374 1723 470 1783 sicuti
481 1722 652 1800 hucusque
669 1722 792 1784 dictum
808 1731 870 1797 est,
885 1724 1066 1801 plurimum
1081 1724 1169 1798 iacit,
1186 1723 1274 1802 qnod

162 1824 277 1902 legitor
296 1824 328 1885 iu
349 1820 448 1886 Libro
470 1819 557 1884 vttt.
575 1823 629 1886 nbi
645 1825 685 1885 ab
707 1825 799 1886 initio
820 1821 938 1888 Celsus
960 1825 1143 1888 christianis
1158 1842 1276 1903 expro-

163 1925 252 1987 brans
273 1925 361 2007 qnod
383 1925 405 1985 ii
433 1923 606 1986 daemones
626 1941 689 1989 nnn
710 1924 879 1999 coierent,
904 1927 1026 1989 interea
1059 1925 1167 2006 aJ'ebnt
1190 1943 1220 1986 ιι.
1244 1922 1275 1987 2.

162 2029 243 2107 nelos
263 2045 327 2091 esse
347 2026 468 2089 cultam
488 2023 590 2088 olienr'
608 2026 743 2106 deferre,
769 2024 825 2088 cui
845 2024 933 2090 istud
953 2047 973 2089 n
997 2025 1058 2090 Deo
1078 2027 1189 2091 dotum
1212 2044 1276 2089 non

161 2138 210 2189 ert.
234 2125 435 2206 Quapropter
447 2126 555 2189 eniens
567 2125 711 2190 omnibus
724 2126 846 2189 deictus
861 2126 919 2208 qui
932 2127 975 2191 od
993 2126 1093 2191 Deum
1102 2126 1277 2208 pertinent,

161 2246 220 2291 noa
238 2227 385 2308 displicet
407 2225 469 2290 Deo
487 2226 564 2308 ipsi,
583 2227 660 2308 prtia
679 2247 786 2291 omncs
799 2229 892 2292 iliius
906 2240 993 2293 aaut.
1007 2231 1070 2294 lsla
1085 2248 1187 2312 porro
1202 2230 1278 2296 Ori·

163 2347 251 2409 genes
271 2348 302 2392 ιι.
323 2327 374 2394 13.
396 2347 563 2392 resumens
584 2329 705 2392 scribit.

239 2430 393 2496 «Deinde
413 2436 507 2511 putat
527 2429 640 2496 Celsus
665 2449 708 2494 ex
729 2449 780 2508 co,
803 2429 891 2510 gund
917 2450 993 2496 cnm
1015 2429 1084 2496 Deo
1108 2430 1230 2497 Filium
1244 2451 1277 2497 e·

160 2535 209 2615 ins
227 2534 388 2607 colamus,
410 2548 610 2610 consequens
631 2538 669 2594 ut
682 2549 744 2593 non
760 2528 865 2594 Deam
887 2531 1071 2595 solnnrrsed
1086 2535 1184 2596 etiam
1205 2532 1277 2614 ejus
1366 2593 1370 2602 ,
1479 2579 1483 2591 .

162 2636 317 2698 ministros
338 2632 491 2696 colendos
511 2649 580 2694 esse
608 2631 808 2710 sentiamus3
841 2631 869 2692 ai
901 2631 1113 2696 intellexisset
1141 2635 1277 2713 quinam

159 2735 216 2797 sint
235 2743 307 2815 post
328 2730 386 2795 Dei
407 2730 614 2812 Unigenitum
637 2749 714 2795 rere
734 2730 870 2793 ministri
892 2729 966 2806 Dei,
986 2738 1024 2795 ut
1044 2731 1189 2808 Gabriel,
1215 2731 1277 2796 Mi·

162 2836 261 2913 clrael,
283 2835 407 2914 aliique
427 2834 545 2914 angeli,
567 2843 666 2912 atque
686 2832 886 2912 archangeli,
910 2841 942 2896 et
963 2851 1017 2896 eos
1038 2833 1190 2896 colendos
1205 2851 1275 2898 esse

162 2938 310 3020 dixisset3
334 2931 413 3016 ἴσως
433 2929 473 3004 ἂν
496 2930 533 3002 τὸ
547 2931 615 3036 περὶ
640 2933 697 3001 τοῦ
717 2928 899 3034 &spartium
914 2930 1016 3002 ἄντοῦ
1036 2930 1280 3027 σημαινόμενον

158 3035 404 3141 ἐυώήραντες,
419 3029 476 3109 καὶ
492 3035 553 3106 τῶν
567 3034 794 3133 &spasmos
809 3033 949 3136 πράξεων
964 3041 985 3103 i.
1008 3058 1038 3101 e.
1061 3039 1197 3102 tortasse
1219 3039 1278 3102 inn-

157 3145 207 3223 jns
226 3147 325 3208 colere
343 3145 606 3225 significationem
628 3149 859 3224 expurgantes,
883 3150 916 3206 et
936 3147 1029 3204 actus
1047 3141 1196 3214 colentis,
1215 3139 1277 3202 hoc

161 3247 231 3311 loco
251 3247 435 3312 diceremus
456 3267 515 3328 pro
531 3251 577 3310 rei
593 3255 756 3310 momento
773 3245 978 3317 disserentes,
995 3261 1081 3322 quae
1102 3240 1142 3304 de
1161 3241 1208 3304 his
1224 3259 1278 3304 co-

162 3349 260 3424 gitare
281 3349 509 3429 potuissemus.
534 3345 629 3411 Nunc
651 3365 729 3409 reru
751 3345 915 3408 ministros
944 3343 1129 3406 existimans
1162 3359 1179 3402 a
1202 3359 1276 3419 gen-

162 3449 242 3513 tibus
263 3451 416 3512 adoratos
431 3450 614 3522 daemones,
628 3463 835 3528 nequaqnam
850 3450 1087 3522 consequenter
1101 3442 1204 3505 allicit
1220 3459 1277 3505 nos

161 3548 198 3608 ad
221 3550 279 3613 hos
301 3549 477 3626 colendos;
499 3567 566 3628 qno
588 3548 665 3611 mali
687 3545 877 3626 (daemonis)
901 3543 1063 3605 ministros
1089 3560 1197 3606 sermo
1220 3539 1276 3604 Dei

160 3650 309 3725 ostendit,
331 3658 364 3712 et
385 3649 560 3729 principem
583 3648 693 3712 mnndi
716 3648 816 3727 hujus
835 3644 951 3718 seculi,
975 3643 1031 3723 qui
1053 3661 1070 3704 a
1094 3639 1163 3705 Deo
1184 3659 1277 3704 aver·
1346 3663 1354 3675 =

162 3751 197 3813 tit
216 3769 443 3830 quoscumque
457 3758 573 3831 potest.
590 3748 816 3812 Detractamus
831 3748 933 3827 igitur
945 3746 1075 3808 omniuo
1094 3744 1179 3820 illos,
1195 3761 1277 3822 qnos

161 3852 277 3932 reliqui
300 3852 443 3916 homines
467 3861 676 3924 venerantur,
698 3848 809 3912 colere
832 3856 865 3911 et
887 3848 954 3909 illis
975 3847 1112 3920 servire,
1128 3846 1203 3924 qnia
1220 3845 1279 3906 mi·

160 3954 250 4015 nistri
272 3970 335 4015 non
355 3959 431 4016 sont
451 3949 547 4029 (Dei).
569 3948 695 4013 Etenim
724 3949 830 4013 edocti
858 3948 945 4012 haud
966 3948 1041 4011 illos
1069 3965 1137 4011 esse
1158 3947 1278 4008 summi

159 4048 216 4116 not
238 4051 412 4127 ministros,
435 4051 571 4114 dicimus
591 4067 659 4112 esse
680 4049 847 4111 daemonia
869 4057 931 4114 etc.
954 4067 971 4106 a

236 4151 354 4216 Videas
376 4169 455 4232 ergo
486 4149 576 4231 quali
601 4149 734 4212 solertia
756 4148 913 4230 Origenes
935 4149 966 4211 iu
999 4148 1059 4208 irae
1089 4143 1279 4207 difficultate

159 4261 284 4332 raptos,
307 4255 413 4317 omnia
437 4271 454 4314 a
477 4270 512 4315 se
535 4268 707 4315 removens
728 4251 925 4322 discrimina,
947 4246 1115 4310 Ecclesiae
1139 4244 1279 4323 discipli·

159 4370 231 4416 uam
251 4365 361 4420 seruet
377 4357 484 4437 quoad
502 4357 630 4420 cultum
647 4353 770 4432 angelis
785 4350 930 4413 debitum
947 4347 1122 4426 etquidem
1136 4344 1279 4408 seeundo

157 4457 259 4533 gradu
282 4465 355 4539 post
375 4455 492 4526 Deum.
515 4457 658 4536 ideoque
679 4453 825 4534 inquiens
845 4469 880 4516 se
902 4459 935 4514 et
958 4448 1068 4512 fideles
1091 4447 1277 4511 detractare
