3375 5567
418 659 479 730 188

420 771 541 832 tatione
556 770 774 837 universitatis
789 773 900 857 bojas,
917 795 992 841 eum
1013 796 1078 860 qua
1095 780 1232 844 bominis
1254 780 1423 862 conjuncta
1443 784 1520 841 esset

420 876 589 940 conversio
601 875 641 938 tie
653 885 768 941 natura
782 882 927 945 interitui
941 882 1081 946 obnoxia
1098 889 1292 963 terrenaque
1303 884 1334 943 in
1345 881 1425 944 itiud
1438 881 1518 960 quot

418 984 467 1038 θιῑ
486 969 610 1054 ἀπαθὲς
631 982 804 1060 apatibiie‚
836 983 916 1046 idest
938 985 1136 1065 passionibus
1157 1003 1274 1066 expers
1307 994 1339 1047 ot
1367 986 1522 1047 immorta-

417 1078 460 1140 le.
488 1081 534 1145 Eo
559 1085 636 1146 mibi
659 1085 839 1163 respexisse
863 1085 991 1148 divinus
1005 1086 1062 1148 ilie
1077 1087 1255 1166 Apostolus
1271 1086 1412 1159 ridetur,
1428 1102 1521 1163 quum

418 1186 450 1245 iu
464 1183 607 1264 Epistola
625 1187 663 1248 ad
688 1183 871 1248 Corinthios
890 1188 1023 1267 scripio,
1046 1188 1190 1250 subitum
1214 1189 1367 1267 temporis
1388 1187 1524 1248 desinea-

415 1284 460 1346 tis
482 1284 575 1348 tinem
591 1303 770 1367 rerumque
792 1287 883 1367 prius
898 1287 1068 1350 mobilium
1091 1289 1251 1351 diversam
1266 1291 1297 1350 in
1313 1297 1436 1368 partem
1457 1303 1525 1349 coa·

409 1389 601 1450 vnersionem
625 1387 836 1469 praediceret.
866 1387 949 1454 Sout
969 1391 1053 1452 euim
1088 1391 1168 1452 baec
1197 1391 1297 1470 ipsius
1320 1391 1439 1452 verba:
1468 1404 1525 1448 eece

417 1505 483 1550 rem
508 1507 659 1554 areanum
687 1490 772 1554 nobie
798 1489 956 1573 patefacio
975 1486 1087 1570 πάντες
1110 1488 1170 1582 μὲν
1189 1487 1225 1558 ἐν
1246 1487 1525 1581 κοιμηθησὲμέια,

417 1585 529 1671 πάντες
544 1586 579 1658 δέ
592 1589 853 1685 αλλαγησέμεθα
877 1596 898 1656 i.
920 1614 948 1656 e.
970 1613 1078 1659 omnes
1096 1595 1221 1678 quidem
1240 1612 1306 1657 aaa
1330 1593 1524 1667 dormiemus,

419 1709 522 1754 omues
536 1709 608 1756 aero
622 1695 882 1760 commutabimur
896 1694 930 1759 iu
945 1698 1092 1778 temporie
1102 1707 1237 1780 puncto,
1250 1696 1286 1760 iu
1302 1695 1388 1759 oeuie'
1400 1715 1526 1760 mmera-

411 1803 449 1856 to
469 1797 512 1859 ad
532 1807 700 1860 ereremum
722 1797 811 1862 tabae
832 1799 1020 1881 cianporem.
1046 1799 1119 1866 Hoc
1148 1803 1226 1866 mibi
1253 1802 1362 1863 dicere
1384 1801 1522 1864 vitietur:

422 1898 587 1962 bominum
602 1903 807 1982 generatione
829 1901 888 1964 itio
911 1904 1019 1979 modo,
1043 1922 1109 1985 quo
1130 1923 1146 1966 a
1171 1902 1240 1966 Deo
1259 1903 1449 1985 praefinitus
1466 1909 1526 1974 est,

419 2000 638 2082 emptitium,
667 2021 769 2082 quum
793 2003 973 2068 animarum
995 2023 1133 2068 numero
1155 2005 1234 2068 nibil
1256 2006 1414 2070 accedere
1434 2023 1526 2085 porro

420 2105 561 2183 poterit3
586 2111 653 2167 tum
667 2123 745 2185 ergo
761 2123 813 2170 res
835 2106 1002 2171 uniuersas
1018 2125 1083 2170 uno
1099 2108 1253 2187 temporis
1268 2113 1432 2171 momento
1446 2124 1526 2172 com·

421 2213 581 2270 mutatum
604 2207 653 2270 iri.
676 2227 693 2266 u

499 2305 707 2389 Propositum
731 2327 811 2374 vero
823 2310 966 2394 amptius
979 2311 1074 2394 jurat
1087 2310 1380 2376 innutantissimnm
1399 2309 1530 2393 Chryso

418 2410 514 2472 stomi
537 2411 754 2475 testimonium
783 2412 813 2474 in
837 2410 978 2475 Homiiia
1012 2410 1057 2475 De
1076 2411 1334 2486 Resurrectioae;
1357 2415 1413 2477 nbi
1437 2414 1526 2478 rerba

419 2511 594 2592 apostolica
615 2512 710 2594 juxta
733 2514 915 2594 praefatum
945 2512 1097 2578 (iadicem
1118 2515 1216 2589 citat,
1237 2533 1277 2580 ao
1297 2514 1417 2578 ibidem
1438 2516 1526 2596 plura

417 2613 533 2710 scribit
553 2615 733 2694 quaestioni
748 2615 787 2678 de
802 2617 1047 2694 regeneratione
1068 2615 1267 2678 substantiae
1287 2633 1468 2698 corporeae
1485 2633 1528 2678 sa·

419 2716 457 2780 tis
472 2723 557 2796 apta.
575 2713 620 2780 ita
637 2735 775 2800 namque
792 2717 892 2781 dicit:
916 2740 934 2777 a
953 2716 1164 2781 Resurrectio
1178 2727 1227 2782 est
1241 2719 1326 2782 enim
1341 2719 1426 2800 cius,
1448 2719 1527 2799 quoti

420 2817 612 2882 dissoiutum
634 2826 692 2882 cst.
727 2819 840 2882 Anima
864 2829 972 2883 autem
994 2836 1057 2882 uon
1078 2818 1291 2896 dissolvitur,
1321 2822 1377 2883 eei
1401 2839 1525 2901 corpus.

420 2916 507 2996 Quid
530 2939 608 3002 orgo
631 2921 661 2983 id
683 2930 742 2997 est,
765 2921 923 3002 siquidem
938 2929 971 2984 at
992 2921 1095 2984 induti
1116 2923 1321 2986 inveniemur
1340 2931 1372 2986 et
1392 2941 1458 2986 uon
1477 2939 1529 2984 au·

421 3019 482 3085 di?
502 3021 745 3087 Sacramentum
768 3039 921 3102 magnum
942 3028 976 3085 et
995 3021 1157 3085 ineffabite
1177 3022 1268 3085 uobis
1289 3022 1343 3085 btc
1363 3023 1531 3087 adumbra-

421 3130 487 3186 tur.
512 3121 618 3200 Quale
640 3133 749 3186 autem
773 3121 864 3188 boc?
894 3141 1008 3203 nempe
1029 3121 1081 3198 id,
1111 3121 1199 3202 quod
1221 3132 1254 3192 et
1274 3123 1305 3184 iu
1329 3121 1472 3204 Epistola
1493 3121 1527 3185 at

419 3224 604 3291 Corinthios
625 3225 724 3289 dicit:
746 3243 849 3288 omues
869 3222 993 3306 quidem
1013 3241 1227 3303 rerurpemar,
1240 3222 1462 3305 uuusquisque
1478 3241 1530 3284 au·

419 3336 479 3390 tem
501 3325 537 3389 ia
557 3324 669 3390 ardiae
688 3345 754 3389 sua.
779 3325 864 3403 Quia
884 3333 932 3389 est
953 3333 1062 3389 auteur
1086 3326 1173 3397 boc,
1199 3326 1288 3406 quob
1317 3327 1371 3388 btc
1392 3322 1530 3390 dicitur?

420 3427 491 3492 iioc
508 3430 667 3504 vicelicet,
684 3430 770 3510 quod
794 3447 931 3508 graecus
944 3435 978 3490 et
995 3427 1147 3508 iudaeus,
1164 3436 1196 3489 ct
1211 3429 1395 3492 baereticae
1416 3437 1449 3491 et
1467 3445 1530 3489 om·

423 3533 471 3592 nis
493 3529 612 3604 bomo,
647 3532 703 3609 qui
741 3531 826 3592 venit
857 3532 890 3591 in
921 3530 1007 3590 bunc
1035 3529 1191 3590 mundum
1220 3529 1251 3590 io
1273 3529 1332 3592 itio
1351 3529 1404 3592 die
1430 3545 1531 3590 resur·

422 3631 494 3710 pet?
512 3627 551 3692 Et
567 3630 628 3692 boc
651 3632 754 3710 ipsum
775 3629 1079 3699 declarabimus:
1100 3619 1213 3710 aare
1236 3623 1296 3719 μὲν
1318 3625 1356 3698 ba
1378 3625 1535 3720 κοιμηθη-

418 3729 546 3820 σόμεθα
568 3731 684 3811 πάντες
701 3724 735 3801 δὲ
759 3726 1023 3820 ἀλλαγησόμεθα·
1047 3732 1069 3792 i.
1084 3747 1113 3790 e.
1128 3749 1234 3793 amare
1247 3732 1373 3811 peridem
1387 3747 1453 3793 aaa
1467 3730 1532 3788 aar·

422 3832 562 3907 mamus,
586 3851 690 3894 omues
710 3843 813 3896 autem
834 3833 1070 3897 demutabimur
1088 3832 1124 3894 iu
1139 3840 1291 3892 momento
1310 3830 1346 3893 iu
1367 3829 1435 3894 istu
1454 3825 1533 3890 osuii

403 3935 459 3998 aa
480 3934 651 3998 nouissima
673 3935 754 3998 tubo.
778 3933 861 4010 Quia
889 3953 968 4015 ergo
989 3934 1168 3998 communis
1189 3943 1236 3996 est
1261 3933 1411 3996 omuibus
1431 3947 1533 3994 resur·

423 4039 525 4101 rectio
545 4045 577 4101 ct
606 4040 665 4118 piis
685 4048 718 4101 ct
740 4037 843 4118 impiis
870 4045 903 4101 et
924 4037 1016 4100 maiis
1037 4045 1070 4100 et
1091 4036 1180 4098 bonis
1206 4034 1408 4106 nominibus.
1441 4043 1474 4096 ut
1495 4049 1530 4092 ne

420 4138 497 4204 ideo
519 4150 613 4220 putes
626 4140 784 4222 injustum
806 4139 969 4222 quoddam
986 4138 1055 4202 tisri
1074 4137 1256 4219 judicium5
1270 4155 1328 4200 nec
1349 4137 1436 4199 dicas
1450 4131 1529 4213 apud

423 4249 455 4304 te
476 4242 593 4320 ipsura,
608 4241 759 4322 quidnam
781 4249 829 4305 est
851 4238 939 4303 boc'?
961 4239 1029 4318 Ego
1046 4240 1102 4321 qni
1122 4239 1226 4302 ruuito
1247 4237 1355 4302 studio
1375 4242 1408 4300 et
1426 4236 1531 4299 isbore

424 4349 457 4404 et
478 4343 509 4404 in
531 4343 657 4404 miseria
678 4343 756 4418 rixi,
775 4360 925 4421 resurgo;
941 4351 972 4404 et
987 4359 1124 4420 graecus
1137 4351 1169 4403 et
1184 4340 1302 4420 impius
1316 4349 1346 4402 et
1362 4337 1528 4400 idoioiatra

423 4453 458 4506 et
479 4447 534 4524 qui
548 4447 678 4524 ignorat
692 4443 872 4520 Christum,
888 4445 984 4507 etiam
999 4445 1067 4523 ipse
1082 4450 1230 4522 resurget
1251 4448 1285 4504 et
1304 4441 1416 4506 similis
1435 4434 1532 4530 τιμῆς
