3375 5567
462 682 524 757 lib

337 824 339 829 ,
463 788 524 853 Sed
546 790 597 853 isti
618 806 679 853 nou
701 792 795 855 laoile
815 791 955 871 probare
976 796 1120 871 possunt,
1141 787 1304 869 quomodo
1325 786 1421 861 bena,
1443 794 1474 850 et
1490 804 1545 849 non

463 896 653 969 peceatum,
676 892 904 956 mortalitatem
926 894 1030 972 pariet
1052 890 1289 968 transgressori.
1315 888 1484 969 Propterea
1501 906 1548 951 ιιι

462 1008 549 1055 cesse
570 1000 620 1055 est
640 1010 695 1058 eos
715 993 833 1069 dicere,
857 1012 987 1057 earnem
1008 1001 1123 1057 etossu
1138 993 1269 1072 propria
1284 991 1549 1053 rationsnonesse

460 1093 706 1173 corruptibilia,
728 1094 886 1175 siquidem
909 1103 1017 1175 portua
1039 1102 1146 1174 patres
1166 1095 1267 1156 nostri
1295 1099 1427 1173 propter
1452 1106 1549 1169 pecea-

392 1243 398 1251 .
464 1203 532 1258 tum
555 1198 759 1259 mortalitatis
781 1199 994 1261 conditionem
1015 1198 1206 1277 acceperint.
1221 1215 1239 1252 n

545 1293 650 1371 Quam
668 1316 743 1360 vero
764 1298 911 1378 Origeuis
931 1316 1041 1361 seusus
1061 1296 1165 1359 absint
1184 1296 1226 1357 ab
1246 1313 1375 1368 eorum,
1396 1289 1549 1373 dequibus
1603 1339 1604 1380 ι

460 1396 595 1461 lecimus
618 1400 820 1473 mentionem,
843 1399 1063 1479 intelligentia,
1088 1399 1226 1478 quisque
1246 1396 1378 1459 indubie
1397 1394 1546 1474 percipiet.
1603 1415 1604 1426 ι

460 1498 533 1563 Non
554 1502 637 1563 euim
658 1518 742 1580 quae
762 1502 918 1563 sentiebat
932 1502 974 1561 ibi
990 1501 1122 1580 exponit
1136 1496 1291 1578 Origenes
1298 1517 1311 1576 3
1328 1495 1384 1560 sed
1399 1498 1501 1574 potius
1514 1496 1550 1555 io

463 1608 640 1681 terpretum
655 1604 758 1665 varias
779 1604 910 1665 discutit
930 1603 1146 1683 expositiones
1164 1601 1249 1663 circa
1261 1617 1348 1680 qnae
1362 1599 1408 1660 ait
1425 1597 1551 1673 Scriptu·
1603 1627 1604 1688 ι

460 1718 513 1765 ra:
529 1711 556 1765 ct
568 1700 640 1782 feeit
655 1700 807 1766 Dominus
822 1702 904 1767 bees
918 1705 1004 1767 Ades
1018 1714 1047 1765 et
1066 1700 1164 1765 ιιιιί
1177 1704 1245 1781 ejus
1264 1696 1393 1763 tociens
1410 1696 1551 1778 pelliceos,
1603 1719 1604 1736 ι

460 1813 489 1866 ιι
507 1802 615 1867 induit
633 1824 691 1868 res.
716 1805 752 1869 lu
772 1805 890 1884 quibus
911 1806 979 1885 ipae
1001 1806 1106 1885 palam
1126 1803 1310 1882 etquidem
1328 1801 1418 1882 iore,
1435 1799 1552 1861 illorun

458 1906 564 1986 primo
584 1906 694 1987 objicit
713 1910 900 1970 sententiam
921 1907 1107 1979 dicentium,
1125 1904 1227 1968 Deum
1245 1903 1377 1967 coriarii
1395 1920 1482 1963 more
1496 1900 1552 1980 pel·

459 2006 507 2069 les
527 2007 734 2069 animantium
755 2008 928 2069 consuisse.
955 2005 1075 2069 Deinde
1105 2008 1241 2068 alteram
1268 2004 1552 2083 interpretationem

459 2108 653 2187 expendens,
666 2111 696 2171 iu
710 2127 773 2189 qua
789 2110 919 2181 dicitur,
935 2109 995 2171 sub
1012 2109 1195 2173 tunicarum
1210 2107 1427 2187 pellicearum
1441 2105 1552 2164 nomine

459 2228 578 2290 corpus
599 2211 776 2275 humanum
796 2212 965 2284 contineri,
987 2213 1046 2273 etsi
1069 2210 1268 2289 probabilem
1288 2215 1323 2271 et
1346 2208 1444 2285 magis
1467 2219 1551 2283 quam

461 2310 608 2389 primam,
620 2312 737 2375 rationi
749 2312 1005 2375 consentaneam
1020 2320 1240 2373 verumtamen
1251 2312 1300 2387 (ut
1322 2310 1383 2370 sibi
1397 2307 1551 2383 rultgrae

460 2412 589 2475 eunicus
609 2431 729 2488 termo,
752 2415 783 2475 io
805 2432 872 2493 quo
891 2414 1068 2477 adversarii
1090 2432 1152 2476 uon
1174 2413 1302 2487 babent,
1327 2422 1366 2475 ut
1386 2409 1552 2489 interpretis

456 2510 546 2575 latiui
567 2514 712 2577 incusent
734 2516 920 2578 varietatem
941 2516 982 2577 ab
1009 2515 1169 2595 originali)
1190 2515 1322 2577 subdit:
1347 2510 1504 2573 «Rursus
1522 2515 1550 2569 ut

458 2613 579 2675 vitetur
599 2614 677 2677 baec
697 2616 890 2690 absurditas,
912 2616 1030 2692 dicere,
1052 2626 1147 2679 cester
1165 2614 1315 2695 pelliceos
1332 2632 1393 2675 uec
1406 2610 1482 2673 alias
1494 2625 1551 2671 esre

456 2730 553 2793 quam
576 2732 726 2794 corpora,
748 2707 885 2785 ιιθιινόν
975 2711 1066 2789 ,καὶ
1087 2714 1134 2794 dre
1159 2713 1406 2806 σιφιατιίθεσιι
1433 2704 1551 2781 intrud-

348 2894 353 2903 ,
462 2808 587 2879 reesa
610 2808 783 2903 δυνάμενοι
801 2835 810 2851 ·
827 2810 867 2882 ου’
881 2835 941 2904 μιν
962 2810 1058 2907 σαφὲς
1077 2808 1121 2893 ὤς
1143 2804 1273 2891 ἀληθὲς.
1299 2814 1323 2873 ι.
1347 2828 1377 2873 ι.
1400 2806 1551 2890 probabile

454 2907 583 2988 quidem
605 2917 664 2982 ιιι,
687 2918 719 2971 ιι
738 2910 824 2989 quod
847 2920 951 2990 potest
973 2913 1102 2973 trabere
1122 2912 1160 2971 ad
1182 2912 1413 2985 assensionem,
1435 2928 1494 2971 nou
1512 2919 1551 2970 tr·

456 3026 529 3073 men
550 3017 635 3087 patet
656 3029 724 3073 esse
748 3028 871 3075 verum.
887 3031 905 3069 ι
923 3011 972 3075 Ex
989 3032 1055 3092 quo
1070 3011 1236 3090 Scriptura
1253 3013 1424 3075 manifeste
1437 3013 1548 3081 omaso

457 3108 616 3173 Adamum
631 3123 663 3175 et
679 3110 791 3186 livam,
811 3113 879 3195 jam
900 3117 1088 3195 priusquam
1111 3112 1196 3177 liena
1217 3114 1359 3195 pellibus
1379 3134 1437 3179 eos
1453 3114 1550 3175 indue·

455 3218 518 3285 ret,
540 3230 635 3275 carue
656 3222 688 3275 et
709 3214 831 3278 ossibus
852 3224 1017 3277 constare:
1042 3215 1128 3294 quod
1151 3216 1234 3277 idem
1254 3224 1304 3277 est
1322 3234 1363 3278 ac
1379 3230 1550 3296 corposge·
1603 3275 1604 3302 ,

455 3320 542 3375 stare
562 3313 721 3390 solidum,
744 3315 904 3395 palpabile
924 3324 985 3379 etc.
1001 3336 1010 3378 a
1024 3339 1040 3374 ιι
1055 3316 1087 3378 Si
1117 3317 1201 3379 euim
1222 3317 1336 3395 (verba
1357 3327 1435 3379 snut
1462 3315 1548 3395 ipsius

455 3410 614 3494 Origeoisi
638 3416 789 3492 pelliceae
814 3425 915 3480 restes
935 3426 1009 3480 snut
1030 3435 1141 3480 carnes
1162 3425 1196 3479 et
1214 3436 1297 3491 ossa,
1314 3418 1487 3497 onomate
1504 3432 1548 3476 aa·

457 3524 507 3579 ιιι
529 3517 609 3579 dixit
630 3515 753 3581 Adam:
775 3518 830 3580 lter
850 3535 982 3580 opacos
996 3518 1269 3589 occasiburaoea's,
1283 3513 1403 3583 etcore
1416 3521 1546 3582 decere

454 3612 551 3681 mee?
562 3638 578 3676 »
594 3618 675 3683 Cum
691 3621 816 3682 iuterim
837 3622 881 3683 ιιι
901 3628 1019 3700 arguet
1039 3621 1117 3700 ipse,
1134 3620 1273 3696 collatis,
1290 3640 1379 3701 qnae
1392 3622 1490 3702 ipsius
1502 3618 1546 3679 ad·
1603 3685 1604 3690 ἵ

458 3719 589 3781 ιιιιιιιι
611 3738 652 3781 ex
673 3736 730 3783 ore
750 3738 810 3783 suo
831 3721 984 3794 citarent,
1005 3739 1109 3783 nonne
1130 3731 1241 3799 aperta
1262 3723 1294 3783 iu
1322 3724 1464 3801 seipsum
1484 3736 1546 3781 coe

459 3820 606 3882 tradictio
627 3830 696 3883 est:
718 3822 811 3885 sicuti
833 3823 1022 3900 etamplius
1044 3822 1209 3885 mauiiesta
1231 3822 1395 3885 calumnia
1417 3824 1448 3885 iu
1471 3837 1546 3883 eum
1603 3813 1604 3892 ῗ

456 3921 526 3983 dem
549 3921 614 3983 lata
626 3942 637 3999 3
659 3941 733 3984 cuna
755 3923 801 3995 ii,
824 3923 910 4002 quod
933 3942 994 3985 nou
1014 3925 1132 3999 sensit,
1155 3925 1334 4003 quinimmo
1355 3924 1544 3989 conlutarit,
1603 3917 1604 3984 t

458 4032 620 4101 tamqnam
651 4040 742 4085 suam
764 4025 987 4087 denunciarint
1014 4026 1219 4105 opinionem,
1255 4026 1328 4088 ideo
1353 4028 1458 4106 ipsum
1481 4041 1544 4085 eon·
1603 4009 1604 4014 ’

456 4123 651 4199 demeantes,
664 4125 705 4185 ob
721 4124 814 4201 illud,
826 4126 913 4204 quod
926 4128 1051 4206 penitus
1066 4145 1129 4189 oon
1144 4128 1242 4188 tradit
1254 4146 1315 4195 nec
1329 4120 1544 4205 probarit?llt

453 4226 600 4304 quamvis
622 4226 879 4303 probabilitatem
899 4229 1070 4307 qnamdam
1099 4228 1264 4308 praeierre
1293 4230 1486 4291 concesserit
1502 4243 1544 4286 re

454 4324 590 4389 cundum
613 4327 858 4405 expositionem,
873 4329 1020 4391 absolute
1034 4340 1218 4408 sumptam3
1233 4330 1441 4393 nibilominus
1454 4332 1543 4389 inton-

455 4428 517 4500 tis,
537 4444 621 4506 qnae
641 4428 741 4506 paulo
761 4440 834 4491 eote
854 4430 1000 4492 iussero
1022 4439 1112 4493 textu
1133 4438 1240 4492 notata
1260 4438 1358 4505 suut,
1387 4430 1542 4511 perspicue

454 4526 530 4591 dicit
543 4544 606 4591 neu
626 4546 694 4591 esse
715 4528 815 4608 ipsam
828 4530 1055 4611 acceptandam
1068 4532 1188 4612 qnippe
1208 4531 1340 4595 ialsarm
1357 4550 1397 4595 ne
1414 4532 1504 4594 aliter
1513 4528 1541 4589 in

456 4626 636 4691 antithesim
657 4629 785 4693 cederet
805 4626 983 4710 Scriptura.
