<?xml version="1.0" encoding="UTF-8"?>
<!DOCTYPE html PUBLIC "-//W3C//DTD XHTML 1.0 Transitional//EN"
    "http://www.w3.org/TR/xhtml1/DTD/xhtml1-transitional.dtd">
<html xmlns="http://www.w3.org/1999/xhtml" xml:lang="en" lang="en">
 <head>
  <title>
</title>
<meta http-equiv="Content-Type" content="text/html;charset=utf-8" />
  <meta name='ocr-system' content='tesseract 3.04.00' />
  <meta name='ocr-capabilities' content='ocr_page ocr_carea ocr_par ocr_line ocrx_word'/>
</head>
<body>
  <div class='ocr_page' id='page_1' title='image "./insgregoriinyss02vincgoog/insgregoriinyss02vincgoog_0867.png"; bbox 0 0 3375 5567; ppageno 0'>
   <div class='ocr_carea' id='block_1_1' title="bbox 694 661 1275 834">
    <p class='ocr_par' dir='ltr' id='par_1_1' title="bbox 694 661 1275 834">
     <span class='ocr_line' id='line_1_1' title="bbox 1215 661 1275 730; baseline 0.017 -2"><span class='ocrx_word' id='word_1_1' title='bbox 1215 661 1275 730; x_wconf 83' lang='lat' dir='ltr'><strong>5at</strong></span> 
     </span>
     <span class='ocr_line' id='line_1_2' title="bbox 694 768 741 834; baseline -0.043 0"><span class='ocrx_word' id='word_1_2' title='bbox 694 768 741 834; x_wconf 87' lang='lat' dir='ltr'><strong>ttl</strong></span> 
     </span>
    </p>
   </div>
   <div class='ocr_carea' id='block_1_2' title="bbox 161 973 1325 4678">
    <p class='ocr_par' dir='ltr' id='par_1_2' title="bbox 161 973 1281 2784">
     <span class='ocr_line' id='line_1_3' title="bbox 242 973 1276 1056; baseline 0 -16"><span class='ocrx_word' id='word_1_3' title='bbox 242 975 322 1040; x_wconf 89' lang='lat' dir='ltr'><strong>item</strong></span> <span class='ocrx_word' id='word_1_4' title='bbox 347 973 380 1038; x_wconf 91' lang='lat' dir='ltr'><strong>iu</strong></span> <span class='ocrx_word' id='word_1_5' title='bbox 399 973 544 1055; x_wconf 79' lang='lat' dir='ltr'><strong>ejusdem</strong></span> <span class='ocrx_word' id='word_1_6' title='bbox 569 973 696 1052; x_wconf 73' lang='lat' dir='ltr'><strong>generis</strong></span> <span class='ocrx_word' id='word_1_7' title='bbox 716 973 998 1054; x_wconf 75' lang='lat' dir='ltr'><strong>extravagantias,</strong></span> <span class='ocrx_word' id='word_1_8' title='bbox 1020 973 1178 1056; x_wconf 81' lang='lat' dir='ltr'><strong>uobisque</strong></span> <span class='ocrx_word' id='word_1_9' title='bbox 1200 993 1276 1040; x_wconf 90' lang='lat' dir='ltr'><strong>sane</strong></span> 
     </span>
     <span class='ocr_line' id='line_1_4' title="bbox 162 1074 1278 1178; baseline 0.001 -38"><span class='ocrx_word' id='word_1_10' title='bbox 162 1075 500 1178; x_wconf 60' lang='lat' dir='ltr'><strong>incomprehensibiles</strong></span> <span class='ocrx_word' id='word_1_11' title='bbox 520 1074 709 1150; x_wconf 87' lang='lat' dir='ltr'><strong>incidemus,</strong></span> <span class='ocrx_word' id='word_1_12' title='bbox 733 1084 971 1158; x_wconf 75' lang='lat' dir='ltr'><strong>comparantes,</strong></span> <span class='ocrx_word' id='word_1_13' title='bbox 987 1094 1072 1155; x_wconf 88' lang='lat' dir='ltr'><strong>quae</strong></span> <span class='ocrx_word' id='word_1_14' title='bbox 1094 1076 1278 1142; x_wconf 88' lang='lat' dir='ltr'><strong>docueruut</strong></span> 
     </span>
     <span class='ocr_line' id='line_1_5' title="bbox 165 1175 1276 1261; baseline -0.001 -20"><span class='ocrx_word' id='word_1_15' title='bbox 165 1176 375 1255; x_wconf 72' lang='lat' dir='ltr'>Valentinus,</span> <span class='ocrx_word' id='word_1_16' title='bbox 398 1175 577 1253; x_wconf 75' lang='lat' dir='ltr'>Basilides,</span> <span class='ocrx_word' id='word_1_17' title='bbox 599 1185 632 1240; x_wconf 90' lang='lat' dir='ltr'><strong>et</strong></span> <span class='ocrx_word' id='word_1_18' title='bbox 653 1175 822 1242; x_wconf 78' lang='lat' dir='ltr'><strong>Marcion:</strong></span> <span class='ocrx_word' id='word_1_19' title='bbox 845 1195 995 1259; x_wconf 80' lang='lat' dir='ltr'><strong>quaeque</strong></span> <span class='ocrx_word' id='word_1_20' title='bbox 1021 1178 1118 1243; x_wconf 92' lang='lat' dir='ltr'><strong>simul</strong></span> <span class='ocrx_word' id='word_1_21' title='bbox 1144 1176 1276 1261; x_wconf 78' lang='lat' dir='ltr'><strong>Origeni</strong></span> 
     </span>
     <span class='ocr_line' id='line_1_6' title="bbox 164 1278 1276 1366; baseline 0.004 -26"><span class='ocrx_word' id='word_1_22' title='bbox 164 1279 384 1346; x_wconf 85' lang='lat' dir='ltr'><strong>inscribuntur</strong></span> <span class='ocrx_word' id='word_1_23' title='bbox 402 1297 422 1344; x_wconf 92' lang='lat' dir='ltr'><strong>a</strong></span> <span class='ocrx_word' id='word_1_24' title='bbox 443 1278 637 1359; x_wconf 85' lang='lat' dir='ltr'><strong>Theophilo,</strong></span> <span class='ocrx_word' id='word_1_25' title='bbox 660 1279 840 1362; x_wconf 85' lang='lat' dir='ltr'><strong>Epiphanio</strong></span> <span class='ocrx_word' id='word_1_26' title='bbox 861 1289 894 1344; x_wconf 92' lang='lat' dir='ltr'><strong>et</strong></span> <span class='ocrx_word' id='word_1_27' title='bbox 914 1279 1125 1366; x_wconf 70' lang='lat' dir='ltr'><strong>Hieronymo.</strong></span> <span class='ocrx_word' id='word_1_28' title='bbox 1150 1279 1276 1362; x_wconf 73' lang='lat' dir='ltr'><strong>Negare</strong></span> 
     </span>
     <span class='ocr_line' id='line_1_7' title="bbox 165 1381 1280 1463; baseline 0.002 -19"><span class='ocrx_word' id='word_1_29' title='bbox 165 1397 226 1444; x_wconf 91' lang='lat' dir='ltr'><strong>non</strong></span> <span class='ocrx_word' id='word_1_30' title='bbox 240 1397 425 1462; x_wconf 87' lang='lat' dir='ltr'><strong>possumus,</strong></span> <span class='ocrx_word' id='word_1_31' title='bbox 438 1381 568 1450; x_wconf 74' lang='lat' dir='ltr'><strong>diuersa</strong></span> <span class='ocrx_word' id='word_1_32' title='bbox 582 1399 735 1446; x_wconf 88' lang='lat' dir='ltr'><strong>errorum</strong></span> <span class='ocrx_word' id='word_1_33' title='bbox 751 1399 881 1461; x_wconf 80' lang='lat' dir='ltr'><strong>genero,</strong></span> <span class='ocrx_word' id='word_1_34' title='bbox 894 1382 1053 1463; x_wconf 79' lang='lat' dir='ltr'>valdeque</span> <span class='ocrx_word' id='word_1_35' title='bbox 1064 1383 1183 1447; x_wconf 91' lang='lat' dir='ltr'><strong>nomini</strong></span> <span class='ocrx_word' id='word_1_36' title='bbox 1195 1383 1280 1446; x_wconf 88' lang='lat' dir='ltr'><strong>chri-</strong></span> 
     </span>
     <span class='ocr_line' id='line_1_8' title="bbox 164 1482 1278 1564; baseline 0.001 -16"><span class='ocrx_word' id='word_1_37' title='bbox 164 1484 265 1548; x_wconf 86' lang='lat' dir='ltr'><strong>stiano</strong></span> <span class='ocrx_word' id='word_1_38' title='bbox 285 1482 455 1564; x_wconf 84' lang='lat' dir='ltr'><strong>injuriosa,</strong></span> <span class='ocrx_word' id='word_1_39' title='bbox 470 1501 490 1547; x_wconf 87' lang='lat' dir='ltr'><strong>a</strong></span> <span class='ocrx_word' id='word_1_40' title='bbox 505 1482 658 1564; x_wconf 80' lang='lat' dir='ltr'><strong>praefatis</strong></span> <span class='ocrx_word' id='word_1_41' title='bbox 679 1484 850 1549; x_wconf 87' lang='lat' dir='ltr'><strong>haereticis</strong></span> <span class='ocrx_word' id='word_1_42' title='bbox 869 1493 938 1548; x_wconf 87' lang='lat' dir='ltr'><strong>sata</strong></span> <span class='ocrx_word' id='word_1_43' title='bbox 960 1484 1058 1548; x_wconf 87' lang='lat' dir='ltr'><strong>luisse</strong></span> <span class='ocrx_word' id='word_1_44' title='bbox 1079 1487 1111 1546; x_wconf 94' lang='lat' dir='ltr'><strong>in</strong></span> <span class='ocrx_word' id='word_1_45' title='bbox 1131 1483 1278 1550; x_wconf 88' lang='lat' dir='ltr'><strong>Ecclesia</strong></span> 
     </span>
     <span class='ocr_line' id='line_1_9' title="bbox 162 1583 1279 1664; baseline 0.002 -16"><span class='ocrx_word' id='word_1_46' title='bbox 162 1601 288 1650; x_wconf 86' lang='lat' dir='ltr'><strong>summo</strong></span> <span class='ocrx_word' id='word_1_47' title='bbox 310 1583 455 1650; x_wconf 87' lang='lat' dir='ltr'><strong>bdelium</strong></span> <span class='ocrx_word' id='word_1_48' title='bbox 475 1583 628 1648; x_wconf 87' lang='lat' dir='ltr'><strong>scandalo</strong></span> <span class='ocrx_word' id='word_1_49' title='bbox 648 1601 687 1648; x_wconf 90' lang='lat' dir='ltr'><strong>ao</strong></span> <span class='ocrx_word' id='word_1_50' title='bbox 707 1585 897 1664; x_wconf 85' lang='lat' dir='ltr'><strong>praesertim</strong></span> <span class='ocrx_word' id='word_1_51' title='bbox 920 1588 950 1648; x_wconf 88' lang='lat' dir='ltr'><strong>iu</strong></span> <span class='ocrx_word' id='word_1_52' title='bbox 972 1585 1021 1662; x_wconf 90' lang='lat' dir='ltr'><strong>iis,</strong></span> <span class='ocrx_word' id='word_1_53' title='bbox 1043 1603 1128 1664; x_wconf 87' lang='lat' dir='ltr'><strong>qnae</strong></span> <span class='ocrx_word' id='word_1_54' title='bbox 1149 1584 1188 1650; x_wconf 93' lang='lat' dir='ltr'><strong>de</strong></span> <span class='ocrx_word' id='word_1_55' title='bbox 1209 1584 1279 1650; x_wconf 85' lang='lat' dir='ltr'><strong>Deo</strong></span> 
     </span>
     <span class='ocr_line' id='line_1_10' title="bbox 164 1682 1279 1763; baseline 0.004 -17"><span class='ocrx_word' id='word_1_56' title='bbox 164 1684 340 1763; x_wconf 79' lang='lat' dir='ltr'><strong>docebant3</strong></span> <span class='ocrx_word' id='word_1_57' title='bbox 362 1685 540 1752; x_wconf 73' lang='lat' dir='ltr'><strong>dividentes</strong></span> <span class='ocrx_word' id='word_1_58' title='bbox 560 1685 713 1750; x_wconf 88' lang='lat' dir='ltr'><strong>nimirum</strong></span> <span class='ocrx_word' id='word_1_59' title='bbox 736 1684 840 1750; x_wconf 85' lang='lat' dir='ltr'><strong>Deum</strong></span> <span class='ocrx_word' id='word_1_60' title='bbox 864 1683 993 1749; x_wconf 86' lang='lat' dir='ltr'><strong>Patrem</strong></span> <span class='ocrx_word' id='word_1_61' title='bbox 1014 1702 1033 1746; x_wconf 93' lang='lat' dir='ltr'><strong>a</strong></span> <span class='ocrx_word' id='word_1_62' title='bbox 1055 1682 1152 1760; x_wconf 87' lang='lat' dir='ltr'><strong>Filio,</strong></span> <span class='ocrx_word' id='word_1_63' title='bbox 1172 1687 1279 1751; x_wconf 85' lang='lat' dir='ltr'><strong>diver·</strong></span> 
     </span>
     <span class='ocr_line' id='line_1_11' title="bbox 162 1786 1278 1866; baseline 0.003 -18"><span class='ocrx_word' id='word_1_64' title='bbox 162 1802 212 1849; x_wconf 87' lang='lat' dir='ltr'><strong>sas</strong></span> <span class='ocrx_word' id='word_1_65' title='bbox 231 1794 366 1852; x_wconf 89' lang='lat' dir='ltr'><strong>naturas</strong></span> <span class='ocrx_word' id='word_1_66' title='bbox 386 1786 519 1862; x_wconf 87' lang='lat' dir='ltr'><strong>eisdem,</strong></span> <span class='ocrx_word' id='word_1_67' title='bbox 540 1803 579 1850; x_wconf 92' lang='lat' dir='ltr'><strong>ac</strong></span> <span class='ocrx_word' id='word_1_68' title='bbox 599 1788 763 1850; x_wconf 85' lang='lat' dir='ltr'><strong>contraria</strong></span> <span class='ocrx_word' id='word_1_69' title='bbox 784 1787 943 1850; x_wconf 83' lang='lat' dir='ltr'><strong>attributa</strong></span> <span class='ocrx_word' id='word_1_70' title='bbox 957 1787 1077 1866; x_wconf 84' lang='lat' dir='ltr'><strong>cuique</strong></span> <span class='ocrx_word' id='word_1_71' title='bbox 1092 1805 1208 1852; x_wconf 91' lang='lat' dir='ltr'><strong>eornm</strong></span> <span class='ocrx_word' id='word_1_72' title='bbox 1224 1789 1278 1856; x_wconf 90' lang='lat' dir='ltr'><strong>de-</strong></span> 
     </span>
     <span class='ocr_line' id='line_1_12' title="bbox 164 1885 1279 1968; baseline 0.004 -19"><span class='ocrx_word' id='word_1_73' title='bbox 164 1886 331 1966; x_wconf 71' lang='lat' dir='ltr'><strong>signantes.</strong></span> <span class='ocrx_word' id='word_1_74' title='bbox 352 1885 397 1950; x_wconf 85' lang='lat' dir='ltr'><strong>Et</strong></span> <span class='ocrx_word' id='word_1_75' title='bbox 422 1905 508 1966; x_wconf 82' lang='lat' dir='ltr'><strong>quae</strong></span> <span class='ocrx_word' id='word_1_76' title='bbox 528 1896 699 1968; x_wconf 90' lang='lat' dir='ltr'><strong>praeterea</strong></span> <span class='ocrx_word' id='word_1_77' title='bbox 730 1890 902 1952; x_wconf 88' lang='lat' dir='ltr'><strong>commenti</strong></span> <span class='ocrx_word' id='word_1_78' title='bbox 925 1895 1001 1954; x_wconf 91' lang='lat' dir='ltr'><strong>suut</strong></span> <span class='ocrx_word' id='word_1_79' title='bbox 1026 1887 1066 1951; x_wconf 90' lang='lat' dir='ltr'><strong>de</strong></span> <span class='ocrx_word' id='word_1_80' title='bbox 1095 1889 1279 1954; x_wconf 88' lang='lat' dir='ltr'><strong>animarum</strong></span> 
     </span>
     <span class='ocr_line' id='line_1_13' title="bbox 163 1988 1281 2069; baseline 0.006 -19"><span class='ocrx_word' id='word_1_81' title='bbox 163 1988 423 2066; x_wconf 74' lang='lat' dir='ltr'><strong>praeexistentia,</strong></span> <span class='ocrx_word' id='word_1_82' title='bbox 446 2006 527 2069; x_wconf 89' lang='lat' dir='ltr'><strong>quas</strong></span> <span class='ocrx_word' id='word_1_83' title='bbox 548 1990 736 2055; x_wconf 88' lang='lat' dir='ltr'><strong>asserebant</strong></span> <span class='ocrx_word' id='word_1_84' title='bbox 759 1991 852 2068; x_wconf 90' lang='lat' dir='ltr'><strong>(teste</strong></span> <span class='ocrx_word' id='word_1_85' title='bbox 874 1989 1040 2057; x_wconf 83' lang='lat' dir='ltr'><strong>Clemente</strong></span> <span class='ocrx_word' id='word_1_86' title='bbox 1069 1990 1281 2057; x_wconf 75' lang='lat' dir='ltr'><strong>alexandrino</strong></span> 
     </span>
     <span class='ocr_line' id='line_1_14' title="bbox 162 2085 1279 2172; baseline 0.006 -22"><span class='ocrx_word' id='word_1_87' title='bbox 162 2089 194 2151; x_wconf 93' lang='lat' dir='ltr'><strong>iu</strong></span> <span class='ocrx_word' id='word_1_88' title='bbox 213 2085 406 2154; x_wconf 75' lang='lat' dir='ltr'><strong>stromatum</strong></span> <span class='ocrx_word' id='word_1_89' title='bbox 427 2088 527 2154; x_wconf 85' lang='lat' dir='ltr'><strong>Libro</strong></span> <span class='ocrx_word' id='word_1_90' title='bbox 549 2089 617 2169; x_wconf 87' lang='lat' dir='ltr'><strong>tv.)</strong></span> <span class='ocrx_word' id='word_1_91' title='bbox 639 2110 715 2158; x_wconf 84' lang='lat' dir='ltr'><strong>cuns</strong></span> <span class='ocrx_word' id='word_1_92' title='bbox 739 2093 770 2154; x_wconf 93' lang='lat' dir='ltr'><strong>in</strong></span> <span class='ocrx_word' id='word_1_93' title='bbox 791 2092 854 2155; x_wconf 87' lang='lat' dir='ltr'><strong>alia</strong></span> <span class='ocrx_word' id='word_1_94' title='bbox 880 2092 943 2155; x_wconf 87' lang='lat' dir='ltr'><strong>sita</strong></span> <span class='ocrx_word' id='word_1_95' title='bbox 966 2095 1142 2172; x_wconf 86' lang='lat' dir='ltr'><strong>peccarint,</strong></span> <span class='ocrx_word' id='word_1_96' title='bbox 1165 2095 1195 2155; x_wconf 94' lang='lat' dir='ltr'><strong>io</strong></span> <span class='ocrx_word' id='word_1_97' title='bbox 1219 2094 1279 2157; x_wconf 88' lang='lat' dir='ltr'><strong>bac</strong></span> 
     </span>
     <span class='ocr_line' id='line_1_15' title="bbox 162 2191 1278 2279; baseline 0.005 -29"><span class='ocrx_word' id='word_1_98' title='bbox 162 2191 356 2270; x_wconf 87' lang='lat' dir='ltr'><strong>supplicium</strong></span> <span class='ocrx_word' id='word_1_99' title='bbox 379 2191 456 2272; x_wconf 88' lang='lat' dir='ltr'><strong>pati.</strong></span> <span class='ocrx_word' id='word_1_100' title='bbox 481 2191 523 2256; x_wconf 80' lang='lat' dir='ltr'><strong>lit</strong></span> <span class='ocrx_word' id='word_1_101' title='bbox 544 2210 629 2272; x_wconf 88' lang='lat' dir='ltr'><strong>quse</strong></span> <span class='ocrx_word' id='word_1_102' title='bbox 653 2194 787 2279; x_wconf 88' lang='lat' dir='ltr'><strong>iusuper</strong></span> <span class='ocrx_word' id='word_1_103' title='bbox 812 2195 1042 2258; x_wconf 84' lang='lat' dir='ltr'><strong>existimarunt</strong></span> <span class='ocrx_word' id='word_1_104' title='bbox 1067 2194 1107 2256; x_wconf 90' lang='lat' dir='ltr'><strong>do</strong></span> <span class='ocrx_word' id='word_1_105' title='bbox 1134 2195 1278 2258; x_wconf 86' lang='lat' dir='ltr'><strong>dissimili</strong></span> 
     </span>
     <span class='ocr_line' id='line_1_16' title="bbox 161 2286 1278 2374; baseline 0.004 -20"><span class='ocrx_word' id='word_1_106' title='bbox 161 2292 341 2356; x_wconf 87' lang='lat' dir='ltr'><strong>animarum</strong></span> <span class='ocrx_word' id='word_1_107' title='bbox 362 2302 492 2370; x_wconf 87' lang='lat' dir='ltr'><strong>natura,</strong></span> <span class='ocrx_word' id='word_1_108' title='bbox 514 2295 677 2359; x_wconf 79' lang='lat' dir='ltr'><strong>adversati</strong></span> <span class='ocrx_word' id='word_1_109' title='bbox 698 2313 878 2374; x_wconf 89' lang='lat' dir='ltr'><strong>corporeae</strong></span> <span class='ocrx_word' id='word_1_110' title='bbox 899 2286 1154 2370; x_wconf 83' lang='lat' dir='ltr'><strong>resurrectioni,</strong></span> <span class='ocrx_word' id='word_1_111' title='bbox 1179 2304 1278 2359; x_wconf 89' lang='lat' dir='ltr'><strong>mate·</strong></span> 
     </span>
     <span class='ocr_line' id='line_1_17' title="bbox 163 2392 1276 2478; baseline 0.005 -23"><span class='ocrx_word' id='word_1_112' title='bbox 163 2392 241 2456; x_wconf 88' lang='lat' dir='ltr'><strong>riam</strong></span> <span class='ocrx_word' id='word_1_113' title='bbox 255 2394 430 2473; x_wconf 66' lang='lat' dir='ltr'><strong>ingenitam</strong></span> <span class='ocrx_word' id='word_1_114' title='bbox 444 2394 662 2471; x_wconf 89' lang='lat' dir='ltr'><strong>admittentes,</strong></span> <span class='ocrx_word' id='word_1_115' title='bbox 676 2397 928 2476; x_wconf 87' lang='lat' dir='ltr'><strong>animarumque</strong></span> <span class='ocrx_word' id='word_1_116' title='bbox 943 2399 1276 2478; x_wconf 73' lang='lat' dir='ltr'><strong>transmigrationem,</strong></span> 
     </span>
     <span class='ocr_line' id='line_1_18' title="bbox 161 2492 1278 2579; baseline 0.008 -25"><span class='ocrx_word' id='word_1_117' title='bbox 161 2492 296 2560; x_wconf 86' lang='lat' dir='ltr'><strong>bominis</strong></span> <span class='ocrx_word' id='word_1_118' title='bbox 315 2496 467 2560; x_wconf 90' lang='lat' dir='ltr'><strong>tollentes</strong></span> <span class='ocrx_word' id='word_1_119' title='bbox 485 2497 657 2563; x_wconf 77' lang='lat' dir='ltr'><strong>arbitrium</strong></span> <span class='ocrx_word' id='word_1_120' title='bbox 678 2505 711 2560; x_wconf 88' lang='lat' dir='ltr'><strong>et</strong></span> <span class='ocrx_word' id='word_1_121' title='bbox 732 2497 981 2578; x_wconf 79' lang='lat' dir='ltr'><strong>uiuscujusque</strong></span> <span class='ocrx_word' id='word_1_122' title='bbox 996 2499 1110 2562; x_wconf 88' lang='lat' dir='ltr'><strong>merita</strong></span> <span class='ocrx_word' id='word_1_123' title='bbox 1124 2520 1135 2578; x_wconf 80' lang='lat'>3</span> <span class='ocrx_word' id='word_1_124' title='bbox 1151 2500 1278 2579; x_wconf 92' lang='lat' dir='ltr'><strong>nuptia·</strong></span> 
     </span>
     <span class='ocr_line' id='line_1_19' title="bbox 162 2598 1278 2680; baseline 0.007 -24"><span class='ocrx_word' id='word_1_125' title='bbox 162 2612 233 2659; x_wconf 89' lang='lat' dir='ltr'><strong>rum</strong></span> <span class='ocrx_word' id='word_1_126' title='bbox 252 2598 416 2663; x_wconf 90' lang='lat' dir='ltr'><strong>sanctitati</strong></span> <span class='ocrx_word' id='word_1_127' title='bbox 437 2598 596 2677; x_wconf 71' lang='lat' dir='ltr'><strong>hostiles,</strong></span> <span class='ocrx_word' id='word_1_128' title='bbox 618 2600 767 2680; x_wconf 82' lang='lat' dir='ltr'><strong>aliosque</strong></span> <span class='ocrx_word' id='word_1_129' title='bbox 787 2599 949 2679; x_wconf 80' lang='lat' dir='ltr'><strong>complexi</strong></span> <span class='ocrx_word' id='word_1_130' title='bbox 979 2598 1125 2679; x_wconf 74' lang='lat' dir='ltr'><strong>eiusdem</strong></span> <span class='ocrx_word' id='word_1_131' title='bbox 1153 2602 1278 2680; x_wconf 76' lang='lat' dir='ltr'><strong>generis</strong></span> 
     </span>
     <span class='ocr_line' id='line_1_20' title="bbox 162 2695 797 2784; baseline 0.009 -28"><span class='ocrx_word' id='word_1_132' title='bbox 162 2712 292 2762; x_wconf 87' lang='lat' dir='ltr'><strong>errores</strong></span> <span class='ocrx_word' id='word_1_133' title='bbox 312 2695 403 2762; x_wconf 90' lang='lat' dir='ltr'><strong>ultro</strong></span> <span class='ocrx_word' id='word_1_134' title='bbox 424 2697 499 2762; x_wconf 91' lang='lat' dir='ltr'><strong>iude</strong></span> <span class='ocrx_word' id='word_1_135' title='bbox 519 2699 717 2764; x_wconf 87' lang='lat' dir='ltr'><strong>aecedentes.</strong></span> <span class='ocrx_word' id='word_1_136' title='bbox 785 2765 797 2784; x_wconf 20' lang='grc' dir='ltr'><strong><em>κ</em></strong></span> 
     </span>
    </p>

    <p class='ocr_par' dir='ltr' id='par_1_3' title="bbox 161 2796 1278 4090">
     <span class='ocr_line' id='line_1_21' title="bbox 236 2796 1277 2882; baseline 0 -20"><span class='ocrx_word' id='word_1_137' title='bbox 236 2796 303 2862; x_wconf 87' lang='lat' dir='ltr'><strong>Sed</strong></span> <span class='ocrx_word' id='word_1_138' title='bbox 323 2797 403 2878; x_wconf 82' lang='lat' dir='ltr'><strong>quid</strong></span> <span class='ocrx_word' id='word_1_139' title='bbox 415 2806 528 2864; x_wconf 87' lang='lat' dir='ltr'><strong>contre</strong></span> <span class='ocrx_word' id='word_1_140' title='bbox 545 2809 609 2866; x_wconf 91' lang='lat' dir='ltr'><strong>tam</strong></span> <span class='ocrx_word' id='word_1_141' title='bbox 625 2801 721 2882; x_wconf 90' lang='lat' dir='ltr'><strong>impia</strong></span> <span class='ocrx_word' id='word_1_142' title='bbox 737 2809 771 2866; x_wconf 89' lang='lat' dir='ltr'><strong>et</strong></span> <span class='ocrx_word' id='word_1_143' title='bbox 784 2802 953 2881; x_wconf 76' lang='lat' dir='ltr'><strong>peregrina</strong></span> <span class='ocrx_word' id='word_1_144' title='bbox 969 2802 1131 2881; x_wconf 75' lang='lat' dir='ltr'><strong>dogmata,</strong></span> <span class='ocrx_word' id='word_1_145' title='bbox 1148 2818 1277 2865; x_wconf 88' lang='lat' dir='ltr'><strong>eorum·</strong></span> 
     </span>
     <span class='ocr_line' id='line_1_22' title="bbox 163 2899 1278 2994; baseline 0.003 -32"><span class='ocrx_word' id='word_1_146' title='bbox 163 2916 224 2977; x_wconf 85' lang='lat' dir='ltr'><strong>qna</strong></span> <span class='ocrx_word' id='word_1_147' title='bbox 243 2899 418 2981; x_wconf 79' lang='lat' dir='ltr'><strong>magistros</strong></span> <span class='ocrx_word' id='word_1_148' title='bbox 438 2901 504 2994; x_wconf 73' lang='lat' dir='ltr'><strong>egit</strong></span> <span class='ocrx_word' id='word_1_149' title='bbox 523 2899 710 2980; x_wconf 74' lang='lat' dir='ltr'><strong>Origenes?</strong></span> <span class='ocrx_word' id='word_1_150' title='bbox 730 2899 829 2976; x_wconf 87' lang='lat' dir='ltr'><strong>Quali</strong></span> <span class='ocrx_word' id='word_1_151' title='bbox 852 2901 924 2967; x_wconf 87' lang='lat' dir='ltr'><strong>ideo</strong></span> <span class='ocrx_word' id='word_1_152' title='bbox 951 2903 1045 2966; x_wconf 92' lang='lat' dir='ltr'><strong>titulo</strong></span> <span class='ocrx_word' id='word_1_153' title='bbox 1077 2903 1278 2982; x_wconf 85' lang='lat' dir='ltr'><strong>nuncupavit</strong></span> 
     </span>
     <span class='ocr_line' id='line_1_23' title="bbox 163 3001 1277 3082; baseline 0.007 -24"><span class='ocrx_word' id='word_1_154' title='bbox 163 3001 406 3078; x_wconf 79' lang='lat' dir='ltr'><strong>valentinianos,</strong></span> <span class='ocrx_word' id='word_1_155' title='bbox 429 3002 633 3066; x_wconf 72' lang='lat' dir='ltr'><strong>basilidianos</strong></span> <span class='ocrx_word' id='word_1_156' title='bbox 648 3011 681 3066; x_wconf 90' lang='lat' dir='ltr'><strong>ct</strong></span> <span class='ocrx_word' id='word_1_157' title='bbox 691 3059 698 3068; x_wconf 81' lang='grc'><strong>.</strong></span> <span class='ocrx_word' id='word_1_158' title='bbox 708 3003 914 3066; x_wconf 89' lang='lat' dir='ltr'><strong>marcionitas</strong></span> <span class='ocrx_word' id='word_1_159' title='bbox 929 3003 974 3066; x_wconf 90' lang='lat' dir='ltr'><strong>ita</strong></span> <span class='ocrx_word' id='word_1_160' title='bbox 990 3001 1277 3082; x_wconf 78' lang='lat' dir='ltr'><strong>blasphemantes?</strong></span> 
     </span>
     <span class='ocr_line' id='line_1_24' title="bbox 162 3097 1277 3183; baseline 0.002 -21"><span class='ocrx_word' id='word_1_161' title='bbox 162 3097 210 3162; x_wconf 83' lang='lat' dir='ltr'><strong>En</strong></span> <span class='ocrx_word' id='word_1_162' title='bbox 229 3103 323 3182; x_wconf 89' lang='lat' dir='ltr'><strong>quali</strong></span> <span class='ocrx_word' id='word_1_163' title='bbox 343 3103 428 3178; x_wconf 86' lang='lat' dir='ltr'><strong>selo,</strong></span> <span class='ocrx_word' id='word_1_164' title='bbox 455 3103 648 3183; x_wconf 83' lang='lat' dir='ltr'><strong>divinaeque</strong></span> <span class='ocrx_word' id='word_1_165' title='bbox 670 3104 813 3166; x_wconf 83' lang='lat' dir='ltr'><strong>veritatis</strong></span> <span class='ocrx_word' id='word_1_166' title='bbox 828 3104 1012 3167; x_wconf 87' lang='lat' dir='ltr'><strong>aemulator</strong></span> <span class='ocrx_word' id='word_1_167' title='bbox 1025 3105 1208 3183; x_wconf 87' lang='lat' dir='ltr'><strong>saepissime</strong></span> <span class='ocrx_word' id='word_1_168' title='bbox 1222 3103 1277 3165; x_wconf 91' lang='lat' dir='ltr'><strong>ad·</strong></span> 
     </span>
     <span class='ocr_line' id='line_1_25' title="bbox 163 3201 1275 3285; baseline 0.006 -26"><span class='ocrx_word' id='word_1_169' title='bbox 163 3217 273 3266; x_wconf 86' lang='lat' dir='ltr'><strong>versus</strong></span> <span class='ocrx_word' id='word_1_170' title='bbox 299 3202 377 3266; x_wconf 89' lang='lat' dir='ltr'><strong>istos</strong></span> <span class='ocrx_word' id='word_1_171' title='bbox 399 3202 461 3266; x_wconf 90' lang='lat' dir='ltr'><strong>tela</strong></span> <span class='ocrx_word' id='word_1_172' title='bbox 483 3203 599 3266; x_wconf 85' lang='lat' dir='ltr'><strong>calami</strong></span> <span class='ocrx_word' id='word_1_173' title='bbox 618 3207 669 3267; x_wconf 90' lang='lat' dir='ltr'><strong>sui</strong></span> <span class='ocrx_word' id='word_1_174' title='bbox 682 3204 762 3285; x_wconf 86' lang='lat' dir='ltr'><strong>jecit</strong></span> <span class='ocrx_word' id='word_1_175' title='bbox 776 3201 998 3267; x_wconf 76' lang='lat' dir='ltr'><strong>Adamantius.</strong></span> <span class='ocrx_word' id='word_1_176' title='bbox 1016 3201 1095 3266; x_wconf 82' lang='lat' dir='ltr'><strong>Vide</strong></span> <span class='ocrx_word' id='word_1_177' title='bbox 1110 3203 1275 3284; x_wconf 89' lang='lat' dir='ltr'><strong>quomodo</strong></span> 
     </span>
     <span class='ocr_line' id='line_1_26' title="bbox 163 3302 1278 3382; baseline 0.003 -21"><span class='ocrx_word' id='word_1_178' title='bbox 163 3315 215 3362; x_wconf 90' lang='lat' dir='ltr'><strong>ens</strong></span> <span class='ocrx_word' id='word_1_179' title='bbox 235 3302 380 3382; x_wconf 89' lang='lat' dir='ltr'><strong>appellet</strong></span> <span class='ocrx_word' id='word_1_180' title='bbox 401 3303 594 3377; x_wconf 88' lang='lat' dir='ltr'><strong>haereticos,</strong></span> <span class='ocrx_word' id='word_1_181' title='bbox 617 3302 774 3377; x_wconf 86' lang='lat' dir='ltr'><strong>infideles,</strong></span> <span class='ocrx_word' id='word_1_182' title='bbox 790 3303 973 3375; x_wconf 83' lang='lat' dir='ltr'><strong>insolentes,</strong></span> <span class='ocrx_word' id='word_1_183' title='bbox 993 3302 1207 3382; x_wconf 88' lang='lat' dir='ltr'><strong>blasphemos,</strong></span> <span class='ocrx_word' id='word_1_184' title='bbox 1224 3319 1278 3382; x_wconf 87' lang='lat' dir='ltr'><strong>pe-</strong></span> 
     </span>
     <span class='ocr_line' id='line_1_27' title="bbox 162 3401 1277 3485; baseline 0.004 -23"><span class='ocrx_word' id='word_1_185' title='bbox 162 3401 303 3481; x_wconf 79' lang='lat' dir='ltr'><strong>stiferos,</strong></span> <span class='ocrx_word' id='word_1_186' title='bbox 325 3404 452 3485; x_wconf 90' lang='lat' dir='ltr'><strong>impios,</strong></span> <span class='ocrx_word' id='word_1_187' title='bbox 468 3403 618 3469; x_wconf 90' lang='lat' dir='ltr'><strong>doctores</strong></span> <span class='ocrx_word' id='word_1_188' title='bbox 633 3405 826 3481; x_wconf 88' lang='lat' dir='ltr'><strong>immundos,</strong></span> <span class='ocrx_word' id='word_1_189' title='bbox 841 3401 975 3468; x_wconf 87' lang='lat' dir='ltr'><strong>illorum</strong></span> <span class='ocrx_word' id='word_1_190' title='bbox 990 3405 1168 3471; x_wconf 88' lang='lat' dir='ltr'><strong>doctrinam</strong></span> <span class='ocrx_word' id='word_1_191' title='bbox 1184 3404 1277 3466; x_wconf 89' lang='lat' dir='ltr'><strong>adol·</strong></span> 
     </span>
     <span class='ocr_line' id='line_1_28' title="bbox 162 3505 1277 3585; baseline 0.002 -21"><span class='ocrx_word' id='word_1_192' title='bbox 162 3511 262 3569; x_wconf 87' lang='lat' dir='ltr'><strong>teram</strong></span> <span class='ocrx_word' id='word_1_193' title='bbox 283 3513 446 3570; x_wconf 87' lang='lat' dir='ltr'><strong>monetam</strong></span> <span class='ocrx_word' id='word_1_194' title='bbox 467 3512 500 3569; x_wconf 89' lang='lat' dir='ltr'><strong>et</strong></span> <span class='ocrx_word' id='word_1_195' title='bbox 519 3514 614 3570; x_wconf 82' lang='lat' dir='ltr'><strong>extra</strong></span> <span class='ocrx_word' id='word_1_196' title='bbox 633 3505 811 3570; x_wconf 83' lang='lat' dir='ltr'><strong>Ecclesiam</strong></span> <span class='ocrx_word' id='word_1_197' title='bbox 826 3523 950 3580; x_wconf 85' lang='lat' dir='ltr'><strong>cusam,</strong></span> <span class='ocrx_word' id='word_1_198' title='bbox 966 3522 1196 3585; x_wconf 80' lang='lat' dir='ltr'><strong>perversarum</strong></span> <span class='ocrx_word' id='word_1_199' title='bbox 1209 3505 1277 3585; x_wconf 90' lang='lat' dir='ltr'><strong>opi·</strong></span> 
     </span>
     <span class='ocr_line' id='line_1_29' title="bbox 164 3603 1272 3684; baseline 0 -20"><span class='ocrx_word' id='word_1_200' title='bbox 164 3605 295 3670; x_wconf 92' lang='lat' dir='ltr'><strong>uionum</strong></span> <span class='ocrx_word' id='word_1_201' title='bbox 324 3606 511 3684; x_wconf 74' lang='lat' dir='ltr'><strong>magistros,</strong></span> <span class='ocrx_word' id='word_1_202' title='bbox 540 3604 649 3669; x_wconf 85' lang='lat' dir='ltr'><strong>sabuli</strong></span> <span class='ocrx_word' id='word_1_203' title='bbox 677 3606 859 3681; x_wconf 86' lang='lat' dir='ltr'><strong>ministros,</strong></span> <span class='ocrx_word' id='word_1_204' title='bbox 890 3605 973 3666; x_wconf 85' lang='lat' dir='ltr'><strong>lilios</strong></span> <span class='ocrx_word' id='word_1_205' title='bbox 1002 3603 1272 3678; x_wconf 83' lang='lat' dir='ltr'><strong>iornicatiooum,</strong></span> 
     </span>
     <span class='ocr_line' id='line_1_30' title="bbox 162 3705 1277 3788; baseline -0.001 -21"><span class='ocrx_word' id='word_1_206' title='bbox 162 3705 368 3788; x_wconf 90' lang='lat' dir='ltr'><strong>lupanarium</strong></span> <span class='ocrx_word' id='word_1_207' title='bbox 387 3707 623 3780; x_wconf 78' lang='lat' dir='ltr'><strong>aedificatores,</strong></span> <span class='ocrx_word' id='word_1_208' title='bbox 645 3714 816 3785; x_wconf 89' lang='lat' dir='ltr'><strong>portarum</strong></span> <span class='ocrx_word' id='word_1_209' title='bbox 838 3706 932 3770; x_wconf 83' lang='lat' dir='ltr'><strong>interi</strong></span> <span class='ocrx_word' id='word_1_210' title='bbox 948 3713 1203 3779; x_wconf 79' lang='lat' dir='ltr'><strong>constructores,</strong></span> <span class='ocrx_word' id='word_1_211' title='bbox 1219 3705 1277 3766; x_wconf 91' lang='lat' dir='ltr'><strong>im·</strong></span> 
     </span>
     <span class='ocr_line' id='line_1_31' title="bbox 161 3807 1276 3888; baseline -0.001 -18"><span class='ocrx_word' id='word_1_212' title='bbox 161 3808 287 3888; x_wconf 85' lang='lat' dir='ltr'><strong>pietatis</strong></span> <span class='ocrx_word' id='word_1_213' title='bbox 300 3810 507 3884; x_wconf 84' lang='lat' dir='ltr'><strong>architectos,</strong></span> <span class='ocrx_word' id='word_1_214' title='bbox 522 3809 563 3872; x_wconf 88' lang='lat' dir='ltr'><strong>ab</strong></span> <span class='ocrx_word' id='word_1_215' title='bbox 577 3809 664 3871; x_wconf 91' lang='lat' dir='ltr'><strong>omni</strong></span> <span class='ocrx_word' id='word_1_216' title='bbox 684 3808 827 3872; x_wconf 83' lang='lat' dir='ltr'><strong>veritatis</strong></span> <span class='ocrx_word' id='word_1_217' title='bbox 843 3809 997 3887; x_wconf 88' lang='lat' dir='ltr'><strong>sapientia</strong></span> <span class='ocrx_word' id='word_1_218' title='bbox 1013 3808 1132 3886; x_wconf 87' lang='lat' dir='ltr'><strong>lapsos,</strong></span> <span class='ocrx_word' id='word_1_219' title='bbox 1150 3807 1276 3870; x_wconf 87' lang='lat' dir='ltr'><strong>lebnlo·</strong></span> 
     </span>
     <span class='ocr_line' id='line_1_32' title="bbox 161 3903 1276 3989; baseline -0.004 -16"><span class='ocrx_word' id='word_1_220' title='bbox 161 3925 270 3974; x_wconf 81' lang='lat' dir='ltr'><strong>serum</strong></span> <span class='ocrx_word' id='word_1_221' title='bbox 292 3907 501 3975; x_wconf 89' lang='lat' dir='ltr'><strong>traditionum</strong></span> <span class='ocrx_word' id='word_1_222' title='bbox 530 3903 774 3973; x_wconf 75' lang='lat' dir='ltr'><strong>concinnatores</strong></span> <span class='ocrx_word' id='word_1_223' title='bbox 785 3953 797 3987; x_wconf 90' lang='lat'><strong>,</strong></span> <span class='ocrx_word' id='word_1_224' title='bbox 829 3909 861 3970; x_wconf 90' lang='lat' dir='ltr'><strong>in</strong></span> <span class='ocrx_word' id='word_1_225' title='bbox 883 3909 1079 3989; x_wconf 82' lang='lat' dir='ltr'><strong>exponendis</strong></span> <span class='ocrx_word' id='word_1_226' title='bbox 1100 3906 1276 3988; x_wconf 84' lang='lat' dir='ltr'><strong>Scripturis</strong></span> 
     </span>
     <span class='ocr_line' id='line_1_33' title="bbox 163 4008 1066 4090; baseline -0.001 -19"><span class='ocrx_word' id='word_1_227' title='bbox 163 4010 281 4076; x_wconf 89' lang='lat' dir='ltr'><strong>diaboli</strong></span> <span class='ocrx_word' id='word_1_228' title='bbox 300 4013 419 4087; x_wconf 86' lang='lat' dir='ltr'><strong>socios,</strong></span> <span class='ocrx_word' id='word_1_229' title='bbox 442 4017 475 4074; x_wconf 86' lang='lat' dir='ltr'><strong>et</strong></span> <span class='ocrx_word' id='word_1_230' title='bbox 494 4008 660 4074; x_wconf 83' lang='lat' dir='ltr'><strong>Ecclesiae</strong></span> <span class='ocrx_word' id='word_1_231' title='bbox 682 4008 808 4073; x_wconf 85' lang='lat' dir='ltr'><strong>Domini</strong></span> <span class='ocrx_word' id='word_1_232' title='bbox 830 4008 1066 4090; x_wconf 77' lang='lat' dir='ltr'><strong>profanatores.</strong></span> 
     </span>
    </p>

    <p class='ocr_par' dir='ltr' id='par_1_4' title="bbox 161 4108 1325 4594">
     <span class='ocr_line' id='line_1_34' title="bbox 240 4108 1276 4191; baseline -0.006 -15"><span class='ocrx_word' id='word_1_233' title='bbox 240 4110 327 4187; x_wconf 88' lang='lat' dir='ltr'><strong>Quid</strong></span> <span class='ocrx_word' id='word_1_234' title='bbox 344 4119 453 4177; x_wconf 83' lang='lat' dir='ltr'><strong>sutem</strong></span> <span class='ocrx_word' id='word_1_235' title='bbox 467 4110 541 4174; x_wconf 91' lang='lat' dir='ltr'><strong>iude</strong></span> <span class='ocrx_word' id='word_1_236' title='bbox 554 4111 733 4177; x_wconf 90' lang='lat' dir='ltr'><strong>eruendum</strong></span> <span class='ocrx_word' id='word_1_237' title='bbox 745 4112 799 4187; x_wconf 90' lang='lat' dir='ltr'><strong>sil,</strong></span> <span class='ocrx_word' id='word_1_238' title='bbox 815 4118 913 4191; x_wconf 87' lang='lat' dir='ltr'><strong>patet.</strong></span> <span class='ocrx_word' id='word_1_239' title='bbox 930 4108 1056 4174; x_wconf 83' lang='lat' dir='ltr'><strong>Etenim</strong></span> <span class='ocrx_word' id='word_1_240' title='bbox 1072 4109 1199 4172; x_wconf 86' lang='lat' dir='ltr'><strong>collatis</strong></span> <span class='ocrx_word' id='word_1_241' title='bbox 1214 4110 1276 4172; x_wconf 90' lang='lat' dir='ltr'><strong>cri-</strong></span> 
     </span>
     <span class='ocr_line' id='line_1_35' title="bbox 161 4206 1325 4293; baseline 0.001 -21"><span class='ocrx_word' id='word_1_242' title='bbox 161 4211 388 4276; x_wconf 85' lang='lat' dir='ltr'><strong>minationibus</strong></span> <span class='ocrx_word' id='word_1_243' title='bbox 408 4207 595 4291; x_wconf 82' lang='lat' dir='ltr'><strong>Theophili,</strong></span> <span class='ocrx_word' id='word_1_244' title='bbox 613 4210 794 4293; x_wconf 85' lang='lat' dir='ltr'><strong>Epipbenii,</strong></span> <span class='ocrx_word' id='word_1_245' title='bbox 808 4221 842 4274; x_wconf 90' lang='lat' dir='ltr'><strong>et</strong></span> <span class='ocrx_word' id='word_1_246' title='bbox 859 4209 1060 4291; x_wconf 74' lang='lat' dir='ltr'><strong>Hieronymi,</strong></span> <span class='ocrx_word' id='word_1_247' title='bbox 1076 4206 1206 4290; x_wconf 84' lang='lat' dir='ltr'><strong>qui&#39;hos</strong></span> <span class='ocrx_word' id='word_1_248' title='bbox 1221 4226 1275 4288; x_wconf 87' lang='lat' dir='ltr'><strong>pn·</strong></span> <span class='ocrx_word' id='word_1_249' title='bbox 1321 4246 1325 4252; x_wconf 68' lang='grc'><em>»</em></span> 
     </span>
     <span class='ocr_line' id='line_1_36' title="bbox 161 4310 1274 4392; baseline 0.003 -21"><span class='ocrx_word' id='word_1_250' title='bbox 161 4313 241 4374; x_wconf 84' lang='lat' dir='ltr'><strong>riter</strong></span> <span class='ocrx_word' id='word_1_251' title='bbox 260 4313 375 4376; x_wconf 89' lang='lat' dir='ltr'><strong>citatos</strong></span> <span class='ocrx_word' id='word_1_252' title='bbox 402 4329 532 4377; x_wconf 85' lang='lat' dir='ltr'><strong>errores</strong></span> <span class='ocrx_word' id='word_1_253' title='bbox 546 4311 789 4392; x_wconf 82' lang='lat' dir='ltr'><strong>adscripserunt</strong></span> <span class='ocrx_word' id='word_1_254' title='bbox 801 4311 934 4390; x_wconf 79' lang='lat' dir='ltr'><strong>origani</strong></span> <span class='ocrx_word' id='word_1_255' title='bbox 949 4320 982 4374; x_wconf 90' lang='lat' dir='ltr'><strong>et</strong></span> <span class='ocrx_word' id='word_1_256' title='bbox 1005 4311 1046 4376; x_wconf 90' lang='lat' dir='ltr'><strong>ob</strong></span> <span class='ocrx_word' id='word_1_257' title='bbox 1068 4311 1129 4374; x_wconf 89' lang='lat' dir='ltr'><strong>hoc</strong></span> <span class='ocrx_word' id='word_1_258' title='bbox 1154 4310 1274 4374; x_wconf 83' lang='lat' dir='ltr'><strong>eisdem</strong></span> 
     </span>
     <span class='ocr_line' id='line_1_37' title="bbox 164 4413 1276 4496; baseline 0.003 -25"><span class='ocrx_word' id='word_1_259' title='bbox 164 4413 265 4478; x_wconf 88' lang='lat' dir='ltr'><strong>titulis</strong></span> <span class='ocrx_word' id='word_1_260' title='bbox 284 4413 443 4480; x_wconf 86' lang='lat' dir='ltr'><strong>adsersus</strong></span> <span class='ocrx_word' id='word_1_261' title='bbox 457 4415 561 4496; x_wconf 89' lang='lat' dir='ltr'><strong>ipsum</strong></span> <span class='ocrx_word' id='word_1_262' title='bbox 576 4414 728 4478; x_wconf 80' lang='lat' dir='ltr'><strong>conviciis</strong></span> <span class='ocrx_word' id='word_1_263' title='bbox 743 4413 913 4476; x_wconf 85' lang='lat' dir='ltr'><strong>incessere:</strong></span> <span class='ocrx_word' id='word_1_264' title='bbox 931 4420 1166 4494; x_wconf 88' lang='lat' dir='ltr'><strong>consequentur</strong></span> <span class='ocrx_word' id='word_1_265' title='bbox 1184 4429 1276 4492; x_wconf 87' lang='lat' dir='ltr'><strong>prae·</strong></span> 
     </span>
     <span class='ocr_line' id='line_1_38' title="bbox 163 4513 1275 4594; baseline 0.004 -20"><span class='ocrx_word' id='word_1_266' title='bbox 163 4513 265 4580; x_wconf 87' lang='lat' dir='ltr'><strong>missis</strong></span> <span class='ocrx_word' id='word_1_267' title='bbox 285 4533 415 4580; x_wconf 84' lang='lat' dir='ltr'><strong>neccsse</strong></span> <span class='ocrx_word' id='word_1_268' title='bbox 436 4515 471 4580; x_wconf 89' lang='lat' dir='ltr'><strong>lit</strong></span> <span class='ocrx_word' id='word_1_269' title='bbox 491 4523 529 4580; x_wconf 91' lang='lat' dir='ltr'><strong>ut</strong></span> <span class='ocrx_word' id='word_1_270' title='bbox 549 4515 688 4592; x_wconf 83' lang='lat' dir='ltr'><strong>dicatur,</strong></span> <span class='ocrx_word' id='word_1_271' title='bbox 710 4514 884 4594; x_wconf 78' lang='lat' dir='ltr'><strong>Origenem</strong></span> <span class='ocrx_word' id='word_1_272' title='bbox 906 4531 941 4578; x_wconf 84' lang='lat' dir='ltr'><strong>se</strong></span> <span class='ocrx_word' id='word_1_273' title='bbox 962 4514 994 4578; x_wconf 91' lang='lat' dir='ltr'><strong>io</strong></span> <span class='ocrx_word' id='word_1_274' title='bbox 1014 4513 1079 4577; x_wconf 89' lang='lat' dir='ltr'><strong>suis</strong></span> <span class='ocrx_word' id='word_1_275' title='bbox 1095 4515 1223 4594; x_wconf 88' lang='lat' dir='ltr'><strong>scriptis</strong></span> <span class='ocrx_word' id='word_1_276' title='bbox 1237 4531 1275 4578; x_wconf 90' lang='lat' dir='ltr'><strong>ac</strong></span> 
     </span>
    </p>

    <p class='ocr_par' dir='ltr' id='par_1_5' title="bbox 289 4611 420 4678">
     <span class='ocr_line' id='line_1_39' title="bbox 289 4611 420 4678; baseline -0.031 0"><span class='ocrx_word' id='word_1_277' title='bbox 289 4612 350 4678; x_wconf 82' lang='lat' dir='ltr'><strong>Vol.</strong></span> <span class='ocrx_word' id='word_1_278' title='bbox 373 4611 420 4674; x_wconf 84' lang='lat'><strong>11.</strong></span> 
     </span>
    </p>
   </div>
   <div class='ocr_carea' id='block_1_3' title="bbox 0 0 1694 5567">
    <p class='ocr_par' dir='ltr' id='par_1_6' title="bbox 0 0 1694 5567">
     <span class='ocr_line' id='line_1_40' title="bbox 0 0 1694 5567; baseline 0 0"><span class='ocrx_word' id='word_1_279' title='bbox 0 0 1694 5567; x_wconf 95' lang='lat' dir='ltr'><strong> </strong></span> 
     </span>
    </p>
   </div>
  </div>
 </body>
</html>
