3375 5567
438 795 513 862 Sola
536 812 674 875 namque
695 790 859 857 Trinitatis
879 790 1055 856 substantia
1078 800 1138 868 est,
1161 809 1246 876 quaa
1268 813 1328 859 uon
1350 795 1537 863 extrinsecus

438 904 570 979 accepta
590 893 855 969 sanctideatlene,
878 892 933 956 sed
954 894 1004 957 sul
1027 904 1142 958 natura
1163 898 1204 959 sit
1224 904 1344 959 sancta.
1367 916 1383 955 a
1406 894 1537 979 Denique

437 1002 470 1062 in
491 997 699 1079 Expostueee
721 995 975 1059 l’roserbiernm
998 1014 1026 1059 c.
1050 994 1154 1061 xxti.
1178 998 1213 1077 (a
1236 996 1398 1063 cardinali
1425 999 1538 1079 duqelo

435 1099 526 1182 biaje
547 1100 654 1177 edite)
675 1099 808 1162 scribit:
826 1098 1034 1179 «Praecipue
1058 1117 1135 1163 vero
1158 1100 1219 1165 boe
1241 1100 1476 1168 observandum
1497 1112 1537 1167 est

437 1205 523 1267 circa
546 1210 689 1266 sanctam
704 1199 911 1265 Trinitatem:
933 1218 1006 1263 nam
1021 1202 1076 1281 qui
1100 1198 1203 1266 Deum
1219 1220 1282 1267 non
1302 1204 1381 1267 dicit
1401 1202 1539 1267 Sanctum

439 1306 615 1386 Spiritum,
636 1305 792 1386 baptisma
814 1302 954 1367 destruit
964 1324 975 1382 3
999 1303 1054 1383 qui
1085 1322 1163 1367 vero
1183 1303 1265 1368 allos
1289 1304 1445 1387 quosdam
1466 1304 1539 1369 liena

437 1409 594 1481 nominat,
616 1408 643 1469 is
664 1404 799 1469 deorum
823 1406 982 1487 populum
1004 1405 1191 1470 introducit.
1214 1426 1231 1465 e

518 1507 569 1571 Ex
585 1508 633 1570 bis
648 1508 777 1571 interim
792 1516 859 1569 tam
875 1505 1047 1571 mauiiestis
1069 1507 1319 1583 elocutionibus,
1337 1510 1456 1591 quibua
1474 1530 1541 1575 suos

439 1612 541 1675 libros
570 1611 782 1674 commnrrisil
802 1608 978 1691 Origenes,
1002 1608 1197 1688 deducitur,
1220 1613 1365 1675 emnium
1397 1614 1541 1677 rationem

438 1731 548 1777 rerem
563 1711 734 1791 complecti
750 1709 869 1773 Filium
891 1712 986 1776 sicuti
1002 1720 1034 1775 et
1050 1710 1201 1791 l'atrem5
1217 1714 1261 1777 ita
1278 1712 1384 1779 Patris
1406 1715 1542 1779 velunta-

438 1822 500 1877 tem
523 1830 640 1894 capere
662 1809 782 1874 Filium
803 1811 879 1873 item
902 1818 934 1874 et
958 1809 1114 1891 Spiritum
1136 1813 1303 1893 Sanctum3
1326 1815 1465 1896 amplios
1486 1834 1542 1878 ma·

440 1914 597 1995 guiledini
620 1913 724 1977 Patris
750 1914 946 1992 participare
969 1910 1086 1977 Filium
1099 1934 1110 1993 ;
1131 1914 1282 1979 similiter
1305 1916 1459 1979 rirtetem
1483 1932 1542 1979 nm

438 2034 509 2080 nem
524 2024 556 2079 et
577 2016 766 2095 sapientiam
780 2031 843 2079 oca
865 2033 941 2079 cum
956 2013 1053 2079 Patra
1076 2016 1279 2096 praeseferre
1293 2014 1418 2081 Filium
1438 2026 1470 2081 el
1481 2015 1541 2097 Spi-

438 2122 537 2184 ritum
558 2118 712 2184 Sanctum
722 2138 735 2197 3
757 2134 796 2179 ac
816 2118 993 2182 sanctitatis
1016 2120 1113 2185 totius
1136 2118 1256 2183 lentem
1277 2118 1376 2183 simul
1400 2136 1474 2183 cum
1495 2114 1544 2179 l’a·

308 2235 315 2245 ·
437 2232 487 2285 tre
507 2238 576 2284 esse
599 2217 718 2284 Filium
739 2230 813 2283 cnm
834 2216 959 2298 Spiritu
981 2219 1110 2296 Sancto,
1133 2220 1219 2285 omni
1234 2220 1352 2302 quavis
1373 2221 1544 2301 interipaos

435 2321 563 2387 soblata
583 2321 652 2384 sire
676 2321 840 2399 temporis,
863 2320 932 2384 sire
952 2320 1141 2400 quantitatis
1162 2321 1379 2399 distinctione,
1401 2321 1468 2387 sire
1494 2321 1543 2381 im·

353 2473 355 2477 .
436 2422 613 2487 mansitatis
632 2423 664 2484 in
685 2440 801 2487 eorum
823 2423 970 2487 essentia.

516 2520 631 2599 Quiris
652 2523 762 2602 itaque
783 2521 970 2602 bujosmedi
993 2520 1192 2605 perpendens
1214 2522 1397 2589 testimonia
1426 2530 1543 2603 praeter

435 2642 488 2698 ea,
508 2641 593 2703 quae
614 2622 781 2687 brevitatis
803 2640 900 2687 eausa
922 2624 1037 2689 omissa
1059 2632 1150 2699 sunt,
1171 2642 1233 2687 noo
1254 2622 1385 2702 dubito,
1408 2624 1483 2703 quin
1496 2620 1542 2682 ad·

436 2724 568 2789 medum
590 2723 748 2798 miretur,
770 2722 936 2803 quomedo
958 2723 1033 2787 talia
1055 2723 1210 2805 Origenes
1236 2726 1385 2806 potuerit
1406 2724 1541 2789 incitata

436 2826 587 2907 pericope
608 2832 674 2889 tam
696 2824 774 2889 laisa
798 2825 986 2898 inscribere,
1011 2834 1074 2889 tam
1099 2828 1262 2890 contraria
1286 2827 1344 2903 lis,
1368 2843 1454 2909 quae
1473 2822 1539 2887 alibi

435 2927 564 3008 saepius
583 2942 623 2991 ae
642 2926 842 3006 apertissime
863 2924 903 2989 de
924 2924 1040 2990 divinis
1062 2924 1209 2991 Perennis
1228 2927 1325 3009 juxta
1348 2944 1478 2993 sensum
1498 2940 1541 2986 ca·

435 3030 595 3094 tbolicum
615 3027 782 3093 confessus
801 3034 860 3091 ast.
880 3025 1002 3109 Stuper
1017 3036 1126 3094 antam
1148 3037 1301 3110 augetur,
1323 3031 1350 3092 si
1374 3028 1543 3093 considere·

436 3137 504 3207 tur,
526 3128 675 3194 eumdem
698 3129 798 3208 paulo
818 3136 893 3191 ante
921 3145 958 3193 ac
981 3128 1081 3209 paulo
1108 3139 1179 3210 pest
1200 3130 1239 3193 de
1260 3131 1376 3195 eadern
1401 3149 1436 3193 rs
1460 3128 1543 3191 aliter

433 3233 570 3294 sensisse
589 3232 631 3293 ab
650 3248 705 3304 eo,
725 3231 812 3310 quod
836 3230 867 3293 in
889 3230 954 3310 ipsa
976 3231 1127 3311 pericope
1149 3231 1246 3312 impie
1268 3232 1393 3295 docuit.
1411 3230 1539 3309 Quamo-

436 3334 590 3397 bremcx
611 3352 678 3413 qno
700 3333 754 3397 btc
774 3334 884 3412 agitor
904 3350 981 3397 unm
1004 3331 1151 3397 Rudinus
1171 3352 1212 3399 an
1234 3332 1454 3417 Hieronymus
1474 3332 1541 3393 iute-

436 3454 530 3516 qrnm
554 3435 756 3508 tradiderint,
778 3453 837 3499 sen
855 3436 1009 3499 verterint
1032 3454 1073 3499 ea
1095 3453 1213 3515 graeco
1236 3436 1324 3501 tonte
1339 3434 1488 3515 origenis
1505 3442 1541 3493 ts·

438 3544 554 3616 xtnm;
576 3554 634 3599 seu
658 3554 699 3599 ιιι
725 3535 844 3601 Rudini
870 3536 973 3601 codex
999 3554 1134 3617 graecus
1156 3536 1210 3601 alii
1237 3544 1432 3618 praestaret,
1453 3550 1539 3616 qoem

440 3654 519 3719 prae
540 3639 687 3702 manibus
719 3638 832 3702 babuit
846 3632 1080 3723 ‘Hieronymus
1092 3660 1104 3719 ;
1126 3638 1248 3719 duplici
1274 3640 1402 3703 ratione
1434 3632 1540 3701 nonu

439 3738 544 3803 codex
557 3739 713 3802 sincerior
729 3738 895 3803 habendus
917 3741 989 3803 erit.
1008 3738 1128 3815 Primo,
1150 3740 1239 3820 quod
1255 3740 1346 3805 istius
1369 3738 1473 3803 versio
1486 3750 1539 3799 nou

440 3839 589 3904 admittat
609 3848 674 3903 tam
696 3840 849 3916 absurda,
872 3840 1072 3922 proindeque
1090 3842 1216 3921 penitus
1237 3843 1407 3905 contextui
1428 3852 1541 3903 secem·

438 3942 614 4007 medetur:
636 3942 791 4018 secundo,
814 3942 902 4024 quod
933 3941 1101 4007 uniformis
1126 3942 1253 4007 incedat
1272 3941 1424 4022 Origenis
1443 3934 1539 4003 sensui

437 4042 514 4105 alibi
531 4041 631 4121 prebe
650 4060 817 4121 expresso.

515 4141 558 4207 Ut
571 4151 681 4208 antem
703 4144 904 4209 haecomnia
920 4146 1043 4213 cunctis
1061 4150 1201 4224 pateant,
1221 4142 1445 4224 investigatum
1467 4140 1540 4203 inea·

439 4262 510 4308 mus
541 4241 661 4307 liulilni
692 4244 894 4321 versionem,
924 4245 1019 4310 alteri
1050 4243 1239 4331 Hieronymi
1260 4253 1292 4309 et
1324 4242 1486 4326 Epistolae
1504 4234 1537 4299 ad

439 4342 589 4409 Hennam
624 4344 837 4409 conterentes.
867 4343 973 4409 Verba
1005 4345 1170 4427 Epistolas
1198 4363 1298 4429 supra
1328 4344 1537 4425 exposuimus.

436 4440 533 4521 Quae
553 4453 663 4509 autem
691 4443 842 4510 Rudinus
862 4445 949 4509 dedit
979 4447 1022 4509 ita
1043 4466 1077 4511 se
1099 4446 1238 4509 babent:
1259 4467 1276 4505 ι
1296 4444 1450 4509 Arbitror
1470 4452 1540 4517 erqo

440 4550 660 4627 operationem
682 4546 815 4629 quidem
828 4564 897 4613 esse
921 4545 1025 4613 Petris
1045 4556 1078 4613 et
1093 4546 1167 4611 Filii
1190 4558 1254 4613 tam
1267 4548 1300 4611 in
1319 4546 1435 4611 sanctis
1449 4552 1535 4623 quau
