<?xml version="1.0" encoding="UTF-8"?>
<!DOCTYPE html PUBLIC "-//W3C//DTD XHTML 1.0 Transitional//EN"
    "http://www.w3.org/TR/xhtml1/DTD/xhtml1-transitional.dtd">
<html xmlns="http://www.w3.org/1999/xhtml" xml:lang="en" lang="en">
 <head>
  <title>
</title>
<meta http-equiv="Content-Type" content="text/html;charset=utf-8" />
  <meta name='ocr-system' content='tesseract 3.04.00' />
  <meta name='ocr-capabilities' content='ocr_page ocr_carea ocr_par ocr_line ocrx_word'/>
</head>
<body>
  <div class='ocr_page' id='page_1' title='image "./insgregoriinyss02vincgoog/insgregoriinyss02vincgoog_0142.png"; bbox 0 0 3375 5567; ppageno 0'>
   <div class='ocr_carea' id='block_1_1' title="bbox 385 773 1588 3787">
    <p class='ocr_par' dir='ltr' id='par_1_1' title="bbox 444 773 1540 957">
     <span class='ocr_line' id='line_1_1' title="bbox 444 773 1540 856; baseline 0.008 -20"><span class='ocrx_word' id='word_1_1' title='bbox 444 776 639 855; x_wconf 73' lang='lat' dir='ltr'><strong>septimius,</strong></span> <span class='ocrx_word' id='word_1_2' title='bbox 660 779 823 856; x_wconf 70' lang='lat' dir='ltr'><strong>purgetur</strong></span> <span class='ocrx_word' id='word_1_3' title='bbox 847 777 888 838; x_wconf 85' lang='lat' dir='ltr'><strong>ub</strong></span> <span class='ocrx_word' id='word_1_4' title='bbox 909 773 1111 839; x_wconf 79' lang='lat' dir='ltr'><strong>immunditia</strong></span> <span class='ocrx_word' id='word_1_5' title='bbox 1131 791 1212 849; x_wconf 78' lang='lat' dir='ltr'><strong>rus,</strong></span> <span class='ocrx_word' id='word_1_6' title='bbox 1234 788 1354 856; x_wconf 82' lang='lat' dir='ltr'><strong>quem,</strong></span> <span class='ocrx_word' id='word_1_7' title='bbox 1384 774 1540 845; x_wconf 84' lang='lat' dir='ltr'><strong>ioemlusn</strong></span> 
     </span>
     <span class='ocr_line' id='line_1_2' title="bbox 446 877 850 957; baseline -0.012 -19"><span class='ocrx_word' id='word_1_8' title='bbox 446 877 615 957; x_wconf 83' lang='lat' dir='ltr'><strong>periendo,</strong></span> <span class='ocrx_word' id='word_1_9' title='bbox 635 877 809 940; x_wconf 80' lang='lat' dir='ltr'><strong>contruxit.</strong></span> <span class='ocrx_word' id='word_1_10' title='bbox 833 896 850 933; x_wconf 73' lang='lat' dir='ltr'><strong>s</strong></span> 
     </span>
    </p>

    <p class='ocr_par' dir='ltr' id='par_1_2' title="bbox 385 977 1588 3787">
     <span class='ocr_line' id='line_1_3' title="bbox 521 977 1541 1061; baseline 0.004 -20"><span class='ocrx_word' id='word_1_11' title='bbox 521 977 604 1041; x_wconf 84' lang='lat' dir='ltr'><strong>ilinc</strong></span> <span class='ocrx_word' id='word_1_12' title='bbox 623 996 733 1054; x_wconf 78' lang='lat' dir='ltr'><strong>erues,</strong></span> <span class='ocrx_word' id='word_1_13' title='bbox 754 978 921 1059; x_wconf 83' lang='lat' dir='ltr'><strong>quomodo</strong></span> <span class='ocrx_word' id='word_1_14' title='bbox 939 978 1097 1059; x_wconf 76' lang='lat' dir='ltr'><strong>Origenes</strong></span> <span class='ocrx_word' id='word_1_15' title='bbox 1113 986 1281 1059; x_wconf 76' lang='lat' dir='ltr'><strong>peccatum</strong></span> <span class='ocrx_word' id='word_1_16' title='bbox 1302 980 1334 1042; x_wconf 91' lang='lat' dir='ltr'><strong>in</strong></span> <span class='ocrx_word' id='word_1_17' title='bbox 1355 997 1462 1057; x_wconf 81' lang='lat' dir='ltr'><strong>cerno,</strong></span> <span class='ocrx_word' id='word_1_18' title='bbox 1483 1000 1541 1061; x_wconf 85' lang='lat' dir='ltr'><strong>quo</strong></span> 
     </span>
     <span class='ocr_line' id='line_1_4' title="bbox 443 1080 1545 1161; baseline 0.004 -18"><span class='ocrx_word' id='word_1_19' title='bbox 443 1082 597 1161; x_wconf 73' lang='lat' dir='ltr'><strong>expiatur</strong></span> <span class='ocrx_word' id='word_1_20' title='bbox 619 1082 717 1143; x_wconf 86' lang='lat' dir='ltr'><strong>bomo</strong></span> <span class='ocrx_word' id='word_1_21' title='bbox 739 1081 771 1142; x_wconf 93' lang='lat' dir='ltr'><strong>in</strong></span> <span class='ocrx_word' id='word_1_22' title='bbox 793 1080 938 1159; x_wconf 76' lang='lat' dir='ltr'><strong>ingressu</strong></span> <span class='ocrx_word' id='word_1_23' title='bbox 962 1080 1065 1145; x_wconf 83' lang='lat' dir='ltr'><strong>tutori</strong></span> <span class='ocrx_word' id='word_1_24' title='bbox 1086 1081 1188 1143; x_wconf 91' lang='lat' dir='ltr'><strong>seculi</strong></span> <span class='ocrx_word' id='word_1_25' title='bbox 1212 1080 1261 1145; x_wconf 79' lang='lat' dir='ltr'><strong>vel</strong></span> <span class='ocrx_word' id='word_1_26' title='bbox 1293 1081 1403 1157; x_wconf 85' lang='lat' dir='ltr'><strong>ultro,</strong></span> <span class='ocrx_word' id='word_1_27' title='bbox 1433 1082 1484 1145; x_wconf 88' lang='lat' dir='ltr'><strong>sed</strong></span> <span class='ocrx_word' id='word_1_28' title='bbox 1506 1092 1545 1147; x_wconf 84' lang='lat' dir='ltr'><strong>tc·</strong></span> 
     </span>
     <span class='ocr_line' id='line_1_5' title="bbox 443 1180 1547 1262; baseline 0.001 -17"><span class='ocrx_word' id='word_1_29' title='bbox 443 1202 515 1245; x_wconf 90' lang='lat' dir='ltr'><strong>meo</strong></span> <span class='ocrx_word' id='word_1_30' title='bbox 536 1191 610 1245; x_wconf 84' lang='lat' dir='ltr'><strong>ente</strong></span> <span class='ocrx_word' id='word_1_31' title='bbox 627 1181 788 1262; x_wconf 84' lang='lat' dir='ltr'><strong>judicium</strong></span> <span class='ocrx_word' id='word_1_32' title='bbox 804 1180 1026 1257; x_wconf 84' lang='lat' dir='ltr'><strong>novissimum,</strong></span> <span class='ocrx_word' id='word_1_33' title='bbox 1048 1181 1253 1262; x_wconf 71' lang='lat' dir='ltr'><strong>distinguetis</strong></span> <span class='ocrx_word' id='word_1_34' title='bbox 1271 1182 1436 1246; x_wconf 78' lang='lat' dir='ltr'><strong>voluutste</strong></span> <span class='ocrx_word' id='word_1_35' title='bbox 1454 1184 1547 1247; x_wconf 88' lang='lat' dir='ltr'><strong>bomi-</strong></span> 
     </span>
     <span class='ocr_line' id='line_1_6' title="bbox 442 1281 1544 1364; baseline 0.002 -19"><span class='ocrx_word' id='word_1_36' title='bbox 442 1284 491 1346; x_wconf 86' lang='lat' dir='ltr'><strong>nis</strong></span> <span class='ocrx_word' id='word_1_37' title='bbox 505 1285 697 1363; x_wconf 78' lang='lat' dir='ltr'><strong>peccatrice.</strong></span> <span class='ocrx_word' id='word_1_38' title='bbox 721 1282 753 1347; x_wconf 90' lang='lat' dir='ltr'><strong>Si</strong></span> <span class='ocrx_word' id='word_1_39' title='bbox 776 1298 915 1361; x_wconf 82' lang='lat' dir='ltr'><strong>nomque</strong></span> <span class='ocrx_word' id='word_1_40' title='bbox 935 1283 1002 1362; x_wconf 88' lang='lat' dir='ltr'><strong>ipsc</strong></span> <span class='ocrx_word' id='word_1_41' title='bbox 1023 1299 1086 1343; x_wconf 91' lang='lat' dir='ltr'><strong>non</strong></span> <span class='ocrx_word' id='word_1_42' title='bbox 1101 1299 1206 1363; x_wconf 85' lang='lat' dir='ltr'><strong>seque</strong></span> <span class='ocrx_word' id='word_1_43' title='bbox 1220 1281 1415 1348; x_wconf 73' lang='lat' dir='ltr'><strong>distinxisset</strong></span> <span class='ocrx_word' id='word_1_44' title='bbox 1427 1285 1544 1364; x_wconf 82' lang='lat' dir='ltr'><strong>culpem</strong></span> 
     </span>
     <span class='ocr_line' id='line_1_7' title="bbox 442 1382 1543 1463; baseline 0.004 -18"><span class='ocrx_word' id='word_1_45' title='bbox 442 1384 485 1445; x_wconf 87' lang='lat' dir='ltr'><strong>sb</strong></span> <span class='ocrx_word' id='word_1_46' title='bbox 504 1383 719 1458; x_wconf 82' lang='lat' dir='ltr'><strong>immunditie,</strong></span> <span class='ocrx_word' id='word_1_47' title='bbox 741 1401 806 1463; x_wconf 82' lang='lat' dir='ltr'><strong>qus</strong></span> <span class='ocrx_word' id='word_1_48' title='bbox 826 1384 1009 1445; x_wconf 80' lang='lat' dir='ltr'><strong>hnmanitas</strong></span> <span class='ocrx_word' id='word_1_49' title='bbox 1030 1391 1139 1445; x_wconf 82' lang='lat' dir='ltr'><strong>nostro</strong></span> <span class='ocrx_word' id='word_1_50' title='bbox 1162 1384 1235 1446; x_wconf 90' lang='lat' dir='ltr'><strong>ideo</strong></span> <span class='ocrx_word' id='word_1_51' title='bbox 1250 1382 1401 1449; x_wconf 84' lang='lat' dir='ltr'><strong>sdicitur:</strong></span> <span class='ocrx_word' id='word_1_52' title='bbox 1417 1393 1449 1447; x_wconf 91' lang='lat' dir='ltr'><strong>et</strong></span> <span class='ocrx_word' id='word_1_53' title='bbox 1468 1384 1543 1449; x_wconf 88' lang='lat' dir='ltr'><strong>unde</strong></span> 
     </span>
     <span class='ocr_line' id='line_1_8' title="bbox 430 1484 1546 1565; baseline -0.006 -13"><span class='ocrx_word' id='word_1_54' title='bbox 430 1487 510 1565; x_wconf 63' lang='lat' dir='ltr'><strong>,ipsu</strong></span> <span class='ocrx_word' id='word_1_55' title='bbox 532 1486 728 1551; x_wconf 87' lang='lat' dir='ltr'><strong>insecundo</strong></span> <span class='ocrx_word' id='word_1_56' title='bbox 750 1493 822 1565; x_wconf 90' lang='lat' dir='ltr'><strong>post</strong></span> <span class='ocrx_word' id='word_1_57' title='bbox 851 1485 976 1548; x_wconf 91' lang='lat' dir='ltr'><strong>obitum</strong></span> <span class='ocrx_word' id='word_1_58' title='bbox 998 1502 1080 1547; x_wconf 80' lang='lat' dir='ltr'><strong>sero</strong></span> <span class='ocrx_word' id='word_1_59' title='bbox 1101 1485 1286 1560; x_wconf 75' lang='lat' dir='ltr'><strong>lustretur,</strong></span> <span class='ocrx_word' id='word_1_60' title='bbox 1307 1493 1345 1547; x_wconf 94' lang='lat' dir='ltr'><strong>ut</strong></span> <span class='ocrx_word' id='word_1_61' title='bbox 1373 1485 1488 1549; x_wconf 89' lang='lat' dir='ltr'><strong>muuds</strong></span> <span class='ocrx_word' id='word_1_62' title='bbox 1507 1484 1546 1545; x_wconf 90' lang='lat' dir='ltr'><strong>iu·</strong></span> 
     </span>
     <span class='ocr_line' id='line_1_9' title="bbox 443 1584 1545 1665; baseline 0 -20"><span class='ocrx_word' id='word_1_63' title='bbox 443 1586 593 1648; x_wconf 85' lang='lat' dir='ltr'><strong>venietur</strong></span> <span class='ocrx_word' id='word_1_64' title='bbox 623 1587 653 1647; x_wconf 93' lang='lat' dir='ltr'><strong>in</strong></span> <span class='ocrx_word' id='word_1_65' title='bbox 676 1587 923 1649; x_wconf 87' lang='lat' dir='ltr'><strong>resurrectionis</strong></span> <span class='ocrx_word' id='word_1_66' title='bbox 950 1584 1019 1660; x_wconf 94' lang='lat' dir='ltr'><strong>die,</strong></span> <span class='ocrx_word' id='word_1_67' title='bbox 1043 1594 1120 1647; x_wconf 93' lang='lat' dir='ltr'><strong>tunc</strong></span> <span class='ocrx_word' id='word_1_68' title='bbox 1148 1586 1179 1648; x_wconf 91' lang='lat' dir='ltr'><strong>in</strong></span> <span class='ocrx_word' id='word_1_69' title='bbox 1201 1592 1345 1665; x_wconf 81' lang='lat' dir='ltr'><strong>sperlsm</strong></span> <span class='ocrx_word' id='word_1_70' title='bbox 1372 1584 1545 1663; x_wconf 72' lang='lat' dir='ltr'><strong>antilogium</strong></span> 
     </span>
     <span class='ocr_line' id='line_1_10' title="bbox 385 1685 1545 1767; baseline -0.003 -18"><span class='ocrx_word' id='word_1_71' title='bbox 385 1762 387 1766; x_wconf 85' lang='lat'>.</span> <span class='ocrx_word' id='word_1_72' title='bbox 440 1688 611 1750; x_wconf 75' lang='lat' dir='ltr'><strong>laberetur</strong></span> <span class='ocrx_word' id='word_1_73' title='bbox 641 1686 807 1767; x_wconf 72' lang='lat' dir='ltr'><strong>Origenes.</strong></span> <span class='ocrx_word' id='word_1_74' title='bbox 831 1687 934 1751; x_wconf 75' lang='lat' dir='ltr'><strong>Antea</strong></span> <span class='ocrx_word' id='word_1_75' title='bbox 965 1688 1050 1750; x_wconf 90' lang='lat' dir='ltr'><strong>enim</strong></span> <span class='ocrx_word' id='word_1_76' title='bbox 1072 1687 1154 1752; x_wconf 81' lang='lat' dir='ltr'><strong>dixit</strong></span> <span class='ocrx_word' id='word_1_77' title='bbox 1185 1694 1352 1767; x_wconf 78' lang='lat' dir='ltr'><strong>peccatum</strong></span> <span class='ocrx_word' id='word_1_78' title='bbox 1380 1685 1444 1750; x_wconf 83' lang='lat' dir='ltr'><strong>telo</strong></span> <span class='ocrx_word' id='word_1_79' title='bbox 1463 1702 1545 1755; x_wconf 85' lang='lat' dir='ltr'><strong>esse,</strong></span> 
     </span>
     <span class='ocr_line' id='line_1_11' title="bbox 438 1786 1548 1869; baseline -0.005 -18"><span class='ocrx_word' id='word_1_80' title='bbox 438 1789 526 1869; x_wconf 82' lang='lat' dir='ltr'><strong>quod</strong></span> <span class='ocrx_word' id='word_1_81' title='bbox 548 1804 714 1866; x_wconf 71' lang='lat' dir='ltr'><strong>nunquam</strong></span> <span class='ocrx_word' id='word_1_82' title='bbox 736 1788 914 1850; x_wconf 82' lang='lat' dir='ltr'><strong>remittitur</strong></span> <span class='ocrx_word' id='word_1_83' title='bbox 934 1789 967 1851; x_wconf 91' lang='lat' dir='ltr'><strong>in</strong></span> <span class='ocrx_word' id='word_1_84' title='bbox 988 1789 1050 1851; x_wconf 89' lang='lat' dir='ltr'><strong>boc</strong></span> <span class='ocrx_word' id='word_1_85' title='bbox 1070 1789 1182 1852; x_wconf 84' lang='lat' dir='ltr'><strong>seculo</strong></span> <span class='ocrx_word' id='word_1_86' title='bbox 1204 1806 1309 1868; x_wconf 85' lang='lat' dir='ltr'><strong>neque</strong></span> <span class='ocrx_word' id='word_1_87' title='bbox 1330 1788 1361 1849; x_wconf 91' lang='lat' dir='ltr'><strong>io</strong></span> <span class='ocrx_word' id='word_1_88' title='bbox 1383 1786 1506 1863; x_wconf 88' lang='lat' dir='ltr'><strong>luluro;</strong></span> <span class='ocrx_word' id='word_1_89' title='bbox 1520 1791 1548 1846; x_wconf 91' lang='lat' dir='ltr'><strong>et</strong></span> 
     </span>
     <span class='ocr_line' id='line_1_12' title="bbox 440 1888 1588 1970; baseline -0.004 -18"><span class='ocrx_word' id='word_1_90' title='bbox 440 1888 547 1952; x_wconf 82' lang='lat' dir='ltr'><strong>stetim</strong></span> <span class='ocrx_word' id='word_1_91' title='bbox 563 1897 672 1968; x_wconf 83' lang='lat' dir='ltr'><strong>postea</strong></span> <span class='ocrx_word' id='word_1_92' title='bbox 693 1888 803 1951; x_wconf 86' lang='lat' dir='ltr'><strong>subdit</strong></span> <span class='ocrx_word' id='word_1_93' title='bbox 824 1897 896 1968; x_wconf 90' lang='lat' dir='ltr'><strong>post</strong></span> <span class='ocrx_word' id='word_1_94' title='bbox 917 1890 1044 1952; x_wconf 83' lang='lat' dir='ltr'><strong>tertium</strong></span> <span class='ocrx_word' id='word_1_95' title='bbox 1059 1891 1267 1970; x_wconf 86' lang='lat' dir='ltr'><strong>septimeosm</strong></span> <span class='ocrx_word' id='word_1_96' title='bbox 1284 1888 1417 1968; x_wconf 74' lang='lat' dir='ltr'><strong>purgari</strong></span> <span class='ocrx_word' id='word_1_97' title='bbox 1438 1888 1477 1950; x_wconf 83' lang='lat' dir='ltr'><strong>eb</strong></span> <span class='ocrx_word' id='word_1_98' title='bbox 1496 1888 1547 1948; x_wconf 92' lang='lat' dir='ltr'><strong>im·</strong></span> <span class='ocrx_word' id='word_1_99' title='bbox 1587 1956 1588 1963; x_wconf 7' lang='grc' dir='ltr'>ἵ</span> 
     </span>
     <span class='ocr_line' id='line_1_13' title="bbox 440 1988 1544 2069; baseline -0.005 -16"><span class='ocrx_word' id='word_1_100' title='bbox 440 1990 597 2053; x_wconf 83' lang='lat' dir='ltr'><strong>munditie</strong></span> <span class='ocrx_word' id='word_1_101' title='bbox 621 2007 694 2053; x_wconf 57' lang='lat' dir='ltr'><strong>suos</strong></span> <span class='ocrx_word' id='word_1_102' title='bbox 717 1988 870 2054; x_wconf 85' lang='lat' dir='ltr'><strong>Ceterum</strong></span> <span class='ocrx_word' id='word_1_103' title='bbox 895 1990 921 2053; x_wconf 89' lang='lat' dir='ltr'><strong>si</strong></span> <span class='ocrx_word' id='word_1_104' title='bbox 944 1990 987 2054; x_wconf 91' lang='lat' dir='ltr'><strong>ibi</strong></span> <span class='ocrx_word' id='word_1_105' title='bbox 1009 2008 1157 2053; x_wconf 77' lang='lat' dir='ltr'><strong>secernas</strong></span> <span class='ocrx_word' id='word_1_106' title='bbox 1189 1996 1357 2069; x_wconf 85' lang='lat' dir='ltr'><strong>peccetum</strong></span> <span class='ocrx_word' id='word_1_107' title='bbox 1379 1990 1413 2051; x_wconf 92' lang='lat' dir='ltr'><strong>iu</strong></span> <span class='ocrx_word' id='word_1_108' title='bbox 1437 2004 1544 2059; x_wconf 76' lang='lat' dir='ltr'><strong>carue,</strong></span> 
     </span>
     <span class='ocr_line' id='line_1_14' title="bbox 441 2087 1546 2171; baseline -0.006 -17"><span class='ocrx_word' id='word_1_109' title='bbox 441 2109 509 2171; x_wconf 81' lang='lat' dir='ltr'><strong>quo</strong></span> <span class='ocrx_word' id='word_1_110' title='bbox 521 2099 638 2155; x_wconf 81' lang='lat' dir='ltr'><strong>ueturs</strong></span> <span class='ocrx_word' id='word_1_111' title='bbox 654 2093 794 2155; x_wconf 87' lang='lat' dir='ltr'><strong>bumsoo</strong></span> <span class='ocrx_word' id='word_1_112' title='bbox 816 2092 959 2166; x_wconf 86' lang='lat' dir='ltr'><strong>luberet,</strong></span> <span class='ocrx_word' id='word_1_113' title='bbox 974 2091 1129 2171; x_wconf 88' lang='lat' dir='ltr'><strong>qnodque</strong></span> <span class='ocrx_word' id='word_1_114' title='bbox 1151 2092 1252 2171; x_wconf 69' lang='lat' dir='ltr'><strong>magis</strong></span> <span class='ocrx_word' id='word_1_115' title='bbox 1267 2090 1320 2153; x_wconf 81' lang='lat' dir='ltr'><strong>rel</strong></span> <span class='ocrx_word' id='word_1_116' title='bbox 1335 2090 1441 2153; x_wconf 87' lang='lat' dir='ltr'><strong>minus</strong></span> <span class='ocrx_word' id='word_1_117' title='bbox 1452 2087 1546 2151; x_wconf 82' lang='lat' dir='ltr'><strong>cosle·</strong></span> 
     </span>
     <span class='ocr_line' id='line_1_15' title="bbox 441 2192 1545 2274; baseline -0.006 -18"><span class='ocrx_word' id='word_1_118' title='bbox 441 2196 502 2256; x_wconf 89' lang='lat' dir='ltr'><strong>scit</strong></span> <span class='ocrx_word' id='word_1_119' title='bbox 523 2194 555 2255; x_wconf 90' lang='lat' dir='ltr'><strong>iu</strong></span> <span class='ocrx_word' id='word_1_120' title='bbox 575 2196 666 2256; x_wconf 87' lang='lat' dir='ltr'><strong>nobis</strong></span> <span class='ocrx_word' id='word_1_121' title='bbox 678 2194 774 2274; x_wconf 78' lang='lat' dir='ltr'><strong>juxto</strong></span> <span class='ocrx_word' id='word_1_122' title='bbox 796 2198 888 2257; x_wconf 81' lang='lat' dir='ltr'><strong>ectus</strong></span> <span class='ocrx_word' id='word_1_123' title='bbox 903 2201 1046 2266; x_wconf 86' lang='lat' dir='ltr'><strong>nostros,</strong></span> <span class='ocrx_word' id='word_1_124' title='bbox 1068 2192 1225 2272; x_wconf 81' lang='lat' dir='ltr'><strong>quodque</strong></span> <span class='ocrx_word' id='word_1_125' title='bbox 1242 2192 1367 2255; x_wconf 81' lang='lat' dir='ltr'><strong>taudem</strong></span> <span class='ocrx_word' id='word_1_126' title='bbox 1392 2198 1545 2271; x_wconf 88' lang='lat' dir='ltr'><strong>postmor-</strong></span> 
     </span>
     <span class='ocr_line' id='line_1_16' title="bbox 440 2288 1545 2375; baseline -0.007 -18"><span class='ocrx_word' id='word_1_127' title='bbox 440 2302 504 2357; x_wconf 89' lang='lat' dir='ltr'><strong>tem</strong></span> <span class='ocrx_word' id='word_1_128' title='bbox 526 2296 654 2375; x_wconf 87' lang='lat' dir='ltr'><strong>penitus</strong></span> <span class='ocrx_word' id='word_1_129' title='bbox 674 2294 881 2369; x_wconf 68' lang='lat' dir='ltr'><strong>sustolletur,</strong></span> <span class='ocrx_word' id='word_1_130' title='bbox 905 2301 943 2356; x_wconf 92' lang='lat' dir='ltr'><strong>ut</strong></span> <span class='ocrx_word' id='word_1_131' title='bbox 962 2293 1215 2373; x_wconf 86' lang='lat' dir='ltr'><strong>incorruptibilis</strong></span> <span class='ocrx_word' id='word_1_132' title='bbox 1237 2292 1293 2355; x_wconf 90' lang='lat' dir='ltr'><strong>list</strong></span> <span class='ocrx_word' id='word_1_133' title='bbox 1311 2299 1343 2355; x_wconf 91' lang='lat' dir='ltr'><strong>et</strong></span> <span class='ocrx_word' id='word_1_134' title='bbox 1363 2288 1545 2353; x_wconf 79' lang='lat' dir='ltr'><strong>immortalis</strong></span> 
     </span>
     <span class='ocr_line' id='line_1_17' title="bbox 439 2390 1546 2476; baseline -0.006 -19"><span class='ocrx_word' id='word_1_135' title='bbox 439 2395 618 2458; x_wconf 76' lang='lat' dir='ltr'><strong>substantio</strong></span> <span class='ocrx_word' id='word_1_136' title='bbox 633 2412 805 2476; x_wconf 83' lang='lat' dir='ltr'><strong>corpores;</strong></span> <span class='ocrx_word' id='word_1_137' title='bbox 820 2396 860 2469; x_wconf 90' lang='lat' dir='ltr'><strong>si,</strong></span> <span class='ocrx_word' id='word_1_138' title='bbox 876 2396 1020 2474; x_wconf 86' lang='lat' dir='ltr'><strong>inquom,</strong></span> <span class='ocrx_word' id='word_1_139' title='bbox 1036 2412 1185 2457; x_wconf 88' lang='lat' dir='ltr'><strong>scceruss</strong></span> <span class='ocrx_word' id='word_1_140' title='bbox 1206 2393 1247 2456; x_wconf 88' lang='lat' dir='ltr'><strong>ub</strong></span> <span class='ocrx_word' id='word_1_141' title='bbox 1261 2392 1366 2455; x_wconf 90' lang='lat' dir='ltr'><strong>sltero</strong></span> <span class='ocrx_word' id='word_1_142' title='bbox 1381 2390 1469 2471; x_wconf 87' lang='lat' dir='ltr'><strong>quod</strong></span> <span class='ocrx_word' id='word_1_143' title='bbox 1484 2406 1546 2469; x_wconf 90' lang='lat' dir='ltr'><strong>pee-</strong></span> 
     </span>
     <span class='ocr_line' id='line_1_18' title="bbox 438 2490 1547 2576; baseline -0.005 -19"><span class='ocrx_word' id='word_1_144' title='bbox 438 2504 549 2558; x_wconf 84' lang='lat' dir='ltr'><strong>ootum</strong></span> <span class='ocrx_word' id='word_1_145' title='bbox 570 2500 703 2576; x_wconf 79' lang='lat' dir='ltr'><strong>proprie</strong></span> <span class='ocrx_word' id='word_1_146' title='bbox 724 2496 844 2560; x_wconf 92' lang='lat' dir='ltr'><strong>dicitur</strong></span> <span class='ocrx_word' id='word_1_147' title='bbox 867 2504 900 2559; x_wconf 91' lang='lat' dir='ltr'><strong>ct</strong></span> <span class='ocrx_word' id='word_1_148' title='bbox 922 2496 954 2557; x_wconf 92' lang='lat' dir='ltr'><strong>in</strong></span> <span class='ocrx_word' id='word_1_149' title='bbox 974 2503 1084 2559; x_wconf 83' lang='lat' dir='ltr'><strong>nostra</strong></span> <span class='ocrx_word' id='word_1_150' title='bbox 1103 2495 1270 2557; x_wconf 84' lang='lat' dir='ltr'><strong>voluutote</strong></span> <span class='ocrx_word' id='word_1_151' title='bbox 1291 2492 1390 2573; x_wconf 76' lang='lat' dir='ltr'><strong>degit,</strong></span> <span class='ocrx_word' id='word_1_152' title='bbox 1407 2490 1547 2571; x_wconf 87' lang='lat' dir='ltr'><strong>quodque</strong></span> 
     </span>
     <span class='ocr_line' id='line_1_19' title="bbox 422 2592 1545 2677; baseline -0.007 -18"><span class='ocrx_word' id='word_1_153' title='bbox 422 2594 498 2659; x_wconf 85' lang='lat' dir='ltr'><strong>nisi</strong></span> <span class='ocrx_word' id='word_1_154' title='bbox 513 2597 544 2659; x_wconf 91' lang='lat' dir='ltr'><strong>in</strong></span> <span class='ocrx_word' id='word_1_155' title='bbox 566 2598 628 2660; x_wconf 85' lang='lat' dir='ltr'><strong>buc</strong></span> <span class='ocrx_word' id='word_1_156' title='bbox 645 2597 708 2658; x_wconf 82' lang='lat' dir='ltr'><strong>vito</strong></span> <span class='ocrx_word' id='word_1_157' title='bbox 723 2615 780 2677; x_wconf 92' lang='lat' dir='ltr'><strong>per</strong></span> <span class='ocrx_word' id='word_1_158' title='bbox 801 2598 1031 2676; x_wconf 86' lang='lat' dir='ltr'><strong>poenitentium</strong></span> <span class='ocrx_word' id='word_1_159' title='bbox 1046 2596 1212 2675; x_wconf 85' lang='lat' dir='ltr'><strong>expietur,</strong></span> <span class='ocrx_word' id='word_1_160' title='bbox 1234 2612 1400 2673; x_wconf 83' lang='lat' dir='ltr'><strong>uunqusm</strong></span> <span class='ocrx_word' id='word_1_161' title='bbox 1417 2592 1545 2663; x_wconf 90' lang='lat' dir='ltr'><strong>deletur,</strong></span> 
     </span>
     <span class='ocr_line' id='line_1_20' title="bbox 439 2694 1546 2778; baseline -0.005 -20"><span class='ocrx_word' id='word_1_162' title='bbox 439 2714 499 2759; x_wconf 86' lang='lat' dir='ltr'><strong>uec</strong></span> <span class='ocrx_word' id='word_1_163' title='bbox 519 2698 696 2778; x_wconf 76' lang='lat' dir='ltr'><strong>aliquando</strong></span> <span class='ocrx_word' id='word_1_164' title='bbox 728 2701 914 2763; x_wconf 92' lang='lat' dir='ltr'><strong>remittetur</strong></span> <span class='ocrx_word' id='word_1_165' title='bbox 934 2700 967 2761; x_wconf 92' lang='lat' dir='ltr'><strong>in</strong></span> <span class='ocrx_word' id='word_1_166' title='bbox 989 2698 1102 2761; x_wconf 85' lang='lat' dir='ltr'><strong>loturo</strong></span> <span class='ocrx_word' id='word_1_167' title='bbox 1122 2696 1260 2775; x_wconf 84' lang='lat' dir='ltr'><strong>seculo&#39;;</strong></span> <span class='ocrx_word' id='word_1_168' title='bbox 1278 2704 1354 2758; x_wconf 88' lang='lat' dir='ltr'><strong>tunc</strong></span> <span class='ocrx_word' id='word_1_169' title='bbox 1374 2694 1469 2775; x_wconf 83' lang='lat' dir='ltr'><strong>plene</strong></span> <span class='ocrx_word' id='word_1_170' title='bbox 1487 2708 1546 2755; x_wconf 89' lang='lat' dir='ltr'><strong>sese</strong></span> 
     </span>
     <span class='ocr_line' id='line_1_21' title="bbox 438 2795 1545 2878; baseline -0.008 -18"><span class='ocrx_word' id='word_1_171' title='bbox 438 2798 568 2861; x_wconf 83' lang='lat' dir='ltr'><strong>babebit</strong></span> <span class='ocrx_word' id='word_1_172' title='bbox 581 2818 688 2862; x_wconf 88' lang='lat' dir='ltr'><strong>sermo</strong></span> <span class='ocrx_word' id='word_1_173' title='bbox 706 2799 901 2862; x_wconf 78' lang='lat' dir='ltr'><strong>Adsmsntii.</strong></span> <span class='ocrx_word' id='word_1_174' title='bbox 921 2796 938 2861; x_wconf 84' lang='lat' dir='ltr'>J</span> <span class='ocrx_word' id='word_1_175' title='bbox 945 2806 1023 2861; x_wconf 84' lang='lat' dir='ltr'><strong>uxto</strong></span> <span class='ocrx_word' id='word_1_176' title='bbox 1037 2816 1113 2862; x_wconf 83' lang='lat' dir='ltr'><strong>sune</strong></span> <span class='ocrx_word' id='word_1_177' title='bbox 1129 2796 1306 2878; x_wconf 84' lang='lat' dir='ltr'><strong>prselstsm</strong></span> <span class='ocrx_word' id='word_1_178' title='bbox 1322 2795 1545 2859; x_wconf 86' lang='lat' dir='ltr'><strong>distinctionem</strong></span> 
     </span>
     <span class='ocr_line' id='line_1_22' title="bbox 438 2890 1546 2980; baseline -0.006 -21"><span class='ocrx_word' id='word_1_179' title='bbox 438 2899 558 2962; x_wconf 76' lang='lat' dir='ltr'><strong>dicensc</strong></span> <span class='ocrx_word' id='word_1_180' title='bbox 576 2897 612 2960; x_wconf 84' lang='lat' dir='ltr'><strong>in</strong></span> <span class='ocrx_word' id='word_1_181' title='bbox 622 2899 751 2980; x_wconf 87' lang='lat' dir='ltr'><strong>primo,</strong></span> <span class='ocrx_word' id='word_1_182' title='bbox 771 2900 820 2961; x_wconf 82' lang='lat' dir='ltr'><strong>orl</strong></span> <span class='ocrx_word' id='word_1_183' title='bbox 849 2900 1009 2975; x_wconf 79' lang='lat' dir='ltr'><strong>secunde,</strong></span> <span class='ocrx_word' id='word_1_184' title='bbox 1030 2916 1087 2961; x_wconf 80' lang='lat' dir='ltr'><strong>reu</strong></span> <span class='ocrx_word' id='word_1_185' title='bbox 1115 2897 1208 2962; x_wconf 80' lang='lat' dir='ltr'><strong>tertia</strong></span> <span class='ocrx_word' id='word_1_186' title='bbox 1227 2895 1404 2976; x_wconf 77' lang='lat' dir='ltr'><strong>septimane</strong></span> <span class='ocrx_word' id='word_1_187' title='bbox 1432 2890 1546 2974; x_wconf 75' lang='lat' dir='ltr'><strong>repleri</strong></span> 
     </span>
     <span class='ocr_line' id='line_1_23' title="bbox 435 2995 1547 3078; baseline -0.005 -19"><span class='ocrx_word' id='word_1_188' title='bbox 435 2997 590 3062; x_wconf 71' lang='lat' dir='ltr'><strong>domim</strong></span> <span class='ocrx_word' id='word_1_189' title='bbox 609 2999 648 3062; x_wconf 83' lang='lat' dir='ltr'><strong>ab</strong></span> <span class='ocrx_word' id='word_1_190' title='bbox 668 2997 880 3074; x_wconf 82' lang='lat' dir='ltr'><strong>immunditie,</strong></span> <span class='ocrx_word' id='word_1_191' title='bbox 902 2999 984 3064; x_wconf 89' lang='lat' dir='ltr'><strong>illud</strong></span> <span class='ocrx_word' id='word_1_192' title='bbox 1003 2998 1249 3078; x_wconf 89' lang='lat' dir='ltr'><strong>comprehendit</strong></span> <span class='ocrx_word' id='word_1_193' title='bbox 1271 3007 1397 3077; x_wconf 83' lang='lat' dir='ltr'><strong>tempus</strong></span> <span class='ocrx_word' id='word_1_194' title='bbox 1418 2995 1547 3059; x_wconf 89' lang='lat' dir='ltr'><strong>medium</strong></span> 
     </span>
     <span class='ocr_line' id='line_1_24' title="bbox 437 3097 1547 3178; baseline 0 -19"><span class='ocrx_word' id='word_1_195' title='bbox 437 3098 523 3161; x_wconf 87' lang='lat' dir='ltr'><strong>iuter</strong></span> <span class='ocrx_word' id='word_1_196' title='bbox 543 3107 681 3163; x_wconf 93' lang='lat' dir='ltr'><strong>mortem</strong></span> <span class='ocrx_word' id='word_1_197' title='bbox 703 3109 735 3163; x_wconf 91' lang='lat' dir='ltr'><strong>et</strong></span> <span class='ocrx_word' id='word_1_198' title='bbox 755 3100 1042 3176; x_wconf 85' lang='lat' dir='ltr'><strong>resurrectionem,</strong></span> <span class='ocrx_word' id='word_1_199' title='bbox 1065 3117 1132 3178; x_wconf 87' lang='lat' dir='ltr'><strong>quo</strong></span> <span class='ocrx_word' id='word_1_200' title='bbox 1155 3099 1251 3161; x_wconf 89' lang='lat' dir='ltr'><strong>bomo</strong></span> <span class='ocrx_word' id='word_1_201' title='bbox 1273 3097 1314 3158; x_wconf 89' lang='lat' dir='ltr'><strong>ub</strong></span> <span class='ocrx_word' id='word_1_202' title='bbox 1334 3115 1385 3170; x_wconf 83' lang='lat' dir='ltr'><strong>es,</strong></span> <span class='ocrx_word' id='word_1_203' title='bbox 1409 3114 1492 3176; x_wconf 85' lang='lat' dir='ltr'><strong>quse</strong></span> <span class='ocrx_word' id='word_1_204' title='bbox 1505 3098 1547 3159; x_wconf 78' lang='lat' dir='ltr'><strong>etl</strong></span> 
     </span>
     <span class='ocr_line' id='line_1_25' title="bbox 438 3195 1545 3280; baseline -0.005 -21"><span class='ocrx_word' id='word_1_205' title='bbox 438 3199 471 3261; x_wconf 90' lang='lat' dir='ltr'><strong>iu</strong></span> <span class='ocrx_word' id='word_1_206' title='bbox 492 3202 644 3265; x_wconf 85' lang='lat' dir='ltr'><strong>membris</strong></span> <span class='ocrx_word' id='word_1_207' title='bbox 664 3203 743 3277; x_wconf 87' lang='lat' dir='ltr'><strong>suis,</strong></span> <span class='ocrx_word' id='word_1_208' title='bbox 766 3201 889 3264; x_wconf 85' lang='lat' dir='ltr'><strong>melitis</strong></span> <span class='ocrx_word' id='word_1_209' title='bbox 911 3201 1103 3280; x_wconf 76' lang='lat' dir='ltr'><strong>detergitur,</strong></span> <span class='ocrx_word' id='word_1_210' title='bbox 1126 3208 1164 3264; x_wconf 92' lang='lat' dir='ltr'><strong>ut</strong></span> <span class='ocrx_word' id='word_1_211' title='bbox 1185 3206 1344 3279; x_wconf 89' lang='lat' dir='ltr'><strong>perpetuo</strong></span> <span class='ocrx_word' id='word_1_212' title='bbox 1368 3200 1467 3271; x_wconf 80' lang='lat' dir='ltr'><strong>vivut,</strong></span> <span class='ocrx_word' id='word_1_213' title='bbox 1495 3195 1545 3255; x_wconf 90' lang='lat' dir='ltr'><strong>im·</strong></span> 
     </span>
     <span class='ocr_line' id='line_1_26' title="bbox 438 3298 1545 3383; baseline -0.008 -20"><span class='ocrx_word' id='word_1_214' title='bbox 438 3302 670 3365; x_wconf 70' lang='lat' dir='ltr'><strong>mortalitatem</strong></span> <span class='ocrx_word' id='word_1_215' title='bbox 698 3303 732 3365; x_wconf 92' lang='lat' dir='ltr'><strong>in</strong></span> <span class='ocrx_word' id='word_1_216' title='bbox 753 3320 895 3383; x_wconf 89' lang='lat' dir='ltr'><strong>corpore</strong></span> <span class='ocrx_word' id='word_1_217' title='bbox 924 3312 1129 3365; x_wconf 86' lang='lat' dir='ltr'><strong>consecutus.</strong></span> <span class='ocrx_word' id='word_1_218' title='bbox 1155 3298 1276 3363; x_wconf 87' lang='lat' dir='ltr'><strong>Deinde</strong></span> <span class='ocrx_word' id='word_1_219' title='bbox 1291 3317 1370 3361; x_wconf 85' lang='lat' dir='ltr'><strong>vero</strong></span> <span class='ocrx_word' id='word_1_220' title='bbox 1392 3298 1545 3361; x_wconf 86' lang='lat' dir='ltr'><strong>scribens:</strong></span> 
     </span>
     <span class='ocr_line' id='line_1_27' title="bbox 439 3392 1545 3485; baseline -0.011 -22"><span class='ocrx_word' id='word_1_221' title='bbox 439 3419 505 3463; x_wconf 82' lang='lat' dir='ltr'><strong>non</strong></span> <span class='ocrx_word' id='word_1_222' title='bbox 532 3404 707 3467; x_wconf 77' lang='lat' dir='ltr'><strong>remittetur</strong></span> <span class='ocrx_word' id='word_1_223' title='bbox 726 3422 824 3485; x_wconf 82' lang='lat' dir='ltr'><strong>oeque</strong></span> <span class='ocrx_word' id='word_1_224' title='bbox 843 3403 880 3466; x_wconf 84' lang='lat' dir='ltr'><strong>io</strong></span> <span class='ocrx_word' id='word_1_225' title='bbox 906 3404 963 3465; x_wconf 86' lang='lat' dir='ltr'><strong>boc</strong></span> <span class='ocrx_word' id='word_1_226' title='bbox 983 3403 1107 3476; x_wconf 78' lang='lat' dir='ltr'><strong>recolo,</strong></span> <span class='ocrx_word' id='word_1_227' title='bbox 1130 3420 1228 3481; x_wconf 82' lang='lat' dir='ltr'><strong>neque</strong></span> <span class='ocrx_word' id='word_1_228' title='bbox 1248 3398 1284 3462; x_wconf 84' lang='lat' dir='ltr'><strong>io</strong></span> <span class='ocrx_word' id='word_1_229' title='bbox 1315 3399 1452 3478; x_wconf 71' lang='lat' dir='ltr'><strong>fulcro,</strong></span> <span class='ocrx_word' id='word_1_230' title='bbox 1473 3392 1545 3457; x_wconf 88' lang='lat' dir='ltr'><strong>illud</strong></span> 
     </span>
     <span class='ocr_line' id='line_1_28' title="bbox 438 3498 1547 3585; baseline -0.008 -22"><span class='ocrx_word' id='word_1_231' title='bbox 438 3502 498 3565; x_wconf 89' lang='lat' dir='ltr'><strong>sibi</strong></span> <span class='ocrx_word' id='word_1_232' title='bbox 522 3504 594 3566; x_wconf 85' lang='lat' dir='ltr'><strong>vult</strong></span> <span class='ocrx_word' id='word_1_233' title='bbox 615 3513 753 3585; x_wconf 86' lang='lat' dir='ltr'><strong>tempos,</strong></span> <span class='ocrx_word' id='word_1_234' title='bbox 777 3505 1049 3568; x_wconf 81' lang='lat' dir='ltr'><strong>resurrectionem</strong></span> <span class='ocrx_word' id='word_1_235' title='bbox 1070 3510 1103 3564; x_wconf 94' lang='lat' dir='ltr'><strong>et</strong></span> <span class='ocrx_word' id='word_1_236' title='bbox 1120 3510 1306 3565; x_wconf 85' lang='lat' dir='ltr'><strong>extremum</strong></span> <span class='ocrx_word' id='word_1_237' title='bbox 1325 3498 1485 3578; x_wconf 75' lang='lat' dir='ltr'><strong>indicium</strong></span> <span class='ocrx_word' id='word_1_238' title='bbox 1498 3511 1547 3555; x_wconf 81' lang='lat' dir='ltr'><strong>ex·</strong></span> 
     </span>
     <span class='ocr_line' id='line_1_29' title="bbox 439 3594 1547 3687; baseline -0.009 -22"><span class='ocrx_word' id='word_1_239' title='bbox 439 3604 572 3682; x_wconf 90' lang='lat' dir='ltr'><strong>cipiens,</strong></span> <span class='ocrx_word' id='word_1_240' title='bbox 593 3625 660 3686; x_wconf 82' lang='lat' dir='ltr'><strong>quo</strong></span> <span class='ocrx_word' id='word_1_241' title='bbox 682 3608 804 3687; x_wconf 86' lang='lat' dir='ltr'><strong>peccati</strong></span> <span class='ocrx_word' id='word_1_242' title='bbox 827 3624 903 3669; x_wconf 88' lang='lat' dir='ltr'><strong>reus</strong></span> <span class='ocrx_word' id='word_1_243' title='bbox 924 3604 1176 3669; x_wconf 85' lang='lat' dir='ltr'><strong>indesinentibus</strong></span> <span class='ocrx_word' id='word_1_244' title='bbox 1197 3598 1411 3666; x_wconf 81' lang='lat' dir='ltr'><strong>mulctabitur</strong></span> <span class='ocrx_word' id='word_1_245' title='bbox 1431 3594 1547 3661; x_wconf 81' lang='lat' dir='ltr'><strong>crucis·</strong></span> 
     </span>
     <span class='ocr_line' id='line_1_30' title="bbox 443 3704 932 3787; baseline 0.006 -23"><span class='ocrx_word' id='word_1_246' title='bbox 443 3704 530 3770; x_wconf 80' lang='lat' dir='ltr'><strong>tibus</strong></span> <span class='ocrx_word' id='word_1_247' title='bbox 551 3706 619 3769; x_wconf 85' lang='lat' dir='ltr'><strong>ulls</strong></span> <span class='ocrx_word' id='word_1_248' title='bbox 640 3711 707 3772; x_wconf 87' lang='lat' dir='ltr'><strong>siue</strong></span> <span class='ocrx_word' id='word_1_249' title='bbox 729 3726 785 3787; x_wconf 89' lang='lat' dir='ltr'><strong>spe</strong></span> <span class='ocrx_word' id='word_1_250' title='bbox 806 3707 932 3771; x_wconf 74' lang='lat' dir='ltr'><strong>salutis.</strong></span> 
     </span>
    </p>
   </div>
   <div class='ocr_carea' id='block_1_2' title="bbox 0 0 1692 5567">
    <p class='ocr_par' dir='ltr' id='par_1_3' title="bbox 0 0 1692 5567">
     <span class='ocr_line' id='line_1_31' title="bbox 0 0 1692 5567; baseline 0 0"><span class='ocrx_word' id='word_1_251' title='bbox 0 0 1692 5567; x_wconf 95' lang='lat' dir='ltr'><strong> </strong></span> 
     </span>
    </p>
   </div>
  </div>
 </body>
</html>
