3375 5567
456 794 512 840 mn
532 792 571 837 ae
590 773 690 837 tertio
711 779 859 853 tampnre
874 776 941 853 ipsa
963 771 1221 854 incurruptibilis
1235 772 1290 835 flat
1310 778 1344 837 et
1363 772 1555 847 immortalia,

454 878 518 940 tane
539 876 677 956 pertinet
697 875 738 937 ad
759 874 938 938 secuudum
954 873 1179 947 intervalium,
1200 891 1268 952 qun
1285 870 1370 937 Dana
1392 871 1432 935 ad
1453 872 1554 935 huma·

453 980 562 1041 nitatis
584 976 742 1041 medatem
762 978 828 1057 ipni
853 976 1035 1057 expiatorio
1057 975 1171 1038 utitur.
1196 973 1405 1056 Quapropter
1425 970 1554 1035 Homitin

453 1076 508 1141 vt.
529 1076 560 1143 t.
576 1075 613 1139 in
631 1076 775 1139 amun
795 1076 858 1139 aab
879 1076 991 1139 eadam
1013 1076 1092 1156 ignis
1111 1076 1300 1157 metaphora
1324 1076 1429 1138 varias
1448 1074 1555 1137 lnatrn·

456 1178 550 1241 tionis
570 1178 692 1258 speciae
706 1184 952 1254 commemorat,
975 1178 1143 1257 inquienaa
1167 1198 1184 1237 «
1205 1175 1404 1240 Veniendnm
1419 1182 1554 1253 esterp

452 1279 603 1344 omnibns
622 1280 662 1341 ad
691 1280 817 1359 ignem:
841 1279 1032 1341 veniendum
1064 1288 1113 1341 est
1142 1279 1182 1341 ad
1213 1276 1451 1341 conflatorium.
1471 1273 1557 1339 Sedet

413 1432 422 1445 .
450 1384 535 1445 euim
557 1378 726 1455 Dominus,
744 1387 776 1443 et
791 1378 910 1441 nuntiat
926 1388 959 1441 et
979 1389 1099 1459 purgat
1118 1379 1201 1443 titios
1215 1378 1234 1443 J
1239 1380 1333 1442 udae.
1350 1377 1411 1443 Sed
1433 1386 1466 1439 et
1485 1376 1556 1439 itinn

452 1500 528 1546 cum
544 1482 686 1557 venitur,
707 1482 809 1562 aiqnia
824 1480 928 1543 multa
943 1498 1042 1561 opera
1061 1480 1154 1557 hona,
1178 1488 1211 1544 at
1232 1478 1347 1560 perum
1363 1478 1484 1559 aliquid
1505 1478 1556 1539 ini·

451 1584 585 1664 quitatis
598 1583 760 1658 attulerit,
780 1582 863 1645 illud
879 1599 995 1663 parum
1020 1590 1172 1661 tanquam
1188 1580 1358 1662 plumbum
1381 1580 1444 1661 igni
1466 1577 1556 1641 reant-

369 1669 374 1676 ’
453 1688 542 1748 vitun
561 1702 600 1748 an
621 1692 797 1764 purgatur,
818 1692 850 1747 et
873 1691 977 1747 tntum
1001 1692 1144 1748 remanet
1165 1700 1284 1747 annum
1306 1700 1439 1762 purum.
1465 1680 1502 1742 Et
1519 1681 1555 1742 si·

449 1786 523 1865 qnia
545 1786 617 1865 pins
638 1786 720 1849 itinn
740 1785 864 1866 plumbi
886 1785 1060 1860 detulerit,
1084 1785 1157 1865 pina
1178 1785 1343 1855 exuritur,
1368 1790 1404 1846 ut
1425 1781 1555 1861 amptius

447 1885 663 1965 denonantur,
681 1896 733 1959 nt,
753 1886 812 1949 ent
827 1904 943 1967 parum
965 1885 1086 1967 aliquid
1103 1886 1143 1949 ait
1164 1888 1250 1960 anri,
1268 1894 1443 1966 purgatum
1458 1890 1555 1947 tamen

449 1987 588 2051 resideat
607 1996 670 2050 ete.
694 2006 711 2044 n

527 2090 608 2152 ltam
631 2086 771 2150 Romilia
793 2085 894 2151 XXV.
919 2107 950 2150 n.
971 2086 1001 2153 n.
1026 2090 1056 2149 in
1077 2086 1231 2153 Numeros
1256 2086 1353 2150 verba
1374 2104 1553 2167 exponens:

449 2186 536 2251 Hata
546 2199 591 2251 aat
597 2187 787 2271 justificatio
796 2190 874 2270 topia
886 2208 981 2271 qnam
995 2188 1160 2251 nnnntitnit
1170 2187 1321 2251 Dominus
1330 2184 1438 2267 noyn
1450 2208 1460 2247 ε
1471 2205 1554 2268 praa·

448 2301 495 2353 ter
514 2308 632 2354 aarum
652 2300 682 2353 et
700 2302 866 2371 arpentum
887 2301 916 2353 et
929 2299 1156 2366 momentum,
1174 2298 1202 2351 et
1215 2294 1336 2371 farrum
1355 2301 1385 2352 at
1400 2288 1557 2371 plumbum

448 2401 671 2469 vestanum,
702 2402 730 2455 et
750 2391 854 2453 omnia
875 2408 924 2453 raa
943 2408 1026 2470 pune
1052 2388 1170 2452 tramit
1185 2408 1243 2470 par
1263 2389 1367 2470 ipnam
1378 2432 1388 2463 ,
1409 2387 1557 2453 traducite

444 2508 504 2573 per
523 2490 639 2572 iponem,
661 2500 690 2555 et
709 2491 915 2556 mundabitur
927 2504 982 2554 ate.
999 2513 1015 2551 n
1034 2491 1148 2567 Viden,
1161 2493 1218 2567 nit,
1235 2493 1402 2571 quomodo
1417 2491 1559 2573 punition·

449 2596 535 2658 tione
548 2595 667 2674 indiget
681 2596 796 2671 omnia,
819 2596 877 2675 qni
892 2596 1009 2658 exierit
1024 2594 1064 2656 da
1081 2594 1204 2674 praetio
1226 2596 1310 2656 vitae
1335 2594 1446 2675 anina.
1468 2590 1557 2670 Quod

449 2698 476 2759 ai
496 2696 539 2757 ita
562 2704 632 2772 eat,
656 2705 694 2760 nt
716 2696 838 2777 aliquid
869 2694 1008 2758 audeam
1037 2694 1144 2759 dicare
1171 2693 1349 2758 secundnm
1374 2694 1557 2776 Scriptum

447 2796 575 2859 divinae
589 2797 829 2870 anctoritatem,
845 2796 948 2858 omnia
969 2778 1025 2875 qni
1049 2795 1166 2859 exierit
1186 2796 1225 2858 du
1247 2796 1307 2857 hee
1328 2796 1405 2871 vita,
1424 2812 1486 2857 nnn
1507 2810 1557 2872 pn

448 2904 510 2961 teat
529 2915 598 2961 ease
619 2897 770 2961 mnndna.
786 2916 802 2954 n
817 2895 940 2960 Deinde
961 2897 1091 2973 doeens,
1115 2896 1197 2960 nuos
1220 2896 1333 2972 lsrael,
1354 2898 1412 2977 qni
1434 2893 1558 2959 interra·

447 3006 563 3063 naannt
576 2997 767 3062 Madianitaa
781 3006 813 3061 et
826 2999 1033 3079 contigerunt
1052 3018 1103 3063 rea
1119 2998 1312 3072 immundas,
1330 2999 1477 3077 pollutus
1495 3014 1558 3059 ease

445 3102 477 3162 in
498 3100 587 3161 belin
605 3099 735 3163 subdit:
752 3120 769 3158 n
785 3096 827 3161 Et
839 3117 901 3179 ego
922 3116 1016 3179 argo,
1037 3101 1161 3163 etiamsi
1185 3100 1312 3163 vincera
1334 3109 1478 3179 potuero
1497 3097 1558 3158 dia·

443 3200 570 3274 bolum,
587 3202 735 3278 quamvis
750 3200 960 3281 cogitationes
976 3202 1156 3263 immundas
1178 3210 1210 3263 et
1232 3200 1345 3276 maias,
1366 3217 1450 3280 quas
1472 3197 1558 3261 cordi

446 3318 518 3363 meo
538 3302 696 3380 suggerit,
714 3300 765 3363 nel
788 3302 950 3382 repellere
975 3302 1155 3378 venientes,
1187 3301 1240 3365 vei
1260 3303 1419 3381 ingressas
1444 3316 1557 3364 neaara

444 3403 528 3464 intra
550 3419 614 3476 me,
636 3418 676 3463 ne
696 3398 736 3461 ad
758 3401 910 3464 attentum
928 3404 1127 3482 perveniant,
1149 3404 1308 3483 quiten03
1329 3411 1362 3465 et
1382 3404 1411 3464 ai
1432 3402 1558 3465 calcare

447 3508 586 3581 potuero
602 3509 701 3581 anpnt
713 3500 886 3579 dracunia3
901 3502 962 3563 hoe
983 3502 1051 3580 ipso
1068 3508 1172 3565 tamen
1192 3503 1296 3582 pollui
1319 3521 1383 3573 me,
1402 3511 1437 3565 et
1459 3500 1559 3581 inqui·

447 3602 516 3665 neni
537 3618 665 3664 necesse
685 3607 745 3676 eat,
767 3602 854 3681 quod
877 3620 968 3677 enm,
992 3606 1048 3683 qui
1070 3604 1217 3684 pniiutna
1238 3613 1270 3667 et
1291 3602 1479 3683 inipninatna
1500 3608 1557 3674 est,

446 3704 646 3781 contigerim.
672 3701 713 3765 Et
732 3721 790 3766 ero
810 3704 941 3782 quidem
964 3704 1095 3779 beatus,
1118 3706 1205 3784 qnod
1227 3724 1302 3768 eum
1323 3722 1483 3785 superare
1505 3719 1558 3781 pn·

448 3805 507 3877 tui,
524 3802 707 3866 immundus
723 3811 829 3866 tamen
851 3823 922 3867 anm
939 3815 970 3868 at
992 3806 1151 3885 pollutus,
1166 3806 1223 3886 qni
1238 3804 1402 3880 pollutum
1424 3803 1557 3881 contigi3

446 3914 479 3967 at
498 3903 541 3965 ob
562 3904 624 3967 noc
645 3904 871 3985 purificatione
891 3924 981 3987 egen.
1016 3905 1141 3971 idcirco
1163 3907 1315 3969 nimirum
1336 3915 1368 3969 et
1389 3905 1557 3983 Scriptura

445 4006 542 4068 dieit=
564 4003 644 4084 qnia
659 4024 748 4069 nemo
769 4009 907 4070 munna
927 4028 948 4069 n
968 4009 1067 4071 eorde.
1089 4008 1209 4071 Omnes
1229 4024 1308 4087 ergo
1335 4006 1559 4086 purificatione

446 4106 640 4186 indigemus,
663 4108 762 4170 immo
784 4107 1072 4186 purificationibus.
1107 4108 1232 4172 Multae
1253 4110 1337 4171 anim
1359 4115 1391 4168 et
1411 4106 1559 4170 diversae

445 4222 503 4269 noa
524 4214 652 4270 manent
672 4208 912 4288 purificationes
934 4217 997 4271 ete.
1023 4226 1039 4263 a
1061 4206 1178 4271 Videas
1198 4224 1277 4288 argo
1297 4208 1466 4287 quomodo
1488 4206 1560 4269 Ori·

445 4324 541 4388 penes
565 4308 779 4371 conditionem
808 4309 984 4387 distingunt
1013 4308 1221 4371 humanitatis
1251 4308 1423 4371 universae
1445 4306 1480 4369 iu
1502 4306 1560 4367 hac

448 4411 511 4471 vita
536 4410 636 4473 vetuti
650 4411 682 4471 in
703 4410 829 4490 praetio
849 4410 1040 4495 diminuetis,
1057 4426 1095 4472 aa
1110 4408 1183 4471 inde
1204 4408 1448 4472 immundorum
1472 4416 1559 4470 tactu

445 4512 601 4592 pntintae.
625 4508 719 4585 Quae
733 4510 856 4574 ideireo
870 4511 901 4572 in
919 4519 1023 4573 morte
1042 4511 1159 4587 narina,
1182 4518 1214 4575 nt
1227 4510 1339 4591 langas
1362 4528 1420 4574 sen
1444 4511 1560 4573 brenna
