3375 5567
1218 704 1280 776 519

171 814 368 896 loqueretur
388 813 609 900 zephirinum,
632 819 708 882 tnnc
726 817 761 880 iu
779 813 924 898 ejusdem
946 812 1033 878 Petri
1053 809 1212 878 cathedra
1232 829 1282 878 as·

166 918 480 1099 8Ιὁᾠίῗιιαιιιοιηοῢιτιιι,
502 1037 577 1084 cum
599 1027 709 1100 postea
730 1018 889 1099 Origenes
909 1015 949 1081 ab
964 1013 1133 1080 haereticis
1147 1019 1180 1076 et
1195 1009 1281 1077 ialsia

168 1119 327 1186 iratribus
347 1122 516 1186 columniis
536 1125 743 1204 impetimini
762 1122 805 1184 ob
825 1139 864 1188 ea
884 1138 969 1200 quae
983 1118 1119 1182 docebat
1137 1116 1189 1181 rel
1202 1114 1282 1179 scri-

169 1223 278 1298 bebal,
301 1231 340 1287 ut
357 1226 485 1304 saepius
506 1226 731 1306 conqueritur,
753 1230 787 1288 et
805 1222 880 1286 hinc
896 1223 926 1283 in
942 1221 1111 1284 haereseos
1126 1217 1282 1297 suspicio·

168 1341 243 1387 uem
266 1325 413 1400 renisam,
428 1325 468 1390 ati
484 1345 568 1408 quoa
581 1326 763 1391 calumniae
779 1331 943 1400 reuerent,
958 1321 1097 1402 scripsitp
1113 1321 1143 1381 in
1164 1319 1282 1400 quibus

167 1427 362 1504 praesertim
383 1425 527 1492 Fabiano
548 1427 695 1491 Romano
716 1424 891 1508 Episcopo,
914 1424 1018 1506 iuquit
1038 1421 1202 1504 praelatus
1216 1418 1283 1486 Eu·

165 1527 275 1592 sebius
297 1528 329 1590 iu
356 1525 454 1592 Libro
475 1526 531 1591 vl.
548 1547 576 1593 c.
597 1526 714 1592 XXlX.
737 1547 812 1593 eum
832 1526 1005 1591 certiorem
1028 1523 1144 1588 iaciens
1163 1522 1205 1587 de
1223 1537 1284 1589 sua

171 1637 260 1692 recta
291 1637 324 1692 et
356 1631 540 1696 ertlrotloxa
561 1630 633 1694 lide.
654 1629 738 1696 uum
758 1637 867 1693 antem
890 1627 1048 1691 Eusebius
1075 1625 1159 1690 icem
1184 1629 1284 1701 nelei,

167 1732 256 1793 iuter
279 1731 390 1812 plures
410 1732 576 1814 epiecopus
596 1740 629 1796 et
648 1732 689 1795 ad
712 1731 887 1796 Fabianum
905 1727 1089 1794 Pontilicom
1109 1727 1284 1806 scripsisse,

168 1841 203 1896 et
227 1833 300 1896 irinc
321 1833 453 1898 excludi
475 1835 645 1900 rideantur
657 1833 712 1896 atii
727 1835 824 1896 totius
838 1831 925 1894 orbis
940 1827 1103 1894 christiani
1119 1825 1284 1906 praesules

167 1940 200 1996 et
226 1936 428 2016 potissimum
448 1936 681 2010 occidentales,
703 1933 926 1998 arbitrantium
947 1939 1015 2006 cat,
1036 1928 1209 2008 Erigonem
1230 1926 1283 2002 iit·

171 2041 256 2099 teras
277 2037 399 2098 misisse
418 2034 460 2098 ai
481 2032 660 2100 Fabianum
683 2033 891 2100 Pontificem:
911 2051 953 2094 ex
966 2047 1032 2112 quo
1045 2031 1075 2093 ei
1092 2043 1282 2110 percussum

168 2141 253 2204 erat,
281 2133 463 2198 Romanum
477 2133 674 2215 Episcopum
689 2134 806 2216 potiori
821 2132 941 2198 muniri
952 2130 1160 2205 auctoritate,
1171 2144 1283 2192 suum·

170 2234 404 2315 quejutlieium
426 2254 615 2318 supremum
625 2236 766 2300 aliorum
777 2237 1002 2315 opiscoporum
1010 2230 1205 2308 antecellere
1214 2245 1286 2296 scu·

169 2335 289 2398 tentiae
305 2355 318 2414 ;
333 2338 452 2420 qnippe
463 2356 564 2416 super
577 2345 725 2403 cunctam
742 2336 917 2400 Ecclesiam
934 2335 1108 2416 primatum
1122 2350 1140 2393 a
1155 2329 1284 2396 Christo

167 2447 339 2518 acceperat
360 2456 419 2520 per
438 2457 476 2504 ea
494 2440 604 2504 rerba:
619 2449 655 2502 tn
667 2457 697 2501 es
714 2439 839 2512 Petras,
852 2448 881 2501 et
894 2455 989 2518 saper
1003 2437 1083 2500 tune
1099 2432 1226 2500 Petrum
1237 2449 1288 2496 us·

168 2537 304 2626 diſsecto
319 2538 497 2608 Ecclesiam
515 2521 626 2607 meone.
642 2539 749 2617 Quem
764 2541 900 2606 Petrum
914 2542 946 2604 iu
966 2533 1288 2604 suis'auocasaoribus

169 2639 311 2706 fideliter
326 2660 370 2705 ae
391 2642 542 2723 religiose
564 2645 781 2708 venerabatur
799 2641 1023 2710 Aiumautius.

248 2741 294 2806 Et
313 2743 354 2804 ab
375 2743 560 2824 hujusmodi
581 2743 705 2809 llomae
725 2743 881 2825 singulari
897 2743 1121 2824 praerogativa
1140 2740 1180 2804 ob
1195 2740 1285 2806 Petri

168 2843 363 2909 Catheairam
392 2846 434 2908 ibi
456 2846 645 2923 fundatam,
677 2848 744 2928 ipso
764 2846 919 2926 Origenes
940 2866 981 2908 ex
1013 2845 1104 2908 Pauli
1138 2841 1284 2920 Epistola

167 2945 207 3008 au
230 2945 406 3023 Romanos,
429 2946 717 3028 Romanamsupra
730 2956 854 3012 celeras
870 2947 1000 3012 astullit
1013 2947 1100 3008 orbis
1115 2946 1281 3010 christiani

167 3046 330 3114 Ecclesiae
350 3059 484 3129 propter
505 3051 612 3114 rarius
630 3051 663 3112 iu
683 3069 720 3114 ea
740 3057 867 3114 ootatm
889 3050 1153 3114 circumstantias.
1174 3048 1287 3132 Ppimo

165 3167 210 3213 cx
231 3148 384 3228 praelatis
408 3151 514 3215 verbis
535 3153 747 3232 praesertim:
775 3150 926 3234 paeoniam
939 3152 1015 3232 fides
1036 3161 1141 3216 oestro
1154 3169 1283 3215 annau·

165 3247 276 3312 cietur
295 3248 333 3312 ia
359 3247 508 3314 aniverso
535 3254 664 3316 mando.
690 3253 823 3327 Praeter
844 3255 941 3332 euim,
963 3271 1047 3334 quae
1069 3254 1219 3333 superius
1243 3271 1284 3318 ex

170 3349 235 3414 lroc
255 3352 437 3416 testimonio
457 3351 553 3416 diluit
579 3351 754 3432 Origenes,
775 3361 808 3417 et
829 3355 892 3416 hnc
911 3353 1093 3418 addendum
1113 3363 1185 3416 est:
1209 3349 1283 3416 ula

167 3449 319 3514 aniverso
337 3453 467 3529 mesco,
488 3454 605 3534 iuquit,
625 3456 652 3518 si
673 3457 864 3536 simpliciter
887 3457 1096 3537 accipiamus,
1118 3456 1181 3520 hoc
1197 3455 1283 3521 ride·

169 3558 227 3615 tur
246 3552 424 3633 designare,
447 3556 534 3636 quod
555 3556 586 3617 iu
602 3558 711 3620 mattis
725 3557 806 3621 locis
820 3557 944 3638 muudi,
962 3559 1023 3620 hoc
1037 3565 1086 3621 est
1100 3563 1207 3622 terrae
1221 3555 1282 3623 ha·

166 3651 236 3732 jus,
258 3670 388 3745 eornm„
407 3655 463 3738 qui
485 3654 609 3720 Romae
627 3664 716 3734 suut,
738 3659 816 3723 lidos
837 3666 872 3722 et
891 3659 1005 3746 religio
1031 3657 1283 3741 praedicetur.»

170 3754 208 3819 ln
229 3774 293 3836 qua
315 3759 515 3838 expositione
536 3758 608 3824 iudei
631 3763 735 3824 unitas
748 3761 909 3826 indicatur
922 3760 963 3824 ab
977 3760 1147 3842 apostolo,
1163 3777 1202 3826 ac
1214 3777 1282 3833 uus

170 3873 248 3936 erga
275 3854 453 3922 Ecclesiam
483 3857 659 3925 Romanam
690 3863 891 3927 credentium
922 3863 1026 3926 totius‘
1050 3861 1163 3926 munii
1192 3862 1285 3928 obse·

169 3955 297 4037 quium.
320 3957 361 4023 Et
382 3959 445 4022 hoc
465 3978 659 4042 magnopere
680 3963 798 4028 iterum
821 3963 989 4044 praelucet
1016 3983 1058 4028 ex
1085 3963 1287 4029 salutationi·

170 4059 231 4122 bus
253 4062 285 4123 in
302 4059 464 4140 Epistulae
485 4063 547 4126 fluo
555 4085 567 4144 3
589 4083 670 4145 quas
683 4075 833 4141 cunelae,
849 4067 895 4129 uit
914 4085 940 4131 s.
964 4065 1107 4142 Paulus,
1130 4065 1287 4134 ecclesiae

170 4158 321 4224 fidelibus
343 4165 482 4227 romanis
504 4165 654 4230 mittuutc
690 4167 834 4231 solatum
853 4186 907 4230 vos
921 4185 1026 4232 omnes
1039 4163 1182 4232 eceteram
1199 4163 1288 4232 cuc-

170 4260 225 4324 rtr'.
249 4261 404 4346 Quasque
424 4268 654 4346 interpretatus
675 4269 831 4350 Origenes
851 4270 982 4334 scribite
1007 4268 1205 4351 «Numquis
1221 4285 1285 4334 uou

172 4361 205 4424 iu
227 4380 292 4426 uua
312 4365 447 4429 ecclesia
463 4368 585 4448 positus
604 4368 723 4434 Paulus
746 4372 826 4437 haec
845 4369 918 4436 ait?
937 4371 978 4437 Et
990 4371 1286 4458 quomodoysrtlm

171 4470 231 4538 est,
254 4465 342 4544 qnod
364 4469 509 4532 omnium
525 4469 624 4534 simul
638 4471 851 4537 ecclesiarum
864 4473 986 4539 salutes
1003 4473 1166 4540 Romanae
1182 4474 1288 4544 mittet

177 4561 364 4636 Ecclesiae?
377 4569 438 4638 Sati
453 4587 514 4654 pro
528 4589 568 4638 eo
581 4571 763 4655 intelligere
776 4573 943 4658 debemus,
958 4578 1012 4644 vel
1028 4577 1116 4661 quea
1130 4595 1215 4647 unua
1226 4577 1290 4661 spi-
