3375 5567
153 770 220 835 eico
239 770 351 837 Libros
382 772 511 837 uitasset
531 772 688 853 Origenes
710 771 742 835 in
771 770 1004 835 commentorio
1027 768 1193 852 Epistolae
1213 773 1252 835 ad

154 872 316 951 Romanos,
337 875 364 938 si
383 875 545 939 contraria
567 874 610 937 ibi
632 875 807 949 docuisset,
829 891 915 953 quae
935 874 1012 937 alibi
1026 873 1136 937 sensit.

219 974 294 1039 Post
313 976 393 1039 bueo
413 975 453 1039 ad
468 976 690 1056 quaestionem
711 976 752 1038 de
773 975 921 1039 codicum
939 975 1096 1036 varietate
1115 974 1253 1049 reversi,

153 1076 320 1157 reperimus
336 1074 571 1164 Hieronymum
587 1080 619 1142 iu
632 1080 717 1141 dicta
734 1076 878 1159 Epistola
893 1094 924 1139 n.
938 1073 968 1140 8.
987 1074 1166 1139 subdidisse
1177 1075 1256 1156 jux·

153 1178 302 1241 tarodicis
322 1182 375 1243 sui
404 1188 550 1243 testum:
568 1200 585 1239 ι
601 1175 643 1241 Ει
658 1180 776 1243 iterum
799 1179 932 1257 (scribit
945 1175 1124 1263 Origenes)
1140 1184 1177 1239 ut
1197 1193 1259 1239 au·

152 1274 206 1340 tem
226 1281 308 1343 aliea
329 1283 454 1345 animae
477 1282 589 1345 tierent
612 1282 829 1354 inhonorem,
851 1280 935 1341 alise
955 1280 988 1342 in
1008 1277 1255 1355 contumelium,

152 1381 348 1443 materiarum
371 1399 611 1462 causarumque
629 1382 742 1443 merita
766 1385 1022 1459 praecesserunt.
1040 1398 1057 1435 ιι
1072 1376 1133 1439 ista
1157 1377 1254 1440 rerba

150 1494 203 1539 non
223 1482 433 1559 reperiuntur
446 1483 478 1543 in
495 1482 683 1555 Philoeaiia,
707 1499 765 1543 neo
789 1481 924 1559 reperiri
944 1497 1087 1558 uoquum
1104 1480 1254 1558 poterint.

151 1572 261 1641 lerum
285 1598 401 1643 eorum
424 1582 496 1645 loco
513 1583 593 1644 bueo
615 1582 770 1661 leguntur
789 1598 889 1660 supra
909 1580 1053 1643 excussis
1074 1579 1257 1641 immediate

149 1684 318 1743 successivo
341 1702 371 1745 u.
393 1681 455 1747 ut:
480 1683 565 1748 illud
588 1685 684 1746 etiam
707 1682 805 1746 simul
827 1684 1020 1756 ostenditur,
1044 1689 1081 1744 ut
1101 1682 1256 1761 quemad·

150 1780 271 1843 nodum
293 1800 395 1846 nuum
414 1784 562 1865 subjacet
582 1784 683 1863 dgnlo
704 1784 835 1858 lutum,
869 1802 912 1847 ex
933 1784 1028 1862 cujus
1049 1782 1257 1844 concretione

153 1898 217 1943 ress
239 1882 271 1945 in
293 1885 450 1947 bonorem
464 1894 500 1948 et
519 1884 722 1963 ignominium
739 1883 840 1963 dnnt3
856 1886 916 1958 its,
936 1901 1011 1946 enm
1027 1899 1091 1945 uns
1112 1882 1258 1945 omnium

149 1984 321 2048 animorum
344 1994 461 2050 nstnru
483 1987 650 2068 subjaceat
672 1983 761 2059 lieo,
783 1995 815 2049 et
838 2003 922 2060 una,
945 1992 983 2048 ιιι
1002 1987 1047 2049 ita
1068 1984 1195 2059 dicam,
1216 1985 1259 2046 sit

151 2084 381 2161 rationabilium
404 2088 658 2152 substantiarum
676 2104 792 2160 massa,
815 2105 858 2149 ex
870 2085 1139 2166 praecedentibus
1152 2084 1258 2146 crusis

151 2184 225 2260 lieri,
247 2194 284 2250 ut
305 2187 360 2248 alii
383 2189 515 2267 quidem
537 2190 652 2251 sintin
674 2189 844 2261 bonorem,
867 2188 923 2249 aiii
941 2203 1019 2249 sero
1041 2186 1073 2247 in
1093 2191 1261 2256 contume-

150 2284 217 2349 lium
238 2296 300 2350 eto.
317 2306 334 2345 ιι
350 2286 433 2351 Hinc
454 2290 612 2365 cernitur,
636 2290 722 2369 qnod
747 2288 980 2367 transcripsere
1002 2285 1164 2350 ductores
1187 2280 1259 2347 Pbi·

148 2382 297 2459 lnoaliae,
320 2395 393 2467 apto
415 2390 589 2451 convenire
612 2389 802 2468 praemissis.
823 2385 917 2464 Quae
939 2405 1018 2450 sero
1040 2386 1157 2449 ibidem
1180 2386 1261 2447 ioso-

153 2484 210 2546 rnit
231 2482 450 2567 Hieronymus
471 2506 512 2550 ex
533 2506 594 2551 suo
608 2488 719 2552 codice
742 2490 909 2563 transista,
926 2488 966 2551 da
985 2486 1167 2563 animabus,
1187 2485 1261 2548 aliis

153 2583 353 2649 inhonorem
376 2588 447 2650 aliis
469 2589 499 2649 in
520 2590 749 2652 contumeliam
772 2587 881 2663 iactis,
903 2608 944 2651 er
966 2607 1033 2670 quo
1053 2586 1261 2651 notariorum

149 2696 381 2767 russorumque·
393 2687 507 2751 merito
524 2697 776 2767 proecmuruut,
791 2692 865 2769 quis
878 2689 998 2752 borum
1018 2689 1193 2752 verborum
1213 2686 1263 2748 dl·

153 2785 254 2849 rinare
276 2790 396 2867 poterit
415 2806 566 2863 sensum,
588 2791 706 2852 nescio.
727 2788 770 2852 Ει
792 2790 950 2853 undenam
973 2790 1089 2852 merita
1111 2789 1262 2853 materia-

152 2882 244 2948 rum?
259 2884 376 2963 Qualia
393 2890 478 2951 erint
498 2890 558 2953 istu
581 2890 794 2952 materiarum
813 2888 957 2952 merita?
978 2888 1071 2952 Latet
1089 2906 1166 2949 sane
1181 2904 1263 2966 quo·

153 2984 240 3048 undo
263 2988 417 3051 meritum
432 2990 585 3069 consequi
603 2988 709 3051 valeat
731 2990 877 3051 muteris.
897 2988 1038 3065 ideoque
1053 3005 1128 3048 enm
1143 3002 1265 3065 nequo·

151 3100 241 3161 qnam
255 3084 414 3167 Origenes
430 3088 505 3151 talia
527 3089 667 3154 amorne
690 3089 837 3166 dictarit;
853 3088 954 3166 ipsine
969 3086 1137 3164 interpreti
1153 3085 1262 3147 remit·

153 3186 341 3265 tenderunt,
358 3190 414 3268 qui
427 3190 571 3255 sinceros
587 3189 740 3252 Auctoris
762 3188 910 3267 corrupit
924 3205 1036 3249 sensus
1044 3205 1057 3265 3
1079 3186 1201 3265 quique
1218 3184 1262 3246 ita

152 3291 293 3369 corrupti
308 3290 339 3351 iu
351 3309 469 3353 manns
484 3292 628 3353 venerint
641 3309 666 3353 s.
684 3287 885 3369 Hieronymi.

188 3387 246 3451 Ast
261 3390 399 3453 ulterius
422 3394 613 3471 progressis,
632 3390 810 3468 itemquae
830 3395 1016 3468 sequnntur
1028 3387 1061 3449 in
1075 3385 1188 3449 endem
1210 3400 1266 3465 pa·

153 3491 310 3571 ragrspbo
330 3488 380 3553 ut.
394 3492 489 3573 Juxta
515 3494 636 3555 variam
658 3491 874 3571 interpretum
895 3488 1085 3573 Hieronymi
1108 3498 1141 3551 et
1155 3484 1264 3549 Terini

156 3590 330 3653 versionem
342 3592 572 3668 enucleentur,
586 3592 744 3655 mediante
757 3601 849 3654 textu
863 3609 979 3670 graeco
991 3589 1200 3653 Philocaliae.
1212 3586 1265 3651 Sic

154 3704 288 3769 namque
310 3692 460 3772 loquitur
479 3690 657 3772 Origenes:
684 3689 785 3768 «Qui
808 3702 918 3755 sutem
944 3692 1088 3755 diversas
1109 3690 1267 3753 inducunt

155 3796 294 3865 naturas,
312 3792 504 3871 etapostott
526 3794 612 3855 dicto
635 3801 786 3865 utuntur,
811 3792 848 3852 iis
870 3792 1096 3853 boecdiceoda
1118 3798 1216 3852 sunt:
1238 3788 1265 3851 si

154 3894 282 3953 tuentur
302 3909 342 3953 ex
362 3910 425 3954 unu
440 3894 618 3972 eademque
633 3909 735 3955 massa
753 3908 835 3967 esse,
852 3893 907 3971 qni
929 3898 1066 3971 pereunt
1079 3900 1110 3953 et
1124 3891 1181 3969 qui
1202 3888 1265 3952 sal-

157 3990 184 4050 si
202 3986 290 4067 dunt,
304 4000 404 4071 atque
420 4011 520 4057 unum
537 3995 753 4073 eumdemque
768 4012 836 4056 esse
853 4003 1072 4073 utrorumque
1091 3990 1264 4069 opificem

158 4087 182 4148 si
196 4086 296 4157 bonus
316 4100 378 4166 eet,
395 4095 452 4172 qni
472 4112 536 4155 non
556 4094 662 4157 solum
683 4093 858 4173 spiritales,
876 4093 931 4156 sed
952 4102 984 4155 et
1007 4102 1153 4156 terrenos
1176 4089 1265 4165 iacit,

570 4238 688 4306 Troius
711 4262 842 4323 prorsus
1183 4315 1185 4324 ,

229 4364 334 4433 Τοῦτο
356 4357 421 4461 perp*
444 4366 556 4447 αυτὸις
578 4360 685 4435 ἕπεται
710 4362 843 4436 δυνατὸν
866 4362 1023 4458 μέντοιγε,
1048 4362 1085 4434 ἐκ
1110 4361 1270 4466 προτέρων

157 4464 244 4539 tuin
264 4468 526 4572 κατορθωμάτων
555 4470 728 4562 perdurent
749 4471 805 4543 νῦν
835 4470 949 4554 orciuos
971 4470 1073 4564 τιμῆς
1095 4463 1148 4563 μή
1169 4463 1273 4561 ὅμοια
