3375 5567
423 777 584 842 dominico
598 777 748 842 mandato
767 776 935 860 ‹itsoipniis
954 778 1041 843 suia:
1057 775 1099 840 ite
1113 776 1149 841 ia
1162 777 1341 853 contritum,
1358 779 1443 861 puori
1460 797 1527 843 eoa·

424 890 476 942 iro
496 897 550 941 ooa
569 887 635 941 est:
656 889 685 942 et
701 879 808 944 statim
828 877 998 944 invenietis
1018 879 1147 944 uriarum
1168 881 1337 962 alligatum
1365 892 1396 943 ct
1412 882 1528 961 petiam

423 999 495 1046 cum
514 997 560 1044 ea.
579 980 629 1046 Ex
650 981 801 1062 pluribus
815 983 1160 1059 animadversionibus,
1175 1000 1257 1064 quas
1273 984 1306 1046 in
1326 983 1414 1047 innoc
1427 985 1529 1047 iocum

424 1083 601 1163 compingit
612 1083 749 1160 Auctor,
767 1083 850 1148 hanc
865 1085 1006 1147 maxime
1026 1086 1194 1149 notaritin
1214 1083 1318 1148 Tomo
1333 1081 1421 1147 xvi.
1435 1102 1466 1146 o.
1483 1079 1527 1147 iti.

335 1225 336 1229 =
425 1200 523 1262 qnam
556 1183 720 1248 rarimoda
742 1185 908 1266 praeiaiao
927 1185 1084 1250 lectiones
1106 1185 1307 1266 exprimunt.
1329 1183 1378 1248 lia
1398 1200 1530 1263 numqua

423 1300 460 1347 no
480 1283 577 1348 habet
674 1347 676 1354 ,

821 1486 910 1552 Vetus
926 1485 1149 1570 interpretatio

507 1692 635 1755 etant
655 1697 744 1755 oeric
764 1691 918 1771 quoniam
940 1692 1036 1758 multi
1058 1710 1101 1757 ox
1121 1690 1246 1773 popnio
1257 1689 1469 1773 iudaeorum,
1486 1685 1531 1748 vai

426 1792 582 1873 gentium,
599 1791 650 1872 rei
665 1811 748 1873 quos
768 1794 891 1856 asinam
904 1802 937 1856 et
951 1794 1080 1874 pullum
1094 1812 1194 1875 supra
1214 1811 1329 1858 sumna
1349 1793 1534 1871 iuterpreta-

428 1896 463 1968 ii,
479 1896 535 1974 qui
552 1895 760 1958 crediderunt
772 1897 804 1959 in
819 1893 961 1973 Christo,
977 1905 1010 1959 ei
1022 1906 1236 1977 susceperunt
1249 1913 1349 1976 snper
1368 1913 1418 1969 ea,
1433 1901 1533 1974 postet

426 1997 512 2061 missi
533 2015 551 2061 a
573 1995 702 2063 Christo
724 2001 846 2062 terami
865 2006 942 2062 coni
962 1999 1001 2061 ad
1033 1999 1192 2081 populum
1210 1997 1401 2080 iudaicum,
1425 1993 1474 2057 rei
1498 1993 1532 2057 ai

425 2107 551 2163 ceteras
572 2107 680 2179 gentas
702 2099 843 2163 nondum
865 2099 1045 2176 credentes,
1068 2109 1106 2165 ut
1125 2101 1351 2181 praedicarent
1369 2102 1419 2163 eis
1434 2095 1532 2160 Domi·

425 2218 504 2263 num
525 2198 637 2264 iesum
660 2198 825 2264 Christum
848 2198 969 2265 Filium
991 2200 1060 2265 Dei.
1077 2200 1120 2265 iit
1140 2203 1264 2266 honest
1283 2199 1372 2282 quoi
1386 2197 1535 2280 significat

426 2301 546 2364 diceus:
568 2299 733 2381 confestim
753 2289 857 2366 uatem
876 2303 1010 2367 remittet
1029 2322 1087 2367 cor.
1114 2301 1147 2366 Si
1169 2321 1247 2384 ergo
1271 2303 1358 2365 asina
1382 2301 1532 2383 eipulim

425 2400 497 2482 eins
510 2401 558 2464 iili
580 2409 666 2464 aunt:
683 2420 765 2482 quos
780 2403 921 2469 diximus
934 2421 1047 2487 supra,
1064 2423 1166 2485 anper
1180 2423 1263 2487 qnos
1278 2405 1418 2468 verbum
1434 2419 1532 2467 ascen·

425 2503 485 2575 uit,
508 2520 571 2566 non
594 2503 650 2565 tibi
683 2503 811 2569 ridetur
831 2523 939 2570 sermo
959 2507 1124 2582 insulsus,
1146 2506 1233 2587 quoti
1256 2504 1367 2569 fideles
1396 2506 1531 2568 homines

426 2605 619 2670 animalibus
640 2613 882 2687 comparentur.
908 2605 1055 2673 Forsitan
1076 2609 1161 2672 euim
1183 2605 1398 2687 talotaiiquiti
1425 2605 1532 2670 inteili-

388 2737 393 2742 ·
426 2725 501 2788 gens
523 2717 555 2771 ei
577 2707 750 2790 Propheta,
774 2707 852 2772 uicit
871 2727 906 2772 sa
925 2711 1045 2774 iactum
1068 2727 1137 2774 essa
1151 2707 1243 2790 quasi
1262 2711 1462 2792 inmanium,
1478 2724 1533 2770 non

425 2807 616 2890 simpliciter
635 2795 833 2894 inmanium,
855 2811 911 2874 seii
933 2811 1017 2876 sicot
1034 2811 1221 2893 inmanium
1239 2811 1325 2892 apud
1347 2808 1466 2886 Deum,
1487 2806 1532 2870 rei

428 2914 513 2994 apud
531 2914 696 2978 Christum
711 2913 796 2995 eius,
817 2912 995 2977 secuudum
1010 2912 1098 2994 quoi
1120 2913 1177 2976 ait:
1193 2921 1230 2976 ut
1243 2912 1427 2993 inmanium
1441 2913 1536 2993 saciat

427 3033 498 3078 mm
517 3017 605 3098 opud
626 3025 664 3080 te.
689 3037 706 3075 s
1362 3031 1368 3040 ·

510 3116 614 3181 Porro
634 3117 660 3180 ei
682 3115 740 3178 isia
763 3113 912 3180 oouicras
933 3135 1008 3180 cum
1031 3121 1124 3179 textu
1146 3132 1264 3195 graeco
1284 3116 1367 3178 aciae
1388 3115 1534 3196 primum,

428 3221 625 3302 pericopam,
648 3235 733 3299 qnae
753 3219 878 3298 incipii‚
898 3226 957 3281 aret
975 3226 1056 3280 certa
1077 3235 1181 3298 usque
1202 3215 1241 3279 ai
1256 3213 1392 3279 remittet
1411 3233 1462 3278 eoa
1484 3213 1536 3304 iiii·

430 3323 503 3385 dem
525 3321 714 3385 desiderari:
729 3337 803 3383 anm
825 3321 857 3382 in
874 3318 1008 3400 reliquis
1029 3318 1192 3382 coalescat
1213 3317 1246 3380 in
1266 3335 1374 3382 sensu.
1391 3315 1535 3381 Getarum

430 3429 493 3487 no'n
514 3424 593 3486 iatei
615 3429 759 3485 veterem
789 3420 1002 3500 Interpreiem
1023 3420 1056 3483 io
1087 3421 1149 3484 hae
1168 3419 1354 3496 additione,
1381 3419 1537 3498 integrita-

431 3533 496 3588 tem
517 3523 721 3604 origenianae
741 3522 950 3602 expositionis
964 3537 1122 3598 servasse,
1142 3529 1176 3584 ei
1196 3520 1340 3602 eiusdem
1361 3538 1439 3585 cnm
1454 3535 1538 3599 prac-

434 3626 536 3689 missis
557 3625 825 3699 convenientiam,
847 3641 946 3704 qnam
972 3623 1095 3686 trustra
1117 3623 1266 3702 requires
1290 3622 1323 3685 iu
1346 3629 1440 3686 textu
1454 3636 1538 3699 grue·

432 3746 483 3790 oo.
500 3727 655 3806 Origenes
671 3724 754 3787 anim
767 3723 861 3804 iuxta
878 3726 1016 3804 priscam
1035 3722 1348 3804 interpretationem,
1364 3730 1539 3805 opportuna

432 3827 585 3890 iudicarit
617 3826 821 3901 missionem,
849 3843 946 3906 quam
976 3842 1078 3905 super
1101 3842 1136 3889 aa
1155 3833 1372 3904 susceperunt
1396 3819 1535 3901 discipuli

435 3926 562 3990 Domini
577 3927 616 3989 ad
633 3926 791 4008 populum
802 3925 971 4008 judaicum
987 3935 1021 3990 ai
1033 3925 1073 3988 ad
1089 3934 1214 3989 cataras
1228 3935 1349 4006 gentes,
1364 3923 1478 3988 iacun
1493 3917 1538 3982 ii·

434 4030 515 4093 lium
539 4023 595 4092 Dei
616 4028 859 4108 evangelizandi
870 4047 882 4107 3
904 4045 943 4091 ao
964 4027 1037 4092 iieo
1055 4027 1132 4111 iure
1152 4026 1242 4091 dicii:
1264 4036 1294 4088 et
1312 4025 1474 4104 malatina
1495 4041 1538 4084 re·

433 4128 533 4192 mittet
554 4147 615 4193 coa.
639 4127 730 4191 Hanc
751 4139 879 4206 notam,
903 4129 1057 4210 iuquam,
1081 4135 1247 4209 tamquam
1278 4123 1536 4207 praecedentibus

433 4237 682 4311 consequentem
706 4247 744 4294 ae
772 4231 845 4294 ideo
869 4230 1082 4294 necessariam
1112 4230 1220 4293 omisit
1241 4228 1429 4314 Anonymus
1461 4235 1537 4288 tran·

434 4334 576 4414 scriptor
595 4348 741 4410 graecus.
1331 4401 1335 4408 .

515 4432 576 4498 Seii
599 4451 661 4498 uon
683 4433 713 4495 in
736 4433 797 4496 hoc
819 4431 1042 4495 tantummodo
1065 4429 1275 4513 improbanda
1291 4429 1536 4508 cotionmgrae·

436 4533 551 4599 eorum
573 4533 673 4600 lectio
687 4533 843 4615 rideior3
871 4551 982 4604 rerum
1002 4532 1102 4599 etiam
1121 4533 1395 4615 insequentibus:
