3375 5567
177 777 272 844 dadau
290 795 396 842 emam
414 775 634 858 curruptionis
654 793 781 853 enneae,
796 775 959 857 pernionen
978 775 1101 841 eollleet
1114 780 1257 859 aegritu

174 880 247 955 linia,
265 877 430 959 cupidinis,
447 878 584 953 timoris,
605 877 687 955 irae,
704 875 1051 958 voluptatumne·
1074 876 1255 943 vitiositatis

173 980 310 1060 originalia
336 979 484 1044 olinetne.
508 977 579 1044 Bne
609 987 719 1044 auten
740 980 803 1060 agit
836 979 1061 1058 Augustinus,
1090 985 1128 1044 ni
1151 980 1254 1061 ipanm

173 1081 316 1144 inuam
328 1090 479 1144 niumm
500 1075 707 1150 indxtdlren
720 1079 1006 1161 impassibilitatem
1021 1079 1255 1144 restituendam

172 1182 311 1256 eterni,
331 1181 429 1244 olenti
450 1199 468 1243 a
491 1179 560 1244 Deo
581 1184 723 1262 primurn
744 1179 873 1244 condita
893 1186 955 1254 eat,
977 1185 1011 1241 et
1030 1179 1105 1243 irino
1124 1181 1157 1243 iu
1184 1196 1256 1242 enm

174 1283 396 1357 lentitudinem,
420 1299 520 1363 qnam
550 1284 650 1364 paule
671 1290 746 1346 auin
774 1281 920 1346 defluirit
944 1279 1121 1360 Origeuee3
1143 1288 1177 1344 rt
1204 1284 1253 1344 uti

169 1387 287 1464 opertior
307 1385 456 1448 distinxit
482 1403 509 1447 e.
540 1381 685 1462 Doeter3
715 1385 797 1448 haue
826 1383 860 1444 iu
882 1383 994 1462 vigore
1013 1381 1254 1462 incorruptibili

169 1495 279 1550 naturae
298 1503 494 1568 corporeae,
505 1493 539 1549 et
549 1487 581 1547 iu
601 1485 799 1566 plenitudiue
818 1484 964 1547 sanitatis
983 1483 1160 1558 tollenone,
1172 1483 1253 1546 alto·

169 1603 220 1646 rau
238 1587 266 1647 in
286 1585 442 1653 irnitloue
471 1593 505 1648 et
524 1585 734 1665 intelligentia
756 1587 894 1651 aniutae.
917 1583 979 1647 Cui
993 1583 1183 1648 beatitudini
1205 1593 1253 1647 ta·

168 1703 223 1748 nen
233 1695 395 1750 roueortee
408 1687 631 1751 inuium-ndo
643 1703 719 1750 eum
736 1685 860 1766 angelie
878 1691 980 1751 eruut
990 1684 1086 1749 electi
1099 1687 1131 1748 in
1145 1686 1252 1749 eoele-

166 1787 308 1866 ttipntria.
331 1785 368 1849 ln
387 1790 494 1868 primo
508 1805 598 1862 meu,
620 1787 767 1866 iuquam,
783 1783 952 1850 beatitudo
967 1787 1000 1848 in
1014 1785 1254 1849 resurreetione

165 1889 287 1952 oueilna
306 1889 504 1959 eommunis,
525 1887 711 1952 immunitus
740 1885 864 1955 dieitur
890 1902 951 1964 per
976 1888 1255 1966 regenerationem

168 1993 282 2063 patrata,
303 2004 322 2049 n
344 1985 514 2066 corporeie
535 1985 725 2066 indigentia,
740 1986 782 2047 nli
797 1985 1037 2048 infirmitatibua
1049 1995 1084 2048 et
1103 2002 1122 2047 n
1138 2002 1255 2050 eorru-

164 2085 259 2162 ptinnn.
279 2085 321 2150 Ei
342 2087 408 2150 hue
427 2095 512 2150 eaaet
528 2085 624 2168 jaula
646 2086 863 2172 etymologiae
883 2078 1093 2181 μακαριότης
1114 2085 1191 2148 nim.
1215 2083 1252 2147 lu

165 2186 282 2250 seeundo
303 2205 388 2250 aero
406 2196 540 2268 napeetu
561 2187 673 2252 eadem
697 2206 761 2257 rex
781 2190 1025 2270 enmpreiaeudit
1045 2186 1165 2270 gaudio
1184 2185 1253 2266 pla·

164 2287 301 2352 nminem
322 2287 629 2369 euntemplntiouenr
651 2286 709 2353 lini
731 2289 907 2360 allienimen
926 2291 1085 2365 veritatis,
1106 2286 1254 2370 ejudem

163 2387 343 2454 intuitionem
364 2389 447 2460 laeta
468 2388 508 2452 ad
525 2388 652 2466 laniem,
665 2390 868 2454 othonorum
883 2391 1029 2456 emulare
1042 2386 1256 2452 insatiabilem

162 2490 317 2556 utentem
332 2517 359 2568 ,·
377 2509 417 2556 ae
438 2491 685 2556 delectationem
716 2498 908 2572 perpetuam
919 2511 932 2571 ς
952 2491 1002 2555 uti
1029 2490 1142 2555 neriblt
1169 2488 1255 2554 iden

161 2606 180 2650 e
199 2587 311 2656 nene
331 2593 366 2654 iu
386 2591 543 2658 &ranna
562 2590 634 2663 362.
657 2590 702 2655 De
721 2589 971 2656 nemerim.

222 2691 312 2770 Quod
326 2701 441 2757 nutem
456 2695 488 2756 in
509 2693 623 2756 andem
643 2693 717 2757 luen
732 2701 766 2757 et
786 2695 818 2757 ln
832 2693 979 2774 nubjeein
999 2691 1135 2757 materia
1149 2691 1258 2772 appri-

159 2807 199 2854 na
217 2793 359 2858 d'etiuxii
381 2792 601 2874 Auguniune,
627 2813 670 2858 ex
690 2793 840 2875 Origeuie
860 2795 952 2858 iibrla
972 2812 1037 2857 unu
1059 2802 1125 2856 tem
1144 2799 1258 2872 oporte

161 2895 280 2970 eruitur,
297 2897 358 2960 uini
380 2895 508 2958 eulletia
528 2895 680 2974 pluribue
695 2895 768 2958 lriue
788 2896 862 2959 iude
881 2895 1122 2974 lucutiouibnp3
1145 2894 1201 2957 uiti
1215 2912 1254 2978 uf

160 2999 256 3074 ieme
281 2994 512 3060 nnuiieetntur
532 2997 620 3058 aonia
641 2994 798 3060 emelinde
826 3013 949 3060 eeueue.
982 2995 1131 3076 Exempli
1153 2996 1255 3075 gretia

160 3091 183 3152 ir
200 3091 289 3158 Libro
310 3095 337 3160 1.
364 3094 561 3158 Perimelen
580 3113 609 3158 e.
624 3092 697 3157 vil.
712 3093 743 3160 5.
760 3095 867 3171 docet,
889 3113 1001 3158 onanee
1015 3102 1184 3166 ereaturea
1198 3093 1259 3157 ell-

157 3194 267 3270 qaaadn
285 3194 326 3258 ad
349 3203 471 3268 ateium
502 3195 709 3258 nandiudiaie
729 3214 788 3258 een
807 3197 849 3262 ad
880 3196 1159 3274 incorruptionem
1183 3211 1258 3274 par·

160 3302 292 3360 teumrne
307 3296 397 3360 uude
411 3295 613 3370 deciderunt,
626 3295 657 3356 id
674 3303 822 3380 repetem
834 3314 877 3359 ex
890 3295 1067 3375 epoetoliea
1079 3296 1254 3370 ”nuntiae

157 3389 218 3469 pair
233 3407 260 3458 et
279 3395 353 3476 ipre
381 3403 530 3460 uenture
559 3393 784 3463 lllrroda'tnre
811 3393 963 3458 coronate
988 3393 1202 3474 emptioni·
1221 3395 1258 3458 in
1369 3455 1373 3461 .

156 3489 304 3560 inermem
317 3495 442 3576 gloriae
460 3495 601 3577 filioram
623 3494 690 3560 liei.
706 3495 747 3572 Et
768 3499 869 3577 paula
883 3506 978 3577 pest.-
999 3515 1064 3559 ann
1077 3497 1181 3563 soleae
1197 3516 1257 3572 ou·

156 3599 201 3654 tan
211 3613 278 3670 nee,
286 3598 343 3660 ud
353 3607 382 3658 et
396 3595 468 3677 ipro
480 3605 630 3660 metere
640 3595 838 3677 oeapemr'erit
851 3606 880 3660 et
891 3596 1142 3676 oondelnterpna
1154 3614 1255 3659 am:

162 3693 247 3760 relati
265 3707 362 3762 autea
376 3699 586 3779 explanatam
601 3707 661 3762 eat.
683 3697 731 3762 lle
753 3697 825 3762 idne
841 3697 940 3761 Libro
963 3695 1022 3772 ili.
1043 3716 1073 3760 e.
1093 3696 1149 3760 Vl.
1171 3716 1202 3759 n.
1222 3695 1255 3774 2.

157 3791 254 3868 henne
274 3801 306 3862 lu
328 3801 607 3866 oouoummetiona
626 3801 729 3864 neoull
748 3798 854 3865 Deum
874 3818 945 3864 eane
965 3801 1085 3876 nurum,
1108 3799 1257 3880 prolude

159 3911 209 3972 gan
230 3899 381 3980 dinipntn
408 3901 551 3981 undique
571 3899 704 3977 rhodie
733 3902 879 3980 malitiae
902 3921 921 3962 r
943 3900 1029 3963 uude
1047 3901 1256 3981 diligentiae,

158 3995 202 4070 iil·
219 3999 409 4066 intuendum
429 4009 495 4077 ant,
518 4001 618 4080 quain
636 4010 686 4065 eet
708 4003 771 4066 lrer
790 4002 881 4082 quod
902 3999 1134 4082 perlectionem
1155 3999 1255 4063 laonii·

160 4096 259 4164 ninia
274 4119 455 4180 rerumque
476 4101 571 4168 finem
592 4101 770 4183 deridente
790 4101 879 4183 qnod
893 4101 1077 4180 noneola-
1096 4101 1129 4162 in
1147 4101 1250 4162 emni-

161 4193 208 4264 δυ
225 4219 292 4268 erae
313 4199 403 4268 lleue
423 4203 557 4280 dieitur.
578 4203 632 4270 aed
655 4205 752 4272 elien
775 4205 881 4268 unuln
901 4204 935 4266 iu
955 4201 1145 4268 enneae.»

220 4297 360 4368 Seeraian
383 4320 474 4379 aero,
487 4311 523 4368 et
543 4305 663 4370 numid
683 4305 782 4370 vellet
802 4322 924 4380 nermo,
936 4302 1051 4368 eiam
1072 4300 1256 4366 delinitione

158 4403 265 4481 tteepii
291 4404 438 4471 eamdent
462 4421 572 4468 rnueru
594 4421 692 4486 pgenn
719 4406 760 4470 de
781 4406 961 4486 prunorum
988 4409 1074 4484 elatu
1098 4405 1130 4466 lu
1151 4403 1256 4485 gloria

159 4497 291 4582 neom
311 4509 346 4569 et
365 4504 539 4586 praecipua
560 4505 592 4570 iu
615 4502 845 4578 nominee
865 4505 909 4570 ud
927 4501 1135 4585 liortprlaia.
1159 4503 1194 4566 la
1214 4519 1254 4565 ao
