3375 5567
445 766 610 829 sincerum
623 762 772 845 Origenis
782 778 921 829 ,sensum
933 762 1010 842 jure
1029 758 1244 824 demandatur
1263 758 1478 839 hujuscemodi
1492 760 1541 821 do·

446 865 569 928 ctrinae
590 866 732 945 pravitas
753 865 793 927 de
813 862 972 927 doemone
995 862 1180 941 poenitenti,
1203 860 1436 939 servandeque.

526 965 698 1030 Praeterea
720 965 804 1031 eirea
828 965 927 1046 hujus
948 963 1164 1027 translationis
1181 964 1382 1037 varietatem,
1397 963 1542 1043 simulque

442 1084 507 1146 pro
524 1069 641 1132 :eteris
657 1068 843 1147 interpretis
859 1067 1039 1145 integritate
1053 1073 1086 1128 et
1102 1064 1182 1127 illud
1199 1063 1382 1127 addendum
1395 1072 1452 1138 est,
1466 1084 1544 1126 enm·

446 1168 518 1229 dem
541 1166 697 1231 linetium
719 1168 750 1229 iu
774 1174 865 1232 textu
896 1185 1013 1247 graeco
1036 1165 1169 1245 quidem
1189 1165 1326 1227 obseura
1349 1167 1546 1243 reperissent

445 1268 580 1331 conius:
605 1270 648 1331 ita
675 1276 711 1331 ut
724 1269 791 1331 duo
813 1268 1009 1347 paragraphi
1022 1265 1073 1331 dl.
1092 1263 1143 1331 28.
1165 1266 1451 1329 commisceantur:
1470 1268 1546 1345 qood

445 1386 521 1432 saue
535 1367 626 1431 abest
640 1370 780 1449 apriscn
797 1366 964 1433 versione.
980 1367 1028 1431 dn
1050 1365 1122 1431 ideo
1137 1366 1302 1447 speciatim
1324 1376 1449 1431 notasse
1469 1386 1548 1449 grae

443 1468 554 1531 canica
572 1469 669 1531 rerba
690 1470 722 1533 in
744 1469 848 1533 tribus
867 1468 960 1544 loeis,
977 1469 1081 1548 primo
1101 1468 1230 1549 syntaxi
1246 1484 1308 1532 non
1333 1468 1423 1549 regi:
1446 1486 1546 1531 socon·

447 1569 489 1633 do
510 1568 670 1649 quaedam
690 1569 801 1635 deesse
808 1590 821 1650 3
838 1570 934 1635 tertio
954 1587 1019 1633 nou
1044 1568 1285 1649 comprehendi,
1303 1570 1382 1647 nnio
1403 1570 1461 1633 sibi
1482 1569 1550 1631 velit

445 1671 591 1736 elocutio
612 1673 651 1735 de
667 1671 789 1752 puella,
815 1689 899 1751 quae
920 1674 953 1733 in
970 1672 1060 1737 Actis
1083 1671 1450 1752 apostotorom‘vonom
1472 1670 1548 1734 Petri

445 1774 485 1837 nd
506 1776 624 1839 ostium
645 1776 757 1839 stantis
785 1774 994 1851 auscultans,
1020 1775 1123 1838 dixit:
1146 1772 1259 1839 Petro:
1279 1784 1345 1839 est:
1369 1793 1436 1855 qno
1458 1774 1548 1852 magis

446 1875 597 1941 firmatur
616 1878 786 1957 corruptio
808 1874 934 1941 Codicis
955 1877 1063 1957 graeci
1084 1875 1260 1955 originalis.

527 1973 662 2057 insuper
682 1997 724 2041 ex
737 1976 883 2057 subjecta
906 1979 1039 2041 materia
1064 1994 1132 2039 rem
1148 1976 1287 2041 scrutari
1311 1974 1466 2050 volentes,
1485 1992 1549 2055 per·

407 2160 410 2165 Ι
443 2076 597 2158 spicimus
616 2077 790 2158 Origenem
813 2096 913 2159 prope
935 2096 1058 2143 morem
1080 2093 1177 2141 suum
1202 2077 1307 2141 sarias
1330 2084 1440 2141 texere
1459 2094 1549 2155 expo

444 2179 575 2245 sitiones
595 2180 682 2243 cirea
711 2180 870 2243 dominica
895 2179 1015 2243 verba:
1043 2178 1143 2241 videta
1163 2196 1203 2240 oa
1227 2174 1434 2241 contemnetis
1458 2192 1549 2239 enon

443 2299 483 2344 :te
502 2279 552 2343 his
568 2279 719 2361 pusillis..
726 2279 808 2343 Dico
820 2278 904 2343 enirn
917 2278 1001 2343 nobis
1020 2278 1172 2360 qooolom
1191 2275 1299 2358 repeti
1317 2296 1426 2343 eorum
1445 2296 1551 2357 semper

445 2380 551 2446 uident
563 2381 678 2463 sociem
689 2380 797 2447 Patris
810 2382 879 2445 mei.
894 2384 941 2445 hc
954 2384 1082 2447 iuterim
1097 2401 1129 2447 n.
1141 2381 1192 2449 dl.
1204 2380 1333 2461 curent
1346 2400 1388 2445 ex
1403 2380 1551 2461 quodem,

444 2502 523 2547 unm
538 2484 644 2565 angeli
659 2485 732 2547 boni
746 2485 928 2549 sortiantur
942 2484 1121 2549 custodiam
1137 2483 1354 2563 parvulorum
1376 2481 1416 2544 ab
1438 2482 1549 2545 bornn

444 2590 542 2662 ortu,
564 2601 605 2647 an
628 2603 671 2647 ex
696 2584 949 2664 regenerationis
974 2582 1119 2647 lavaero.
1146 2580 1266 2646 Deinde
1294 2580 1449 2661 expositis
1475 2579 1551 2646 Scri·

364 2739 367 2746 ,
445 2693 620 2767 pturarnrn
636 2685 824 2749 testimoniis
839 2685 973 2764 utrique
994 2682 1176 2745 lacentibus
1191 2682 1345 2761 opinioni,
1361 2688 1550 2763 acceptoque

444 2785 658 2851 asserentium
678 2805 788 2862 sensu,
804 2787 875 2849 dari
896 2782 998 2849 alien
1020 2784 1171 2864 angelum
1190 2784 1375 2864 adjutorem
1396 2800 1438 2847 ex
1460 2782 1551 2861 bapti·

445 2888 506 2954 susi
526 2905 622 2964 aeto,
638 2888 727 2949 addit
742 2905 805 2951 non
825 2904 895 2951 esse
914 2884 1082 2961 credibile,
1099 2883 1282 2947 hominibus
1303 2884 1429 2947 ratione
1447 2882 1551 2964 quasis

445 2988 605 3069 precatis,
636 2987 748 3052 edesse
767 2988 919 3066 angelum
941 2993 1088 3051 sanctum
1100 3005 1112 3065 3
1143 2985 1321 3065 quinimmo
1342 2984 1420 3047 istos
1441 2981 1552 3063 angelis

446 3095 577 3152 satanae
597 3088 726 3169 subjici,
750 3088 852 3152 donec
872 3087 968 3151 duom
990 3086 1111 3153 Christi
1129 3086 1325 3167 suscipiant,
1347 3092 1383 3149 et
1399 3082 1552 3163 sanguinis

444 3188 496 3251 sni
516 3189 621 3268 pretio
642 3188 800 3269 redempti
824 3186 994 3251 tradantur
1015 3188 1130 3268 angelo
1152 3196 1263 3251 saneto
1283 3185 1496 3252 custodiendi.
1517 3182 1554 3247 Et

447 3289 528 3354 baec
547 3293 653 3355 omnia
672 3291 769 3371 juxta
798 3298 941 3355 veterem
968 3290 1270 3371 interpretationem
1290 3289 1351 3353 sibi
1372 3290 1552 3358 cohaerent,

447 3401 480 3454 et
499 3393 679 3471 quaestioni
694 3393 814 3472 optime
828 3390 1041 3471 respondent:
1065 3400 1173 3455 cetera
1191 3407 1268 3453 vero
1290 3388 1373 3455 lecta
1396 3390 1428 3451 in
1444 3387 1553 3455 Codice

447 3510 565 3571 praeco
579 3490 703 3569 llnetii,
718 3494 837 3556 absona
862 3511 879 3555 a
902 3500 1077 3568 contextu,
1100 3502 1133 3557 et
1154 3490 1340 3555 aversione
1361 3490 1474 3567 latina,
1496 3506 1553 3553 rue·

329 3597 337 3609 '
450 3596 512 3656 rito
533 3596 582 3657 uti
597 3593 770 3658 arbitraria
793 3601 989 3674 reputantur
1009 3594 1125 3674 plesse.

528 3694 601 3760 lloc
621 3704 730 3759 autem
753 3695 889 3760 tortasse
905 3705 937 3761 el
952 3714 994 3759 ex
1018 3696 1107 3758 ceria
1129 3694 1278 3758 dictionis
1294 3692 1447 3758 methodo
1467 3691 1556 3757 statui

451 3804 579 3875 potest,
603 3814 667 3878 qua
690 3815 769 3859 usus
789 3804 839 3859 est
870 3794 1097 3876 interpolator.
1132 3792 1179 3859 lta
1201 3812 1342 3874 namque
1369 3793 1553 3859 exorditur:

451 3918 471 3955 e
491 3895 533 3960 lit
555 3899 649 3957 tertia
669 3914 804 3975 qnoque
818 3896 978 3976 quaedam
1001 3896 1072 3959 talis
1093 3888 1283 3974 ossepos'set
1300 3897 1332 3957 in
1353 3895 1440 3959 hunc
1454 3893 1554 3955 locunt

448 3998 610 4079 quaestio,
626 4007 684 4062 aut
703 3999 877 4077 expositio,
893 4016 978 4077 quae
992 3998 1070 4061 dicit
1087 4005 1149 4063 etc.
1167 3994 1371 4061 Vocabulum
1391 3994 1487 4058 tertio
1500 3992 1556 4073 pri·

451 4117 535 4163 mam
556 4101 711 4178 supponit
730 4106 763 4162 et
782 4098 957 4163 secundam
979 4099 1233 4179 expositionem,
1255 4112 1336 4177 quas
1356 4094 1511 4175 Origenes
1529 4090 1555 4151 in

434 4198 715 4292 “praecedentibus
735 4198 892 4263 indicasse
923 4201 1104 4263 necessario
1126 4199 1314 4279 rideretur:
1345 4214 1426 4277 quas
1458 4204 1553 4259 tameo

448 4309 542 4366 antca
563 4309 597 4364 et
624 4307 697 4380 post
723 4299 796 4363 aliis
826 4299 1020 4363 dictionibus
1052 4301 1251 4376 nominarit,
1283 4299 1413 4363 diverso
1442 4297 1551 4361 intuitu

449 4402 569 4469 Christi
584 4400 681 4463 rerba
702 4398 907 4480 expendens:
923 4397 1073 4481 quoniam
1093 4397 1201 4479 cupali
1219 4416 1326 4479 eorem
1341 4398 1376 4487 iu
1396 4396 1487 4463 coelis
1500 4402 1550 4455 ate.

449 4502 491 4567 Et
510 4506 555 4565 sie
568 4500 703 4566 scribit:
726 4497 845 4581 aliquis
866 4498 1055 4581 quaesierit,
1077 4500 1163 4565 clius
1184 4498 1279 4575 dicer,
1301 4510 1331 4565 et
1352 4504 1428 4570 item
1452 4504 1549 4579 postca
