3375 5567
440 807 539 885 (qnae
556 800 807 867 conterminum
822 816 1066 881 quemcumque
1087 794 1124 858 iis
1140 790 1250 875 poenis
1265 788 1423 865 excludit,
1440 788 1543 867 quavis

439 905 513 968 inde
535 904 651 968 salutis
671 920 728 984 spe
747 901 876 965 sublata
898 918 917 963 a
938 900 1167 985 damnatorum
1190 893 1314 967 animis)
1337 889 1464 954 indubia
1478 885 1545 950 Ori·

438 1007 527 1086 genis
550 1023 637 1069 mens
658 1004 699 1065 de
715 1004 778 1066 lroe
797 1002 949 1082 dogmate
964 998 1158 1073 ostenditur,
1180 1012 1219 1057 ac
1235 1010 1303 1056 una
1320 1008 1393 1055 cnm
1410 986 1543 1053 Ecclesia

434 1106 622 1180 'Catholicm
636 1104 780 1186 ejusdem
793 1120 976 1167 consensus.
989 1099 1031 1165 Et
1041 1094 1314 1180 quemadmodum
1326 1106 1436 1155 eornm
1446 1086 1543 1161 ceno,

438 1226 478 1271 ac
498 1208 679 1271 christianis
701 1206 850 1269 omnibns
865 1205 971 1284 palnm
994 1222 1029 1266 se
1053 1200 1188 1264 credere
1209 1193 1443 1276 profitebatur3
1458 1190 1497 1253 ita
1518 1188 1545 1249 in

438 1309 551 1372 eadem
563 1309 717 1371 sententia
726 1322 964 1389 perseverasse,
974 1312 1179 1381 compartum
1191 1308 1249 1360 ost.
1261 1293 1470 1377 Quapropter
1476 1290 1545 1370 jure

440 1410 623 1489 meritoque
637 1426 711 1471 cum
733 1407 844 1470 amicis
858 1406 925 1468 suis
947 1401 1169 1467 alexandrinis
1185 1398 1342 1473 Origenes
1356 1397 1543 1470 conquestus

438 1519 488 1571 ost
507 1509 547 1572 de
563 1508 737 1587 calumnia3
751 1509 839 1587 qnod
855 1505 1002 1570 nonnulli
1023 1505 1052 1567 ei
1070 1499 1300 1580 adscripserint
1319 1512 1354 1558 so
1368 1510 1481 1571 nempe
1496 1490 1546 1551 do·

438 1610 556 1683 coisse,
565 1618 689 1688 patrem
709 1605 910 1670 malitiaene
927 1602 1117 1686 perditionis
1136 1611 1164 1663 et
1185 1616 1306 1671 eorum,
1326 1591 1386 1674 qai
1405 1594 1442 1655 de
1459 1608 1545 1671 repno

442 1707 499 1771 nat
517 1707 707 1790 ejiciuntur,
727 1706 807 1771 idest
827 1706 999 1781 diabolum,
1021 1706 1089 1786 sore
1109 1699 1309 1763 omanadum.

493 1848 497 1856 ·
519 1808 663 1875 Tandem
683 1812 750 1874 lanc
770 1809 943 1884 revocatis,
966 1824 1051 1887 quae
1073 1808 1104 1867 in
1127 1804 1189 1867 hnc
1210 1801 1327 1879 capite,
1349 1803 1382 1859 ct
1411 1808 1547 1875 praeser-

438 1914 495 1975 tim
507 1915 539 1975 in
550 1912 756 1993 praecedenti
770 1911 912 1974 discusso
927 1917 1014 1984 sunt,
1034 1905 1183 1985 Origenis
1197 1901 1290 1965 dictis
1305 1899 1345 1961 de
1359 1899 1545 1960 doemonum

439 2031 667 2094 acprnsornm
687 2021 776 2075 sorte
789 2013 821 2074 in
841 2012 948 2074 altero
960 2009 1086 2083 seculo,
1111 2006 1188 2067 milri
1203 2003 1300 2065 liccat
1319 2001 1400 2062 haec
1415 1995 1547 2076 objicere

439 2115 645 2179 adversariis.
660 2113 692 2179 Si
706 2114 893 2195 quandoque
903 2112 1000 2173 donas
1013 2105 1164 2171 dormitat
1178 2103 1344 2175 Homerus,
1369 2100 1462 2161 toties
1475 2112 1545 2157 sero

440 2216 647 2279 dormitasset
666 2196 902 2295 Origenessuc
925 2211 1054 2276 eumad
1076 2208 1243 2287 sexaginta
1259 2213 1292 2267 et
1312 2199 1453 2280 amplios
1471 2196 1546 2257 vices

440 2317 514 2394 icen
535 2318 566 2377 io
588 2308 743 2395 praemiis
764 2314 902 2389 ostendi)
923 2312 1062 2375 aeternis
1083 2316 1115 2372 et
1136 2323 1303 2387 nunqnam
1324 2298 1475 2365 desituris
1495 2312 1547 2373 pu·

442 2418 561 2480 tenerit
580 2417 753 2480 doemones
772 2426 806 2479 ct
827 2415 984 2496 reprobos
1007 2410 1211 2475 mulctandos
1232 2424 1301 2470 esse
1323 2401 1455 2483 poenis,
1478 2399 1546 2458 item

438 2537 480 2582 ex
495 2520 633 2583 adverso
656 2516 870 2591 tantumdem,
886 2517 933 2580 nti
958 2516 1060 2578 risum
1076 2522 1124 2575 est
1145 2512 1329 2591 priscorum
1345 2498 1544 2585 quibusdam,

440 2638 480 2683 ac
500 2621 569 2683 lero
590 2620 766 2683 nnirarsim
787 2618 949 2700 sequioris
969 2617 1040 2679 neri
1067 2611 1293 2693 scriptoribus,
1306 2605 1481 2675 docuisset,
1496 2597 1546 2661 ali·

439 2720 589 2799 qnando,
611 2720 694 2784 idest
714 2727 786 2801 post
806 2718 989 2799 longissima
1013 2716 1168 2795 temporis
1191 2708 1363 2776 intervella
1387 2704 1459 2767 iore
1479 2699 1546 2763 doe·

442 2840 551 2885 mones
572 2829 605 2884 et
627 2823 783 2902 reprobos
814 2820 1018 2885 redimendos
1038 2817 1081 2879 ab
1108 2815 1289 2879 interorum
1312 2807 1444 2891 poenis:
1467 2798 1546 2882 quod

441 2922 521 2984 milri
540 2938 617 2985 sene
636 2923 833 3003 stupendum
856 2932 890 2986 ot
910 2916 1189 2985 teretncredintte
1210 2916 1394 2993 reputatur.
1412 2904 1546 2982 Quanto·

443 3022 535 3086 brem
556 3023 670 3086 eodem
690 3025 800 3087 studio
828 3032 862 3088 et
890 3024 1047 3098 solertia,
1069 3020 1187 3101 quibus
1210 3018 1381 3093 hucusque
1406 3004 1546 3087 Origenis

403 3206 411 3215 =
443 3123 624 3186 testimonia
644 3124 819 3200 diluimus,
842 3123 958 3204 dogma
980 3119 1222 3200 comprobantia
1237 3116 1278 3179 de
1299 3118 1457 3195 perpetua
1478 3106 1545 3167 doe·

443 3241 575 3287 monum
591 3242 630 3287 ac
642 3225 860 3306 reproborum
875 3224 1103 3302 damnatione3
1128 3228 1315 3285 ceterorum
1329 3216 1360 3279 ei
1380 3211 1546 3275 adversen-

442 3326 521 3387 tium
538 3344 712 3406 pergamus
729 3328 923 3407 investigare
939 3344 1081 3400 sensum,
1099 3324 1167 3388 lero
1184 3321 1330 3404 ejusdem
1349 3312 1489 3385 numeri,
1505 3316 1545 3369 te·

441 3426 779 3507 stimoniornm;qoae
798 3436 912 3493 contra
934 3425 1072 3491 hancde
1091 3421 1259 3505 suppliciis
1276 3411 1478 3497 sempiternis
1497 3422 1544 3471 cn·

445 3526 597 3590 tholicam
621 3531 789 3595 ceritatem
810 3546 956 3611 pugnare
976 3527 1213 3592 existimantur.
