<?xml version="1.0" encoding="UTF-8"?>
<!DOCTYPE html PUBLIC "-//W3C//DTD XHTML 1.0 Transitional//EN"
    "http://www.w3.org/TR/xhtml1/DTD/xhtml1-transitional.dtd">
<html xmlns="http://www.w3.org/1999/xhtml" xml:lang="en" lang="en">
 <head>
  <title>
</title>
<meta http-equiv="Content-Type" content="text/html;charset=utf-8" />
  <meta name='ocr-system' content='tesseract 3.04.00' />
  <meta name='ocr-capabilities' content='ocr_page ocr_carea ocr_par ocr_line ocrx_word'/>
</head>
<body>
  <div class='ocr_page' id='page_1' title='image "./insgregoriinyss02vincgoog/insgregoriinyss02vincgoog_0459.png"; bbox 0 0 3375 5567; ppageno 0'>
   <div class='ocr_carea' id='block_1_1' title="bbox 164 698 1249 985">
    <p class='ocr_par' dir='ltr' id='par_1_1' title="bbox 164 698 1249 985">
     <span class='ocr_line' id='line_1_1' title="bbox 164 698 1249 882; baseline -0.001 -17"><span class='ocrx_word' id='word_1_1' title='bbox 164 806 186 864; x_wconf 83' lang='lat' dir='ltr'><strong>in</strong></span> <span class='ocrx_word' id='word_1_2' title='bbox 203 800 426 882; x_wconf 84' lang='lat' dir='ltr'><strong>peccatoribus,</strong></span> <span class='ocrx_word' id='word_1_3' title='bbox 448 800 480 863; x_wconf 91' lang='lat' dir='ltr'><strong>in</strong></span> <span class='ocrx_word' id='word_1_4' title='bbox 500 800 684 865; x_wconf 78' lang='lat' dir='ltr'><strong>bominibus</strong></span> <span class='ocrx_word' id='word_1_5' title='bbox 706 800 931 879; x_wconf 71' lang='lat' dir='ltr'><strong>rationalibus,</strong></span> <span class='ocrx_word' id='word_1_6' title='bbox 953 811 986 867; x_wconf 87' lang='lat' dir='ltr'><strong>et</strong></span> <span class='ocrx_word' id='word_1_7' title='bbox 1006 802 1038 866; x_wconf 92' lang='lat' dir='ltr'><strong>in</strong></span> <span class='ocrx_word' id='word_1_8' title='bbox 1061 805 1157 867; x_wconf 85' lang='lat' dir='ltr'><strong>mutis</strong></span> <span class='ocrx_word' id='word_1_9' title='bbox 1181 698 1249 866; x_wconf 48' lang='grc' dir='ltr'><strong>ιὶιιιι7</strong></span> 
     </span>
     <span class='ocr_line' id='line_1_2' title="bbox 165 903 1247 985; baseline -0.001 -17"><span class='ocrx_word' id='word_1_10' title='bbox 165 904 296 985; x_wconf 75' lang='lat' dir='ltr'><strong>malibus,</strong></span> <span class='ocrx_word' id='word_1_11' title='bbox 310 904 366 969; x_wconf 73' lang='grc' dir='ltr'><strong>σοι</strong></span> <span class='ocrx_word' id='word_1_12' title='bbox 387 912 421 968; x_wconf 91' lang='lat' dir='ltr'><strong>et</strong></span> <span class='ocrx_word' id='word_1_13' title='bbox 440 905 472 967; x_wconf 94' lang='lat' dir='ltr'><strong>iu</strong></span> <span class='ocrx_word' id='word_1_14' title='bbox 494 903 555 978; x_wconf 84' lang='lat' dir='ltr'><strong>bis,</strong></span> <span class='ocrx_word' id='word_1_15' title='bbox 575 920 662 983; x_wconf 89' lang='lat' dir='ltr'><strong>quae</strong></span> <span class='ocrx_word' id='word_1_16' title='bbox 681 904 750 967; x_wconf 88' lang='lat' dir='ltr'><strong>sino</strong></span> <span class='ocrx_word' id='word_1_17' title='bbox 771 906 875 967; x_wconf 87' lang='lat' dir='ltr'><strong>anima</strong></span> <span class='ocrx_word' id='word_1_18' title='bbox 896 913 983 979; x_wconf 81' lang='lat' dir='ltr'><strong>aunt,</strong></span> <span class='ocrx_word' id='word_1_19' title='bbox 1000 912 1033 967; x_wconf 85' lang='lat' dir='ltr'><strong>et</strong></span> <span class='ocrx_word' id='word_1_20' title='bbox 1053 906 1085 967; x_wconf 93' lang='lat' dir='ltr'><strong>lu</strong></span> <span class='ocrx_word' id='word_1_21' title='bbox 1098 905 1247 968; x_wconf 85' lang='lat' dir='ltr'><strong>omuibus</strong></span> 
     </span>
    </p>
   </div>
   <div class='ocr_carea' id='block_1_2' title="bbox 159 1003 1249 1403">
    <p class='ocr_par' dir='ltr' id='par_1_2' title="bbox 159 1003 1249 1403">
     <span class='ocr_line' id='line_1_3' title="bbox 161 1003 1249 1088; baseline 0 -19"><span class='ocrx_word' id='word_1_22' title='bbox 161 1009 266 1069; x_wconf 88' lang='lat' dir='ltr'><strong>onuiuo</strong></span> <span class='ocrx_word' id='word_1_23' title='bbox 284 1024 371 1088; x_wconf 85' lang='lat' dir='ltr'><strong>quae</strong></span> <span class='ocrx_word' id='word_1_24' title='bbox 389 1014 476 1071; x_wconf 88' lang='lat' dir='ltr'><strong>sunt.</strong></span> <span class='ocrx_word' id='word_1_25' title='bbox 496 1004 727 1085; x_wconf 84' lang='lat' dir='ltr'><strong>Operatiouern</strong></span> <span class='ocrx_word' id='word_1_26' title='bbox 750 1022 829 1070; x_wconf 80' lang='lat' dir='ltr'><strong>sero</strong></span> <span class='ocrx_word' id='word_1_27' title='bbox 842 1003 984 1087; x_wconf 85' lang='lat' dir='ltr'><strong>Spiritus</strong></span> <span class='ocrx_word' id='word_1_28' title='bbox 1004 1006 1110 1071; x_wconf 88' lang='lat' dir='ltr'><strong>Sancti</strong></span> <span class='ocrx_word' id='word_1_29' title='bbox 1127 1023 1249 1087; x_wconf 87' lang='lat' dir='ltr'><strong>nequa·</strong></span> 
     </span>
     <span class='ocr_line' id='line_1_4' title="bbox 160 1107 1249 1190; baseline -0.002 -19"><span class='ocrx_word' id='word_1_30' title='bbox 160 1127 238 1188; x_wconf 87' lang='lat' dir='ltr'><strong>quan</strong></span> <span class='ocrx_word' id='word_1_31' title='bbox 256 1126 389 1189; x_wconf 84' lang='lat' dir='ltr'><strong>prorsus</strong></span> <span class='ocrx_word' id='word_1_32' title='bbox 411 1107 550 1172; x_wconf 84' lang='lat' dir='ltr'><strong>incidere</strong></span> <span class='ocrx_word' id='word_1_33' title='bbox 570 1108 619 1170; x_wconf 83' lang='lat' dir='ltr'><strong>rel</strong></span> <span class='ocrx_word' id='word_1_34' title='bbox 634 1110 666 1171; x_wconf 89' lang='lat' dir='ltr'><strong>in</strong></span> <span class='ocrx_word' id='word_1_35' title='bbox 687 1126 738 1184; x_wconf 87' lang='lat' dir='ltr'><strong>ea,</strong></span> <span class='ocrx_word' id='word_1_36' title='bbox 754 1126 839 1190; x_wconf 88' lang='lat' dir='ltr'><strong>quae</strong></span> <span class='ocrx_word' id='word_1_37' title='bbox 861 1109 928 1173; x_wconf 85' lang='lat' dir='ltr'><strong>sinc</strong></span> <span class='ocrx_word' id='word_1_38' title='bbox 948 1108 1052 1171; x_wconf 82' lang='lat' dir='ltr'><strong>anima</strong></span> <span class='ocrx_word' id='word_1_39' title='bbox 1074 1117 1172 1184; x_wconf 88' lang='lat' dir='ltr'><strong>sunt,</strong></span> <span class='ocrx_word' id='word_1_40' title='bbox 1198 1109 1249 1171; x_wconf 83' lang='lat' dir='ltr'><strong>sel</strong></span> 
     </span>
     <span class='ocr_line' id='line_1_5' title="bbox 159 1208 1248 1290; baseline 0 -19"><span class='ocrx_word' id='word_1_41' title='bbox 159 1212 242 1285; x_wconf 88' lang='lat' dir='ltr'><strong>inca,</strong></span> <span class='ocrx_word' id='word_1_42' title='bbox 261 1225 345 1289; x_wconf 88' lang='lat' dir='ltr'><strong>qnae</strong></span> <span class='ocrx_word' id='word_1_43' title='bbox 359 1208 531 1272; x_wconf 84' lang='lat' dir='ltr'><strong>animantia</strong></span> <span class='ocrx_word' id='word_1_44' title='bbox 553 1208 698 1290; x_wconf 84' lang='lat' dir='ltr'><strong>quidem,</strong></span> <span class='ocrx_word' id='word_1_45' title='bbox 715 1211 770 1273; x_wconf 76' lang='lat' dir='ltr'><strong>secl</strong></span> <span class='ocrx_word' id='word_1_46' title='bbox 792 1220 881 1275; x_wconf 78' lang='lat' dir='ltr'><strong>muts</strong></span> <span class='ocrx_word' id='word_1_47' title='bbox 897 1218 983 1286; x_wconf 88' lang='lat' dir='ltr'><strong>sunt,</strong></span> <span class='ocrx_word' id='word_1_48' title='bbox 1006 1211 1060 1273; x_wconf 80' lang='lat' dir='ltr'><strong>aed</strong></span> <span class='ocrx_word' id='word_1_49' title='bbox 1078 1228 1115 1273; x_wconf 89' lang='lat' dir='ltr'><strong>ne</strong></span> <span class='ocrx_word' id='word_1_50' title='bbox 1137 1208 1248 1274; x_wconf 89' lang='lat' dir='ltr'><strong>inillis</strong></span> 
     </span>
     <span class='ocr_line' id='line_1_6' title="bbox 159 1310 1248 1403; baseline 0.002 -32"><span class='ocrx_word' id='word_1_51' title='bbox 159 1310 266 1391; x_wconf 85' lang='lat' dir='ltr'><strong>quilen</strong></span> <span class='ocrx_word' id='word_1_52' title='bbox 287 1310 437 1385; x_wconf 76' lang='lat' dir='ltr'><strong>inueniri,</strong></span> <span class='ocrx_word' id='word_1_53' title='bbox 458 1310 517 1389; x_wconf 91' lang='lat' dir='ltr'><strong>qui</strong></span> <span class='ocrx_word' id='word_1_54' title='bbox 537 1311 744 1375; x_wconf 70' lang='lat' dir='ltr'><strong>rationabiles</strong></span> <span class='ocrx_word' id='word_1_55' title='bbox 764 1311 895 1403; x_wconf 70' lang='lat' dir='ltr'><strong>quidegu</strong></span> <span class='ocrx_word' id='word_1_56' title='bbox 917 1322 1007 1389; x_wconf 90' lang='lat' dir='ltr'><strong>suut,</strong></span> <span class='ocrx_word' id='word_1_57' title='bbox 1027 1312 1081 1377; x_wconf 84' lang='lat' dir='ltr'><strong>sed</strong></span> <span class='ocrx_word' id='word_1_58' title='bbox 1104 1315 1135 1375; x_wconf 95' lang='lat' dir='ltr'><strong>lu</strong></span> <span class='ocrx_word' id='word_1_59' title='bbox 1159 1310 1248 1374; x_wconf 77' lang='lat' dir='ltr'><strong>unali-</strong></span> 
     </span>
    </p>
   </div>
   <div class='ocr_carea' id='block_1_3' title="bbox 93 1411 1251 2103">
    <p class='ocr_par' dir='ltr' id='par_1_3' title="bbox 159 1411 1250 1493">
     <span class='ocr_line' id='line_1_7' title="bbox 159 1411 1250 1493; baseline 0.004 -21"><span class='ocrx_word' id='word_1_60' title='bbox 159 1414 191 1473; x_wconf 84' lang='lat' dir='ltr'><strong>tia</strong></span> <span class='ocrx_word' id='word_1_61' title='bbox 210 1412 309 1493; x_wconf 85' lang='lat' dir='ltr'><strong>positi,</strong></span> <span class='ocrx_word' id='word_1_62' title='bbox 330 1430 391 1475; x_wconf 88' lang='lat' dir='ltr'><strong>nec</strong></span> <span class='ocrx_word' id='word_1_63' title='bbox 411 1411 540 1474; x_wconf 84' lang='lat' dir='ltr'><strong>omnino</strong></span> <span class='ocrx_word' id='word_1_64' title='bbox 560 1412 599 1473; x_wconf 85' lang='lat' dir='ltr'><strong>ud</strong></span> <span class='ocrx_word' id='word_1_65' title='bbox 623 1412 759 1477; x_wconf 84' lang='lat' dir='ltr'><strong>meliora</strong></span> <span class='ocrx_word' id='word_1_66' title='bbox 780 1418 938 1479; x_wconf 84' lang='lat' dir='ltr'><strong>conversi.</strong></span> <span class='ocrx_word' id='word_1_67' title='bbox 964 1414 998 1477; x_wconf 94' lang='lat' dir='ltr'><strong>ln</strong></span> <span class='ocrx_word' id='word_1_68' title='bbox 1020 1412 1084 1478; x_wconf 86' lang='lat' dir='ltr'><strong>illis</strong></span> <span class='ocrx_word' id='word_1_69' title='bbox 1104 1415 1183 1478; x_wconf 91' lang='lat' dir='ltr'><strong>solis</strong></span> <span class='ocrx_word' id='word_1_70' title='bbox 1196 1431 1250 1477; x_wconf 90' lang='lat' dir='ltr'><strong>ar-</strong></span> 
     </span>
    </p>

    <p class='ocr_par' dir='ltr' id='par_1_4' title="bbox 158 1510 1251 1597">
     <span class='ocr_line' id='line_1_8' title="bbox 158 1510 1251 1597; baseline 0.001 -21"><span class='ocrx_word' id='word_1_71' title='bbox 158 1513 244 1576; x_wconf 88' lang='lat' dir='ltr'><strong>bitror</strong></span> <span class='ocrx_word' id='word_1_72' title='bbox 260 1530 331 1577; x_wconf 86' lang='lat' dir='ltr'><strong>csse</strong></span> <span class='ocrx_word' id='word_1_73' title='bbox 350 1530 434 1593; x_wconf 80' lang='lat' dir='ltr'><strong>opus</strong></span> <span class='ocrx_word' id='word_1_74' title='bbox 454 1510 593 1591; x_wconf 86' lang='lat' dir='ltr'><strong>Spiritus</strong></span> <span class='ocrx_word' id='word_1_75' title='bbox 612 1511 734 1589; x_wconf 85' lang='lat' dir='ltr'><strong>Sancti,</strong></span> <span class='ocrx_word' id='word_1_76' title='bbox 751 1517 806 1594; x_wconf 93' lang='lat' dir='ltr'><strong>qui</strong></span> <span class='ocrx_word' id='word_1_77' title='bbox 825 1516 892 1597; x_wconf 84' lang='lat' dir='ltr'><strong>jam</strong></span> <span class='ocrx_word' id='word_1_78' title='bbox 915 1534 949 1579; x_wconf 85' lang='lat' dir='ltr'><strong>se</strong></span> <span class='ocrx_word' id='word_1_79' title='bbox 969 1516 1008 1577; x_wconf 78' lang='lat' dir='ltr'><strong>ab</strong></span> <span class='ocrx_word' id='word_1_80' title='bbox 1027 1516 1159 1580; x_wconf 85' lang='lat' dir='ltr'><strong>meliora</strong></span> <span class='ocrx_word' id='word_1_81' title='bbox 1176 1532 1251 1579; x_wconf 91' lang='lat' dir='ltr'><strong>con·</strong></span> 
     </span>
    </p>

    <p class='ocr_par' dir='ltr' id='par_1_5' title="bbox 94 1612 1249 1699">
     <span class='ocr_line' id='line_1_9' title="bbox 94 1612 1249 1699; baseline 0.006 -25"><span class='ocrx_word' id='word_1_82' title='bbox 94 1685 96 1690; x_wconf 16' lang='lat'>⁸</span> <span class='ocrx_word' id='word_1_83' title='bbox 159 1623 282 1690; x_wconf 77' lang='lat' dir='ltr'><strong>vertunt,</strong></span> <span class='ocrx_word' id='word_1_84' title='bbox 304 1623 338 1678; x_wconf 88' lang='lat' dir='ltr'><strong>et</strong></span> <span class='ocrx_word' id='word_1_85' title='bbox 359 1631 418 1694; x_wconf 90' lang='lat' dir='ltr'><strong>per</strong></span> <span class='ocrx_word' id='word_1_86' title='bbox 440 1614 507 1676; x_wconf 84' lang='lat' dir='ltr'><strong>rias</strong></span> <span class='ocrx_word' id='word_1_87' title='bbox 528 1612 646 1678; x_wconf 81' lang='lat' dir='ltr'><strong>Cbristi</strong></span> <span class='ocrx_word' id='word_1_88' title='bbox 667 1614 747 1680; x_wconf 82' lang='lat' dir='ltr'><strong>lesu</strong></span> <span class='ocrx_word' id='word_1_89' title='bbox 768 1618 933 1695; x_wconf 83' lang='lat' dir='ltr'><strong>incedunt,</strong></span> <span class='ocrx_word' id='word_1_90' title='bbox 956 1618 1038 1683; x_wconf 83' lang='lat' dir='ltr'><strong>idest</strong></span> <span class='ocrx_word' id='word_1_91' title='bbox 1052 1621 1108 1699; x_wconf 89' lang='lat' dir='ltr'><strong>qni</strong></span> <span class='ocrx_word' id='word_1_92' title='bbox 1129 1620 1249 1683; x_wconf 88' lang='lat' dir='ltr'><strong>suntin</strong></span> 
     </span>
    </p>

    <p class='ocr_par' dir='ltr' id='par_1_6' title="bbox 94 1711 831 1795">
     <span class='ocr_line' id='line_1_10' title="bbox 94 1711 831 1795; baseline -0.007 -15"><span class='ocrx_word' id='word_1_93' title='bbox 94 1711 96 1780; x_wconf 68' lang='lat' dir='ltr'>ff</span> <span class='ocrx_word' id='word_1_94' title='bbox 160 1716 234 1781; x_wconf 86' lang='lat' dir='ltr'><strong>bonis</strong></span> <span class='ocrx_word' id='word_1_95' title='bbox 251 1716 378 1780; x_wconf 84' lang='lat' dir='ltr'><strong>actibus</strong></span> <span class='ocrx_word' id='word_1_96' title='bbox 398 1722 431 1777; x_wconf 88' lang='lat' dir='ltr'><strong>et</strong></span> <span class='ocrx_word' id='word_1_97' title='bbox 451 1716 483 1777; x_wconf 87' lang='lat' dir='ltr'><strong>in</strong></span> <span class='ocrx_word' id='word_1_98' title='bbox 505 1711 573 1777; x_wconf 85' lang='lat' dir='ltr'><strong>Deo</strong></span> <span class='ocrx_word' id='word_1_99' title='bbox 594 1726 792 1795; x_wconf 82' lang='lat' dir='ltr'><strong>permanent.</strong></span> <span class='ocrx_word' id='word_1_100' title='bbox 815 1738 831 1775; x_wconf 77' lang='lat' dir='ltr'><strong>s</strong></span> 
     </span>
    </p>

    <p class='ocr_par' dir='ltr' id='par_1_7' title="bbox 93 1815 1250 1999">
     <span class='ocr_line' id='line_1_11' title="bbox 93 1815 1250 1904; baseline 0.003 -24"><span class='ocrx_word' id='word_1_101' title='bbox 93 1901 95 1904; x_wconf 9' lang='grc' dir='ltr'><em>Α</em></span> <span class='ocrx_word' id='word_1_102' title='bbox 219 1817 342 1882; x_wconf 84' lang='lat' dir='ltr'><strong>interca</strong></span> <span class='ocrx_word' id='word_1_103' title='bbox 363 1815 538 1883; x_wconf 82' lang='lat' dir='ltr'><strong>notandum</strong></span> <span class='ocrx_word' id='word_1_104' title='bbox 561 1823 627 1881; x_wconf 83' lang='lat' dir='ltr'><strong>est:</strong></span> <span class='ocrx_word' id='word_1_105' title='bbox 651 1835 725 1880; x_wconf 88' lang='lat' dir='ltr'><strong>cum</strong></span> <span class='ocrx_word' id='word_1_106' title='bbox 748 1820 829 1883; x_wconf 84' lang='lat' dir='ltr'><strong>baec</strong></span> <span class='ocrx_word' id='word_1_107' title='bbox 850 1817 969 1885; x_wconf 80' lang='lat' dir='ltr'><strong>Rubini</strong></span> <span class='ocrx_word' id='word_1_108' title='bbox 992 1820 1160 1885; x_wconf 72' lang='lat' dir='ltr'><strong>translatio</strong></span> <span class='ocrx_word' id='word_1_109' title='bbox 1180 1840 1250 1885; x_wconf 85' lang='lat' dir='ltr'><strong>sen·</strong></span> 
     </span>
     <span class='ocr_line' id='line_1_12' title="bbox 156 1918 1250 1999; baseline 0.002 -17"><span class='ocrx_word' id='word_1_110' title='bbox 156 1938 213 1983; x_wconf 87' lang='lat' dir='ltr'><strong>sun</strong></span> <span class='ocrx_word' id='word_1_111' title='bbox 240 1920 387 1983; x_wconf 75' lang='lat' dir='ltr'><strong>redoleat</strong></span> <span class='ocrx_word' id='word_1_112' title='bbox 405 1919 601 1983; x_wconf 84' lang='lat' dir='ltr'><strong>catholicum</strong></span> <span class='ocrx_word' id='word_1_113' title='bbox 624 1918 635 1997; x_wconf 78' lang='grc' dir='ltr'>ι</span> <span class='ocrx_word' id='word_1_114' title='bbox 648 1920 694 1983; x_wconf 86' lang='grc' dir='ltr'><strong>ιιιὶ</strong></span> <span class='ocrx_word' id='word_1_115' title='bbox 715 1927 747 1983; x_wconf 86' lang='lat' dir='ltr'><strong>ct</strong></span> <span class='ocrx_word' id='word_1_116' title='bbox 774 1920 834 1999; x_wconf 90' lang='lat' dir='ltr'><strong>ipsi</strong></span> <span class='ocrx_word' id='word_1_117' title='bbox 858 1918 976 1985; x_wconf 87' lang='lat' dir='ltr'><strong>lluffini</strong></span> <span class='ocrx_word' id='word_1_118' title='bbox 1004 1922 1182 1986; x_wconf 84' lang='lat' dir='ltr'><strong>aduersarii</strong></span> <span class='ocrx_word' id='word_1_119' title='bbox 1204 1922 1250 1984; x_wconf 86' lang='lat' dir='ltr'><strong>ia·</strong></span> 
     </span>
    </p>

    <p class='ocr_par' dir='ltr' id='par_1_8' title="bbox 157 2019 1249 2103">
     <span class='ocr_line' id='line_1_13' title="bbox 157 2019 1249 2103; baseline 0.002 -21"><span class='ocrx_word' id='word_1_120' title='bbox 157 2022 268 2100; x_wconf 80' lang='lat' dir='ltr'><strong>teutnr)</strong></span> <span class='ocrx_word' id='word_1_121' title='bbox 289 2022 320 2084; x_wconf 82' lang='lat' dir='ltr'><strong>itl</strong></span> <span class='ocrx_word' id='word_1_122' title='bbox 345 2029 451 2084; x_wconf 72' lang='lat' dir='ltr'><strong>tanao</strong></span> <span class='ocrx_word' id='word_1_123' title='bbox 472 2019 594 2085; x_wconf 80' lang='lat' dir='ltr'><strong>luctum</strong></span> <span class='ocrx_word' id='word_1_124' title='bbox 623 2038 693 2084; x_wconf 83' lang='lat' dir='ltr'><strong>esse</strong></span> <span class='ocrx_word' id='word_1_125' title='bbox 714 2021 824 2085; x_wconf 81' lang='lat' dir='ltr'><strong>dicunt</strong></span> <span class='ocrx_word' id='word_1_126' title='bbox 845 2040 886 2085; x_wconf 80' lang='lat' dir='ltr'><strong>eu</strong></span> <span class='ocrx_word' id='word_1_127' title='bbox 910 2021 1055 2103; x_wconf 83' lang='lat' dir='ltr'><strong>ejusdem</strong></span> <span class='ocrx_word' id='word_1_128' title='bbox 1077 2020 1195 2086; x_wconf 84' lang='lat' dir='ltr'><strong>Rulllui</strong></span> <span class='ocrx_word' id='word_1_129' title='bbox 1217 2042 1249 2084; x_wconf 85' lang='lat' dir='ltr'><strong>c·</strong></span> 
     </span>
    </p>
   </div>
   <div class='ocr_carea' id='block_1_4' title="bbox 157 2121 1377 2205">
    <p class='ocr_par' dir='ltr' id='par_1_9' title="bbox 157 2121 1377 2205">
     <span class='ocr_line' id='line_1_14' title="bbox 157 2121 1377 2205; baseline 0.001 -19"><span class='ocrx_word' id='word_1_130' title='bbox 157 2124 351 2186; x_wconf 68' lang='lat' dir='ltr'><strong>nudatione.</strong></span> <span class='ocrx_word' id='word_1_131' title='bbox 369 2124 439 2197; x_wconf 71' lang='lat' dir='ltr'><strong>Ast,</strong></span> <span class='ocrx_word' id='word_1_132' title='bbox 455 2121 542 2202; x_wconf 85' lang='lat' dir='ltr'><strong>qnod</strong></span> <span class='ocrx_word' id='word_1_133' title='bbox 565 2122 608 2185; x_wconf 87' lang='lat' dir='ltr'><strong>lta</strong></span> <span class='ocrx_word' id='word_1_134' title='bbox 631 2140 665 2185; x_wconf 84' lang='lat' dir='ltr'><strong>ss</strong></span> <span class='ocrx_word' id='word_1_135' title='bbox 686 2121 820 2187; x_wconf 84' lang='lat' dir='ltr'><strong>baberet</strong></span> <span class='ocrx_word' id='word_1_136' title='bbox 840 2122 1004 2204; x_wconf 87' lang='lat' dir='ltr'><strong>originalis</strong></span> <span class='ocrx_word' id='word_1_137' title='bbox 1024 2124 1135 2199; x_wconf 85' lang='lat' dir='ltr'><strong>lectio,</strong></span> <span class='ocrx_word' id='word_1_138' title='bbox 1151 2142 1249 2205; x_wconf 82' lang='lat' dir='ltr'><strong>quant</strong></span> <span class='ocrx_word' id='word_1_139' title='bbox 1373 2146 1377 2156; x_wconf 75' lang='grc'>’</span> 
     </span>
    </p>
   </div>
   <div class='ocr_carea' id='block_1_5' title="bbox 93 2224 1268 4629">
    <p class='ocr_par' dir='ltr' id='par_1_10' title="bbox 93 2224 1268 4629">
     <span class='ocr_line' id='line_1_15' title="bbox 157 2224 1250 2306; baseline 0.003 -21"><span class='ocrx_word' id='word_1_140' title='bbox 157 2224 278 2289; x_wconf 82' lang='lat' dir='ltr'><strong>llatiter</strong></span> <span class='ocrx_word' id='word_1_141' title='bbox 297 2226 450 2305; x_wconf 80' lang='lat' dir='ltr'><strong>exposuit</strong></span> <span class='ocrx_word' id='word_1_142' title='bbox 470 2224 550 2304; x_wconf 83' lang='lat' dir='ltr'><strong>ipse,</strong></span> <span class='ocrx_word' id='word_1_143' title='bbox 572 2224 651 2303; x_wconf 90' lang='lat' dir='ltr'><strong>quin</strong></span> <span class='ocrx_word' id='word_1_144' title='bbox 671 2224 700 2286; x_wconf 85' lang='lat' dir='ltr'><strong>ci</strong></span> <span class='ocrx_word' id='word_1_145' title='bbox 722 2241 804 2304; x_wconf 89' lang='lat' dir='ltr'><strong>opus</strong></span> <span class='ocrx_word' id='word_1_146' title='bbox 819 2233 914 2299; x_wconf 87' lang='lat' dir='ltr'><strong>essct,</strong></span> <span class='ocrx_word' id='word_1_147' title='bbox 937 2224 1117 2306; x_wconf 84' lang='lat' dir='ltr'><strong>quidquam</strong></span> <span class='ocrx_word' id='word_1_148' title='bbox 1131 2225 1250 2289; x_wconf 82' lang='lat' dir='ltr'><strong>addere</strong></span> 
     </span>
     <span class='ocr_line' id='line_1_16' title="bbox 158 2324 1250 2409; baseline 0.006 -25"><span class='ocrx_word' id='word_1_149' title='bbox 158 2326 198 2391; x_wconf 83' lang='lat' dir='ltr'><strong>rel</strong></span> <span class='ocrx_word' id='word_1_150' title='bbox 215 2344 374 2401; x_wconf 58' lang='lat' dir='ltr'><strong>maara,</strong></span> <span class='ocrx_word' id='word_1_151' title='bbox 398 2324 450 2389; x_wconf 87' lang='lat' dir='ltr'><strong>rel</strong></span> <span class='ocrx_word' id='word_1_152' title='bbox 469 2325 648 2404; x_wconf 76' lang='lat' dir='ltr'><strong>corrigere,</strong></span> <span class='ocrx_word' id='word_1_153' title='bbox 671 2324 767 2389; x_wconf 83' lang='lat' dir='ltr'><strong>laclia</strong></span> <span class='ocrx_word' id='word_1_154' title='bbox 788 2326 982 2390; x_wconf 80' lang='lat' dir='ltr'><strong>ostenditur.</strong></span> <span class='ocrx_word' id='word_1_155' title='bbox 1007 2324 1048 2389; x_wconf 81' lang='lat' dir='ltr'><strong>Et</strong></span> <span class='ocrx_word' id='word_1_156' title='bbox 1069 2346 1105 2391; x_wconf 88' lang='lat' dir='ltr'><strong>ro</strong></span> <span class='ocrx_word' id='word_1_157' title='bbox 1119 2326 1250 2409; x_wconf 84' lang='lat' dir='ltr'><strong>qnltletn</strong></span> 
     </span>
     <span class='ocr_line' id='line_1_17' title="bbox 157 2424 1253 2508; baseline 0.002 -21"><span class='ocrx_word' id='word_1_158' title='bbox 157 2444 237 2490; x_wconf 79' lang='lat' dir='ltr'><strong>rora:</strong></span> <span class='ocrx_word' id='word_1_159' title='bbox 259 2427 416 2508; x_wconf 85' lang='lat' dir='ltr'><strong>Origenes</strong></span> <span class='ocrx_word' id='word_1_160' title='bbox 436 2434 605 2508; x_wconf 79' lang='lat' dir='ltr'><strong>postquam</strong></span> <span class='ocrx_word' id='word_1_161' title='bbox 628 2425 668 2489; x_wconf 86' lang='lat' dir='ltr'><strong>de</strong></span> <span class='ocrx_word' id='word_1_162' title='bbox 689 2424 776 2503; x_wconf 84' lang='lat' dir='ltr'><strong>Deo,</strong></span> <span class='ocrx_word' id='word_1_163' title='bbox 798 2427 838 2490; x_wconf 80' lang='lat' dir='ltr'><strong>sle</strong></span> <span class='ocrx_word' id='word_1_164' title='bbox 860 2425 989 2491; x_wconf 85' lang='lat' dir='ltr'><strong>Cbristo</strong></span> <span class='ocrx_word' id='word_1_165' title='bbox 1009 2425 1089 2491; x_wconf 86' lang='lat' dir='ltr'><strong>lesu</strong></span> <span class='ocrx_word' id='word_1_166' title='bbox 1110 2446 1152 2492; x_wconf 81' lang='lat' dir='ltr'><strong>ex</strong></span> <span class='ocrx_word' id='word_1_167' title='bbox 1172 2428 1253 2491; x_wconf 83' lang='lat' dir='ltr'><strong>disi-</strong></span> 
     </span>
     <span class='ocr_line' id='line_1_18' title="bbox 156 2527 1253 2613; baseline 0.005 -24"><span class='ocrx_word' id='word_1_168' title='bbox 156 2528 193 2591; x_wconf 85' lang='lat' dir='ltr'><strong>ris</strong></span> <span class='ocrx_word' id='word_1_169' title='bbox 208 2528 381 2610; x_wconf 82' lang='lat' dir='ltr'><strong>seripturis</strong></span> <span class='ocrx_word' id='word_1_170' title='bbox 402 2527 532 2593; x_wconf 88' lang='lat' dir='ltr'><strong>locutus</strong></span> <span class='ocrx_word' id='word_1_171' title='bbox 553 2536 615 2603; x_wconf 86' lang='lat' dir='ltr'><strong>est,</strong></span> <span class='ocrx_word' id='word_1_172' title='bbox 634 2544 815 2592; x_wconf 84' lang='lat' dir='ltr'><strong>sermonem</strong></span> <span class='ocrx_word' id='word_1_173' title='bbox 835 2546 934 2593; x_wconf 87' lang='lat' dir='ltr'><strong>snum</strong></span> <span class='ocrx_word' id='word_1_174' title='bbox 956 2530 1052 2593; x_wconf 81' lang='lat' dir='ltr'><strong>vertit</strong></span> <span class='ocrx_word' id='word_1_175' title='bbox 1071 2528 1110 2593; x_wconf 80' lang='lat' dir='ltr'><strong>tle</strong></span> <span class='ocrx_word' id='word_1_176' title='bbox 1129 2530 1253 2613; x_wconf 82' lang='lat' dir='ltr'><strong>Spiritu</strong></span> 
     </span>
     <span class='ocr_line' id='line_1_19' title="bbox 157 2627 1255 2707; baseline 0.005 -16"><span class='ocrx_word' id='word_1_177' title='bbox 157 2627 280 2707; x_wconf 86' lang='lat' dir='ltr'><strong>Sancto,</strong></span> <span class='ocrx_word' id='word_1_178' title='bbox 303 2638 373 2695; x_wconf 87' lang='lat' dir='ltr'><strong>tum</strong></span> <span class='ocrx_word' id='word_1_179' title='bbox 395 2648 436 2695; x_wconf 81' lang='lat' dir='ltr'><strong>ex</strong></span> <span class='ocrx_word' id='word_1_180' title='bbox 460 2631 577 2693; x_wconf 81' lang='lat' dir='ltr'><strong>veteris</strong></span> <span class='ocrx_word' id='word_1_181' title='bbox 608 2636 678 2694; x_wconf 89' lang='lat' dir='ltr'><strong>tum</strong></span> <span class='ocrx_word' id='word_1_182' title='bbox 700 2648 742 2693; x_wconf 81' lang='lat' dir='ltr'><strong>ex</strong></span> <span class='ocrx_word' id='word_1_183' title='bbox 769 2631 844 2695; x_wconf 85' lang='lat' dir='ltr'><strong>nori</strong></span> <span class='ocrx_word' id='word_1_184' title='bbox 870 2628 1024 2695; x_wconf 86' lang='lat' dir='ltr'><strong>Focdcris</strong></span> <span class='ocrx_word' id='word_1_185' title='bbox 1051 2631 1142 2697; x_wconf 90' lang='lat' dir='ltr'><strong>libris</strong></span> <span class='ocrx_word' id='word_1_186' title='bbox 1167 2652 1255 2698; x_wconf 86' lang='lat' dir='ltr'><strong>com·</strong></span> 
     </span>
     <span class='ocr_line' id='line_1_20' title="bbox 158 2728 1253 2811; baseline 0.005 -20"><span class='ocrx_word' id='word_1_187' title='bbox 158 2730 265 2808; x_wconf 78' lang='lat' dir='ltr'><strong>peltana</strong></span> <span class='ocrx_word' id='word_1_188' title='bbox 287 2730 488 2810; x_wconf 73' lang='lat' dir='ltr'><strong>testimonia,</strong></span> <span class='ocrx_word' id='word_1_189' title='bbox 503 2729 623 2811; x_wconf 87' lang='lat' dir='ltr'><strong>quibus</strong></span> <span class='ocrx_word' id='word_1_190' title='bbox 643 2731 845 2811; x_wconf 86' lang='lat' dir='ltr'><strong>potissimum</strong></span> <span class='ocrx_word' id='word_1_191' title='bbox 868 2732 908 2793; x_wconf 83' lang='lat' dir='ltr'><strong>nb</strong></span> <span class='ocrx_word' id='word_1_192' title='bbox 929 2748 968 2793; x_wconf 81' lang='lat' dir='ltr'><strong>ro</strong></span> <span class='ocrx_word' id='word_1_193' title='bbox 983 2728 1104 2811; x_wconf 84' lang='lat' dir='ltr'><strong>Spiritu</strong></span> <span class='ocrx_word' id='word_1_194' title='bbox 1126 2751 1253 2799; x_wconf 87' lang='lat' dir='ltr'><strong>omnum</strong></span> 
     </span>
     <span class='ocr_line' id='line_1_21' title="bbox 159 2831 1260 2914; baseline 0.006 -24"><span class='ocrx_word' id='word_1_195' title='bbox 159 2831 258 2896; x_wconf 84' lang='lat' dir='ltr'><strong>tollere</strong></span> <span class='ocrx_word' id='word_1_196' title='bbox 287 2840 427 2896; x_wconf 86' lang='lat' dir='ltr'><strong>conatur</strong></span> <span class='ocrx_word' id='word_1_197' title='bbox 446 2838 617 2896; x_wconf 79' lang='lat' dir='ltr'><strong>creatorae</strong></span> <span class='ocrx_word' id='word_1_198' title='bbox 647 2832 811 2911; x_wconf 63' lang='lat' dir='ltr'><strong>speciem</strong></span> <span class='ocrx_word' id='word_1_199' title='bbox 843 2832 992 2896; x_wconf 85' lang='lat' dir='ltr'><strong>cumdem</strong></span> <span class='ocrx_word' id='word_1_200' title='bbox 1015 2836 1138 2914; x_wconf 87' lang='lat' dir='ltr'><strong>pariter</strong></span> <span class='ocrx_word' id='word_1_201' title='bbox 1159 2836 1260 2900; x_wconf 88' lang='lat' dir='ltr'><strong>unius·</strong></span> 
     </span>
     <span class='ocr_line' id='line_1_22' title="bbox 159 2930 1255 3013; baseline 0.008 -22"><span class='ocrx_word' id='word_1_202' title='bbox 159 2930 354 3013; x_wconf 71' lang='lat' dir='ltr'><strong>ciuilemque</strong></span> <span class='ocrx_word' id='word_1_203' title='bbox 375 2942 511 2996; x_wconf 84' lang='lat' dir='ltr'><strong>naturae</strong></span> <span class='ocrx_word' id='word_1_204' title='bbox 539 2951 609 2997; x_wconf 84' lang='lat' dir='ltr'><strong>esse</strong></span> <span class='ocrx_word' id='word_1_205' title='bbox 631 2934 748 2997; x_wconf 86' lang='lat' dir='ltr'><strong>docens</strong></span> <span class='ocrx_word' id='word_1_206' title='bbox 771 2952 846 2999; x_wconf 88' lang='lat' dir='ltr'><strong>curu</strong></span> <span class='ocrx_word' id='word_1_207' title='bbox 871 2932 966 2997; x_wconf 81' lang='lat' dir='ltr'><strong>Patre</strong></span> <span class='ocrx_word' id='word_1_208' title='bbox 990 2942 1023 2998; x_wconf 88' lang='lat' dir='ltr'><strong>et</strong></span> <span class='ocrx_word' id='word_1_209' title='bbox 1045 2932 1139 3000; x_wconf 84' lang='lat' dir='ltr'><strong>Filio.</strong></span> <span class='ocrx_word' id='word_1_210' title='bbox 1163 2932 1255 3000; x_wconf 74' lang='lat' dir='ltr'><strong>Adeo</strong></span> 
     </span>
     <span class='ocr_line' id='line_1_23' title="bbox 159 3031 1256 3109; baseline 0.008 -19"><span class='ocrx_word' id='word_1_211' title='bbox 159 3050 223 3097; x_wconf 76' lang='lat' dir='ltr'><strong>vero</strong></span> <span class='ocrx_word' id='word_1_212' title='bbox 244 3035 328 3095; x_wconf 88' lang='lat' dir='ltr'><strong>banc</strong></span> <span class='ocrx_word' id='word_1_213' title='bbox 353 3039 439 3096; x_wconf 84' lang='lat' dir='ltr'><strong>tcuct</strong></span> <span class='ocrx_word' id='word_1_214' title='bbox 470 3031 565 3097; x_wconf 83' lang='lat' dir='ltr'><strong>tidem</strong></span> <span class='ocrx_word' id='word_1_215' title='bbox 586 3032 809 3109; x_wconf 79' lang='lat' dir='ltr'><strong>Adamantius,</strong></span> <span class='ocrx_word' id='word_1_216' title='bbox 825 3042 862 3097; x_wconf 89' lang='lat' dir='ltr'><strong>ut</strong></span> <span class='ocrx_word' id='word_1_217' title='bbox 878 3041 1003 3097; x_wconf 79' lang='lat' dir='ltr'><strong>ceteros</strong></span> <span class='ocrx_word' id='word_1_218' title='bbox 1021 3036 1180 3109; x_wconf 86' lang='lat' dir='ltr'><strong>imbuens,</strong></span> <span class='ocrx_word' id='word_1_219' title='bbox 1204 3054 1256 3099; x_wconf 84' lang='lat' dir='ltr'><strong>ve·</strong></span> 
     </span>
     <span class='ocr_line' id='line_1_24' title="bbox 94 3134 1267 3219; baseline 0.005 -26"><span class='ocrx_word' id='word_1_220' title='bbox 94 3187 95 3190; x_wconf 72' lang='grc'>,</span> <span class='ocrx_word' id='word_1_221' title='bbox 159 3134 226 3199; x_wconf 81' lang='lat' dir='ltr'><strong>ritus</strong></span> <span class='ocrx_word' id='word_1_222' title='bbox 247 3136 363 3216; x_wconf 81' lang='lat' dir='ltr'><strong>nequis</strong></span> <span class='ocrx_word' id='word_1_223' title='bbox 386 3134 429 3195; x_wconf 90' lang='lat' dir='ltr'><strong>ab</strong></span> <span class='ocrx_word' id='word_1_224' title='bbox 449 3134 510 3199; x_wconf 91' lang='lat' dir='ltr'><strong>boc</strong></span> <span class='ocrx_word' id='word_1_225' title='bbox 530 3134 772 3216; x_wconf 80' lang='lat' dir='ltr'><strong>quodammodo</strong></span> <span class='ocrx_word' id='word_1_226' title='bbox 789 3135 886 3199; x_wconf 85' lang='lat' dir='ltr'><strong>aliter</strong></span> <span class='ocrx_word' id='word_1_227' title='bbox 909 3138 1042 3200; x_wconf 77' lang='lat' dir='ltr'><strong>sentiret</strong></span> <span class='ocrx_word' id='word_1_228' title='bbox 1054 3137 1149 3219; x_wconf 84' lang='lat' dir='ltr'><strong>juxta</strong></span> <span class='ocrx_word' id='word_1_229' title='bbox 1172 3135 1267 3213; x_wconf 52' lang='lat' dir='ltr'><strong>Scri-s</strong></span> 
     </span>
     <span class='ocr_line' id='line_1_25' title="bbox 158 3234 1257 3312; baseline 0.004 -17"><span class='ocrx_word' id='word_1_230' title='bbox 158 3240 259 3312; x_wconf 85' lang='lat' dir='ltr'><strong>pturae</strong></span> <span class='ocrx_word' id='word_1_231' title='bbox 280 3235 395 3308; x_wconf 88' lang='lat' dir='ltr'><strong>rerba,</strong></span> <span class='ocrx_word' id='word_1_232' title='bbox 417 3253 506 3298; x_wconf 79' lang='lat' dir='ltr'><strong>nemo</strong></span> <span class='ocrx_word' id='word_1_233' title='bbox 527 3236 617 3298; x_wconf 82' lang='lat' dir='ltr'><strong>novit</strong></span> <span class='ocrx_word' id='word_1_234' title='bbox 638 3236 765 3299; x_wconf 78' lang='lat' dir='ltr'><strong>Putrem</strong></span> <span class='ocrx_word' id='word_1_235' title='bbox 785 3234 852 3299; x_wconf 79' lang='lat' dir='ltr'><strong>nira&#39;</strong></span> <span class='ocrx_word' id='word_1_236' title='bbox 868 3235 987 3312; x_wconf 78' lang='lat' dir='ltr'><strong>Filius,</strong></span> <span class='ocrx_word' id='word_1_237' title='bbox 1001 3248 1030 3300; x_wconf 85' lang='lat' dir='ltr'><strong>et</strong></span> <span class='ocrx_word' id='word_1_238' title='bbox 1046 3238 1102 3301; x_wconf 77' lang='lat' dir='ltr'><strong>cui</strong></span> <span class='ocrx_word' id='word_1_239' title='bbox 1120 3237 1257 3302; x_wconf 75' lang='grc' dir='ltr'>ιιοιιιινιι</span> 
     </span>
     <span class='ocr_line' id='line_1_26' title="bbox 93 3330 1257 3419; baseline 0.007 -26"><span class='ocrx_word' id='word_1_240' title='bbox 93 3387 97 3394; x_wconf 81' lang='grc'><strong><em>,</em></strong></span> <span class='ocrx_word' id='word_1_241' title='bbox 160 3330 250 3398; x_wconf 76' lang='lat' dir='ltr'><strong>Filius</strong></span> <span class='ocrx_word' id='word_1_242' title='bbox 263 3337 415 3413; x_wconf 78' lang='lat' dir='ltr'><strong>revelon,</strong></span> <span class='ocrx_word' id='word_1_243' title='bbox 438 3340 480 3401; x_wconf 91' lang='lat' dir='ltr'><strong>ita</strong></span> <span class='ocrx_word' id='word_1_244' title='bbox 496 3346 629 3415; x_wconf 86' lang='lat' dir='ltr'><strong>praeeat</strong></span> <span class='ocrx_word' id='word_1_245' title='bbox 650 3337 786 3401; x_wconf 82' lang='lat' dir='ltr'><strong>lectori:</strong></span> <span class='ocrx_word' id='word_1_246' title='bbox 810 3334 959 3417; x_wconf 81' lang='lat' dir='ltr'><strong>«Neque</strong></span> <span class='ocrx_word' id='word_1_247' title='bbox 979 3340 1061 3403; x_wconf 87' lang='lat' dir='ltr'><strong>enim</strong></span> <span class='ocrx_word' id='word_1_248' title='bbox 1079 3340 1257 3419; x_wconf 85' lang='lat' dir='ltr'><strong>putandum</strong></span> 
     </span>
     <span class='ocr_line' id='line_1_27' title="bbox 94 3435 1257 3519; baseline 0.008 -25"><span class='ocrx_word' id='word_1_249' title='bbox 94 3487 95 3494; x_wconf 29' lang='grc' dir='ltr'>ι</span> <span class='ocrx_word' id='word_1_250' title='bbox 160 3445 208 3509; x_wconf 82' lang='lat' dir='ltr'><strong>est,</strong></span> <span class='ocrx_word' id='word_1_251' title='bbox 228 3439 316 3519; x_wconf 78' lang='lat' dir='ltr'><strong>qnotl</strong></span> <span class='ocrx_word' id='word_1_252' title='bbox 338 3440 435 3502; x_wconf 88' lang='lat' dir='ltr'><strong>etiam</strong></span> <span class='ocrx_word' id='word_1_253' title='bbox 455 3435 609 3517; x_wconf 87' lang='lat' dir='ltr'><strong>Spiritus,</strong></span> <span class='ocrx_word' id='word_1_254' title='bbox 632 3435 717 3499; x_wconf 86' lang='lat' dir='ltr'><strong>Filio</strong></span> <span class='ocrx_word' id='word_1_255' title='bbox 732 3436 911 3513; x_wconf 83' lang='lat' dir='ltr'><strong>revelante,</strong></span> <span class='ocrx_word' id='word_1_256' title='bbox 926 3440 1100 3518; x_wconf 73' lang='lat' dir='ltr'><strong>cognoscit.</strong></span> <span class='ocrx_word' id='word_1_257' title='bbox 1120 3438 1151 3504; x_wconf 93' lang='lat' dir='ltr'><strong>Si</strong></span> <span class='ocrx_word' id='word_1_258' title='bbox 1174 3442 1257 3503; x_wconf 87' lang='lat' dir='ltr'><strong>enlm</strong></span> 
     </span>
     <span class='ocr_line' id='line_1_28' title="bbox 94 3536 1259 3621; baseline 0.003 -22"><span class='ocrx_word' id='word_1_259' title='bbox 94 3581 96 3614; x_wconf 87' lang='lat'><strong>:</strong></span> <span class='ocrx_word' id='word_1_260' title='bbox 161 3540 310 3603; x_wconf 81' lang='lat' dir='ltr'><strong>nrotauta</strong></span> <span class='ocrx_word' id='word_1_261' title='bbox 343 3538 450 3617; x_wconf 85' lang='lat' dir='ltr'><strong>Filio,</strong></span> <span class='ocrx_word' id='word_1_262' title='bbox 475 3540 642 3619; x_wconf 72' lang='lat' dir='ltr'><strong>cognoscit</strong></span> <span class='ocrx_word' id='word_1_263' title='bbox 671 3536 799 3602; x_wconf 83' lang='lat' dir='ltr'><strong>Patrem</strong></span> <span class='ocrx_word' id='word_1_264' title='bbox 829 3537 968 3621; x_wconf 88' lang='lat' dir='ltr'><strong>Spirltus</strong></span> <span class='ocrx_word' id='word_1_265' title='bbox 999 3539 1157 3616; x_wconf 78' lang='lat' dir='ltr'><strong>Sanctus,</strong></span> <span class='ocrx_word' id='word_1_266' title='bbox 1180 3558 1259 3621; x_wconf 89' lang='lat' dir='ltr'><strong>ergo</strong></span> 
     </span>
     <span class='ocr_line' id='line_1_29' title="bbox 161 3640 1257 3723; baseline 0.007 -26"><span class='ocrx_word' id='word_1_267' title='bbox 161 3654 193 3699; x_wconf 84' lang='lat' dir='ltr'><strong>ar</strong></span> <span class='ocrx_word' id='word_1_268' title='bbox 210 3640 387 3719; x_wconf 86' lang='lat' dir='ltr'><strong>ignoranlia</strong></span> <span class='ocrx_word' id='word_1_269' title='bbox 408 3640 447 3702; x_wconf 84' lang='lat' dir='ltr'><strong>ad</strong></span> <span class='ocrx_word' id='word_1_270' title='bbox 479 3640 643 3704; x_wconf 85' lang='lat' dir='ltr'><strong>scientiam</strong></span> <span class='ocrx_word' id='word_1_271' title='bbox 670 3641 782 3702; x_wconf 82' lang='lat' dir='ltr'><strong>veuit:</strong></span> <span class='ocrx_word' id='word_1_272' title='bbox 805 3641 894 3720; x_wconf 80' lang='lat' dir='ltr'><strong>qnod</strong></span> <span class='ocrx_word' id='word_1_273' title='bbox 921 3641 1033 3720; x_wconf 88' lang='lat' dir='ltr'><strong>utiquo</strong></span> <span class='ocrx_word' id='word_1_274' title='bbox 1061 3651 1093 3704; x_wconf 86' lang='lat' dir='ltr'><strong>ot</strong></span> <span class='ocrx_word' id='word_1_275' title='bbox 1125 3641 1257 3723; x_wconf 87' lang='lat' dir='ltr'><strong>impium</strong></span> 
     </span>
     <span class='ocr_line' id='line_1_30' title="bbox 95 3738 1260 3820; baseline 0.003 -21"><span class='ocrx_word' id='word_1_276' title='bbox 95 3782 96 3785; x_wconf 63' lang='lat'><strong>,</strong></span> <span class='ocrx_word' id='word_1_277' title='bbox 161 3740 268 3813; x_wconf 83' lang='lat' dir='ltr'><strong>pariter</strong></span> <span class='ocrx_word' id='word_1_278' title='bbox 287 3747 388 3820; x_wconf 86' lang='lat' dir='ltr'><strong>atque</strong></span> <span class='ocrx_word' id='word_1_279' title='bbox 416 3738 554 3803; x_wconf 83' lang='lat' dir='ltr'><strong>stultum</strong></span> <span class='ocrx_word' id='word_1_280' title='bbox 574 3745 644 3814; x_wconf 84' lang='lat' dir='ltr'><strong>est,</strong></span> <span class='ocrx_word' id='word_1_281' title='bbox 667 3738 822 3819; x_wconf 87' lang='lat' dir='ltr'><strong>Spiritum</strong></span> <span class='ocrx_word' id='word_1_282' title='bbox 848 3738 1000 3805; x_wconf 85' lang='lat' dir='ltr'><strong>Sanctum</strong></span> <span class='ocrx_word' id='word_1_283' title='bbox 1027 3740 1198 3816; x_wconf 80' lang='lat' dir='ltr'><strong>confiteri,</strong></span> <span class='ocrx_word' id='word_1_284' title='bbox 1226 3750 1260 3805; x_wconf 84' lang='lat' dir='ltr'><strong>et</strong></span> 
     </span>
     <span class='ocr_line' id='line_1_31' title="bbox 94 3835 1258 3922; baseline 0.008 -26"><span class='ocrx_word' id='word_1_285' title='bbox 94 3885 95 3892; x_wconf 67' lang='grc'>,</span> <span class='ocrx_word' id='word_1_286' title='bbox 161 3836 359 3914; x_wconf 81' lang='lat' dir='ltr'><strong>ignorantiam</strong></span> <span class='ocrx_word' id='word_1_287' title='bbox 379 3840 410 3903; x_wconf 91' lang='lat' dir='ltr'><strong>ei</strong></span> <span class='ocrx_word' id='word_1_288' title='bbox 430 3838 625 3903; x_wconf 83' lang='lat' dir='ltr'><strong>adscribere.</strong></span> <span class='ocrx_word' id='word_1_289' title='bbox 649 3835 722 3904; x_wconf 86' lang='lat' dir='ltr'><strong>Non</strong></span> <span class='ocrx_word' id='word_1_290' title='bbox 743 3840 827 3903; x_wconf 86' lang='lat' dir='ltr'><strong>euim</strong></span> <span class='ocrx_word' id='word_1_291' title='bbox 850 3856 924 3904; x_wconf 84' lang='lat' dir='ltr'><strong>uum</strong></span> <span class='ocrx_word' id='word_1_292' title='bbox 947 3840 1035 3904; x_wconf 84' lang='lat' dir='ltr'><strong>attat</strong></span> <span class='ocrx_word' id='word_1_293' title='bbox 1064 3841 1187 3922; x_wconf 64' lang='lat' dir='ltr'><strong>aliquid</strong></span> <span class='ocrx_word' id='word_1_294' title='bbox 1210 3862 1258 3905; x_wconf 87' lang='lat' dir='ltr'><strong>es-</strong></span> 
     </span>
     <span class='ocr_line' id='line_1_32' title="bbox 160 3938 1260 4021; baseline 0.009 -22"><span class='ocrx_word' id='word_1_295' title='bbox 160 3946 201 4000; x_wconf 83' lang='grc' dir='ltr'><strong>ιιι</strong></span> <span class='ocrx_word' id='word_1_296' title='bbox 216 3949 388 4021; x_wconf 81' lang='lat' dir='ltr'><strong>antequam</strong></span> <span class='ocrx_word' id='word_1_297' title='bbox 408 3938 547 4020; x_wconf 86' lang='lat' dir='ltr'><strong>Spiritus</strong></span> <span class='ocrx_word' id='word_1_298' title='bbox 566 3938 719 4015; x_wconf 86' lang='lat' dir='ltr'><strong>Sanctus,</strong></span> <span class='ocrx_word' id='word_1_299' title='bbox 747 3958 806 4021; x_wconf 84' lang='lat' dir='ltr'><strong>per</strong></span> <span class='ocrx_word' id='word_1_300' title='bbox 827 3940 1010 4021; x_wconf 85' lang='lat' dir='ltr'><strong>proiectum</strong></span> <span class='ocrx_word' id='word_1_301' title='bbox 1037 3944 1123 4006; x_wconf 76' lang='lat' dir='ltr'><strong>venit</strong></span> <span class='ocrx_word' id='word_1_302' title='bbox 1144 3945 1175 4005; x_wconf 92' lang='lat' dir='ltr'><strong>in</strong></span> <span class='ocrx_word' id='word_1_303' title='bbox 1199 3945 1260 4009; x_wconf 86' lang='lat' dir='ltr'><strong>boo</strong></span> 
     </span>
     <span class='ocr_line' id='line_1_33' title="bbox 164 4039 1261 4126; baseline 0.005 -26"><span class='ocrx_word' id='word_1_304' title='bbox 164 4046 193 4100; x_wconf 89' lang='grc' dir='ltr'><strong>ιιι</strong></span> <span class='ocrx_word' id='word_1_305' title='bbox 209 4048 289 4105; x_wconf 86' lang='lat' dir='ltr'><strong>esset</strong></span> <span class='ocrx_word' id='word_1_306' title='bbox 307 4040 450 4121; x_wconf 89' lang='lat' dir='ltr'><strong>Spiritus</strong></span> <span class='ocrx_word' id='word_1_307' title='bbox 469 4039 606 4105; x_wconf 83' lang='lat' dir='ltr'><strong>Sanctus</strong></span> <span class='ocrx_word' id='word_1_308' title='bbox 616 4060 628 4118; x_wconf 90' lang='lat'>;</span> <span class='ocrx_word' id='word_1_309' title='bbox 652 4047 688 4103; x_wconf 88' lang='lat' dir='ltr'><strong>ut</strong></span> <span class='ocrx_word' id='word_1_310' title='bbox 707 4040 781 4122; x_wconf 89' lang='lat' dir='ltr'><strong>quis</strong></span> <span class='ocrx_word' id='word_1_311' title='bbox 801 4040 921 4106; x_wconf 85' lang='lat' dir='ltr'><strong>audent</strong></span> <span class='ocrx_word' id='word_1_312' title='bbox 942 4042 1063 4118; x_wconf 85' lang='lat' dir='ltr'><strong>dicere,</strong></span> <span class='ocrx_word' id='word_1_313' title='bbox 1081 4046 1160 4126; x_wconf 85' lang='lat' dir='ltr'><strong>quta</strong></span> <span class='ocrx_word' id='word_1_314' title='bbox 1184 4053 1261 4107; x_wconf 92' lang='lat' dir='ltr'><strong>tunc</strong></span> 
     </span>
     <span class='ocr_line' id='line_1_34' title="bbox 162 4137 1264 4225; baseline 0.006 -27"><span class='ocrx_word' id='word_1_315' title='bbox 162 4139 297 4219; x_wconf 79' lang='lat' dir='ltr'><strong>quibem,</strong></span> <span class='ocrx_word' id='word_1_316' title='bbox 313 4160 390 4206; x_wconf 87' lang='lat' dir='ltr'><strong>cum</strong></span> <span class='ocrx_word' id='word_1_317' title='bbox 404 4141 547 4204; x_wconf 77' lang='lat' dir='ltr'><strong>nonium</strong></span> <span class='ocrx_word' id='word_1_318' title='bbox 568 4148 653 4204; x_wconf 84' lang='lat' dir='ltr'><strong>esset</strong></span> <span class='ocrx_word' id='word_1_319' title='bbox 673 4137 812 4221; x_wconf 87' lang='lat' dir='ltr'><strong>Spiritus</strong></span> <span class='ocrx_word' id='word_1_320' title='bbox 833 4142 991 4218; x_wconf 88' lang='lat' dir='ltr'><strong>Sanctus,</strong></span> <span class='ocrx_word' id='word_1_321' title='bbox 1015 4144 1184 4225; x_wconf 86' lang='lat' dir='ltr'><strong>ignorabat</strong></span> <span class='ocrx_word' id='word_1_322' title='bbox 1205 4143 1264 4207; x_wconf 78' lang='lat' dir='ltr'><strong>l‘u-</strong></span> 
     </span>
     <span class='ocr_line' id='line_1_35' title="bbox 165 4242 1268 4328; baseline 0.006 -28"><span class='ocrx_word' id='word_1_323' title='bbox 165 4244 255 4305; x_wconf 85' lang='lat' dir='ltr'><strong>trcn:</strong></span> <span class='ocrx_word' id='word_1_324' title='bbox 277 4250 389 4324; x_wconf 86' lang='lat' dir='ltr'><strong>postea</strong></span> <span class='ocrx_word' id='word_1_325' title='bbox 412 4259 608 4324; x_wconf 80' lang='lat' dir='ltr'><strong>veroquam</strong></span> <span class='ocrx_word' id='word_1_326' title='bbox 631 4244 753 4325; x_wconf 85' lang='lat' dir='ltr'><strong>recepit</strong></span> <span class='ocrx_word' id='word_1_327' title='bbox 772 4244 949 4321; x_wconf 85' lang='lat' dir='ltr'><strong>scientiam,</strong></span> <span class='ocrx_word' id='word_1_328' title='bbox 966 4244 1105 4328; x_wconf 84' lang='lat' dir='ltr'><strong>Spiritus</strong></span> <span class='ocrx_word' id='word_1_329' title='bbox 1126 4242 1268 4309; x_wconf 77' lang='lat' dir='ltr'><strong>Sanctus</strong></span> 
     </span>
     <span class='ocr_line' id='line_1_36' title="bbox 164 4338 1264 4427; baseline 0.005 -26"><span class='ocrx_word' id='word_1_330' title='bbox 164 4338 283 4407; x_wconf 70' lang='lat' dir='ltr'><strong>nutus</strong></span> <span class='ocrx_word' id='word_1_331' title='bbox 302 4352 364 4408; x_wconf 86' lang='lat' dir='ltr'><strong>cst.</strong></span> <span class='ocrx_word' id='word_1_332' title='bbox 387 4340 484 4420; x_wconf 80' lang='lat' dir='ltr'><strong>Quot</strong></span> <span class='ocrx_word' id='word_1_333' title='bbox 504 4345 531 4407; x_wconf 87' lang='lat' dir='ltr'><strong>si</strong></span> <span class='ocrx_word' id='word_1_334' title='bbox 551 4351 837 4426; x_wconf 82' lang='lat' dir='ltr'><strong>esset,.uuuquanr</strong></span> <span class='ocrx_word' id='word_1_335' title='bbox 859 4346 972 4427; x_wconf 83' lang='lat' dir='ltr'><strong>utique</strong></span> <span class='ocrx_word' id='word_1_336' title='bbox 993 4346 1026 4409; x_wconf 83' lang='lat' dir='ltr'><strong>in</strong></span> <span class='ocrx_word' id='word_1_337' title='bbox 1048 4348 1171 4410; x_wconf 85' lang='lat' dir='ltr'><strong>unitute</strong></span> <span class='ocrx_word' id='word_1_338' title='bbox 1191 4343 1264 4408; x_wconf 80' lang='lat' dir='ltr'><strong>&#39;l&#39;rt-</strong></span> 
     </span>
     <span class='ocr_line' id='line_1_37' title="bbox 165 4438 1262 4528; baseline 0.005 -27"><span class='ocrx_word' id='word_1_339' title='bbox 165 4438 278 4521; x_wconf 78' lang='lat' dir='ltr'><strong>sitatis,</strong></span> <span class='ocrx_word' id='word_1_340' title='bbox 299 4445 382 4508; x_wconf 82' lang='lat' dir='ltr'><strong>idest</strong></span> <span class='ocrx_word' id='word_1_341' title='bbox 402 4442 462 4507; x_wconf 80' lang='lat' dir='ltr'><strong>[tat</strong></span> <span class='ocrx_word' id='word_1_342' title='bbox 482 4443 587 4509; x_wconf 81' lang='lat' dir='ltr'><strong>Patris</strong></span> <span class='ocrx_word' id='word_1_343' title='bbox 618 4444 871 4510; x_wconf 80' lang='lat' dir='ltr'><strong>inconvertibilis</strong></span> <span class='ocrx_word' id='word_1_344' title='bbox 892 4456 925 4510; x_wconf 86' lang='lat' dir='ltr'><strong>et</strong></span> <span class='ocrx_word' id='word_1_345' title='bbox 947 4445 1019 4510; x_wconf 81' lang='lat' dir='ltr'><strong>Filii</strong></span> <span class='ocrx_word' id='word_1_346' title='bbox 1049 4446 1142 4528; x_wconf 84' lang='lat' dir='ltr'><strong>ejus,</strong></span> <span class='ocrx_word' id='word_1_347' title='bbox 1165 4447 1262 4508; x_wconf 83' lang='lat' dir='ltr'><strong>etium</strong></span> 
     </span>
     <span class='ocr_line' id='line_1_38' title="bbox 165 4536 1263 4629; baseline 0.001 -21"><span class='ocrx_word' id='word_1_348' title='bbox 165 4536 222 4615; x_wconf 78' lang='grc' dir='ltr'>ίιιιι</span> <span class='ocrx_word' id='word_1_349' title='bbox 240 4543 377 4623; x_wconf 85' lang='lat' dir='ltr'><strong>Spiritus</strong></span> <span class='ocrx_word' id='word_1_350' title='bbox 402 4542 538 4608; x_wconf 86' lang='lat' dir='ltr'><strong>Sanctus</strong></span> <span class='ocrx_word' id='word_1_351' title='bbox 569 4544 767 4621; x_wconf 81' lang='lat' dir='ltr'><strong>baberetur,</strong></span> <span class='ocrx_word' id='word_1_352' title='bbox 795 4546 853 4607; x_wconf 90' lang='lat' dir='ltr'><strong>nisi</strong></span> <span class='ocrx_word' id='word_1_353' title='bbox 883 4547 958 4627; x_wconf 83' lang='lat' dir='ltr'><strong>quin</strong></span> <span class='ocrx_word' id='word_1_354' title='bbox 985 4554 1017 4611; x_wconf 89' lang='lat' dir='ltr'><strong>et</strong></span> <span class='ocrx_word' id='word_1_355' title='bbox 1042 4547 1109 4629; x_wconf 83' lang='lat' dir='ltr'><strong>ipse</strong></span> <span class='ocrx_word' id='word_1_356' title='bbox 1134 4563 1263 4627; x_wconf 86' lang='lat' dir='ltr'><strong>semper</strong></span> 
     </span>
    </p>
   </div>
   <div class='ocr_carea' id='block_1_6' title="bbox 0 0 1702 5567">
    <p class='ocr_par' dir='ltr' id='par_1_11' title="bbox 0 0 1702 5567">
     <span class='ocr_line' id='line_1_39' title="bbox 0 0 1702 5567; baseline 0 0"><span class='ocrx_word' id='word_1_357' title='bbox 0 0 1702 5567; x_wconf 95' lang='lat' dir='ltr'><strong> </strong></span> 
     </span>
    </p>
   </div>
  </div>
 </body>
</html>
