<?xml version="1.0" encoding="UTF-8"?>
<!DOCTYPE html PUBLIC "-//W3C//DTD XHTML 1.0 Transitional//EN"
    "http://www.w3.org/TR/xhtml1/DTD/xhtml1-transitional.dtd">
<html xmlns="http://www.w3.org/1999/xhtml" xml:lang="en" lang="en">
 <head>
  <title>
</title>
<meta http-equiv="Content-Type" content="text/html;charset=utf-8" />
  <meta name='ocr-system' content='tesseract 3.04.00' />
  <meta name='ocr-capabilities' content='ocr_page ocr_carea ocr_par ocr_line ocrx_word'/>
</head>
<body>
  <div class='ocr_page' id='page_1' title='image "./insgregoriinyss02vincgoog/insgregoriinyss02vincgoog_0234.png"; bbox 0 0 3375 5567; ppageno 0'>
   <div class='ocr_carea' id='block_1_1' title="bbox 453 669 1543 968">
    <p class='ocr_par' dir='ltr' id='par_1_1' title="bbox 453 669 1543 968">
     <span class='ocr_line' id='line_1_1' title="bbox 456 669 516 745; baseline 0 -1"><span class='ocrx_word' id='word_1_1' title='bbox 456 669 516 745; x_wconf 76' lang='lat' dir='ltr'><strong>ato</strong></span> 
     </span>
     <span class='ocr_line' id='line_1_2' title="bbox 456 780 1543 863; baseline 0.002 -20"><span class='ocrx_word' id='word_1_2' title='bbox 456 782 668 863; x_wconf 84' lang='lat' dir='ltr'><strong>dicibuslegit</strong></span> <span class='ocrx_word' id='word_1_3' title='bbox 689 780 726 852; x_wconf 78' lang='grc' dir='ltr'><strong>δυ</strong></span> <span class='ocrx_word' id='word_1_4' title='bbox 745 801 822 847; x_wconf 85' lang='lat' dir='ltr'><strong>nnn:</strong></span> <span class='ocrx_word' id='word_1_5' title='bbox 847 785 878 848; x_wconf 92' lang='lat' dir='ltr'><strong>in</strong></span> <span class='ocrx_word' id='word_1_6' title='bbox 889 786 1006 849; x_wconf 88' lang='lat' dir='ltr'><strong>ceteris</strong></span> <span class='ocrx_word' id='word_1_7' title='bbox 1024 801 1136 849; x_wconf 88' lang='lat' dir='ltr'><strong>sensus</strong></span> <span class='ocrx_word' id='word_1_8' title='bbox 1154 783 1340 849; x_wconf 86' lang='lat' dir='ltr'><strong>coneordat.</strong></span> <span class='ocrx_word' id='word_1_9' title='bbox 1359 782 1436 859; x_wconf 86' lang='lat' dir='ltr'><strong>Quis</strong></span> <span class='ocrx_word' id='word_1_10' title='bbox 1449 790 1543 846; x_wconf 84' lang='lat' dir='ltr'><strong>auten</strong></span> 
     </span>
     <span class='ocr_line' id='line_1_3' title="bbox 453 882 1542 968; baseline 0.003 -25"><span class='ocrx_word' id='word_1_11' title='bbox 453 882 571 945; x_wconf 88' lang='lat' dir='ltr'><strong>horum</strong></span> <span class='ocrx_word' id='word_1_12' title='bbox 596 901 703 948; x_wconf 86' lang='lat' dir='ltr'><strong>veram</strong></span> <span class='ocrx_word' id='word_1_13' title='bbox 725 886 896 949; x_wconf 88' lang='lat' dir='ltr'><strong>lectionem</strong></span> <span class='ocrx_word' id='word_1_14' title='bbox 917 887 1108 968; x_wconf 83' lang='lat' dir='ltr'><strong>complexus</strong></span> <span class='ocrx_word' id='word_1_15' title='bbox 1128 887 1181 960; x_wconf 86' lang='lat' dir='ltr'><strong>sit,</strong></span> <span class='ocrx_word' id='word_1_16' title='bbox 1204 886 1303 964; x_wconf 90' lang='lat' dir='ltr'><strong>paulo</strong></span> <span class='ocrx_word' id='word_1_17' title='bbox 1325 893 1396 965; x_wconf 87' lang='lat' dir='ltr'><strong>post</strong></span> <span class='ocrx_word' id='word_1_18' title='bbox 1420 885 1542 948; x_wconf 84' lang='lat' dir='ltr'><strong>dicetur.</strong></span> 
     </span>
    </p>
   </div>
   <div class='ocr_carea' id='block_1_2' title="bbox 448 985 1554 4595">
    <p class='ocr_par' dir='ltr' id='par_1_2' title="bbox 451 985 1554 3672">
     <span class='ocr_line' id='line_1_4' title="bbox 533 985 1545 1067; baseline 0 -21"><span class='ocrx_word' id='word_1_19' title='bbox 533 985 657 1048; x_wconf 89' lang='lat' dir='ltr'><strong>interea</strong></span> <span class='ocrx_word' id='word_1_20' title='bbox 673 987 878 1051; x_wconf 79' lang='lat' dir='ltr'><strong>manifestum</strong></span> <span class='ocrx_word' id='word_1_21' title='bbox 899 997 947 1052; x_wconf 87' lang='lat' dir='ltr'><strong>est</strong></span> <span class='ocrx_word' id='word_1_22' title='bbox 960 1007 1002 1052; x_wconf 78' lang='lat' dir='ltr'><strong>es</strong></span> <span class='ocrx_word' id='word_1_23' title='bbox 1018 986 1138 1052; x_wconf 87' lang='lat' dir='ltr'><strong>Huetio</strong></span> <span class='ocrx_word' id='word_1_24' title='bbox 1152 985 1429 1067; x_wconf 81' lang='lat' dir='ltr'><strong>Transcriptorem</strong></span> <span class='ocrx_word' id='word_1_25' title='bbox 1442 987 1545 1050; x_wconf 87' lang='lat' dir='ltr'><strong>cotliels</strong></span> 
     </span>
     <span class='ocr_line' id='line_1_5' title="bbox 457 1082 1549 1169; baseline 0.005 -26"><span class='ocrx_word' id='word_1_26' title='bbox 457 1089 564 1162; x_wconf 89' lang='lat' dir='ltr'><strong>graeci</strong></span> <span class='ocrx_word' id='word_1_27' title='bbox 586 1090 685 1167; x_wconf 89' lang='lat' dir='ltr'><strong>paulo</strong></span> <span class='ocrx_word' id='word_1_28' title='bbox 706 1097 793 1165; x_wconf 87' lang='lat' dir='ltr'><strong>aute,</strong></span> <span class='ocrx_word' id='word_1_29' title='bbox 817 1090 1012 1169; x_wconf 69' lang='lat' dir='ltr'><strong>particulam</strong></span> <span class='ocrx_word' id='word_1_30' title='bbox 1034 1090 1281 1152; x_wconf 73' lang='lat' dir='ltr'><strong>conditionalem</strong></span> <span class='ocrx_word' id='word_1_31' title='bbox 1302 1082 1331 1158; x_wconf 65' lang='lat' dir='ltr'><strong>t,</strong></span> <span class='ocrx_word' id='word_1_32' title='bbox 1344 1087 1439 1151; x_wconf 74' lang='lat' dir='ltr'><strong>riuti</strong></span> <span class='ocrx_word' id='word_1_33' title='bbox 1455 1105 1549 1150; x_wconf 86' lang='lat' dir='ltr'><strong>sermo</strong></span> 
     </span>
     <span class='ocr_line' id='line_1_6' title="bbox 456 1184 1548 1277; baseline 0.003 -32"><span class='ocrx_word' id='word_1_34' title='bbox 456 1184 652 1264; x_wconf 81' lang='lat' dir='ltr'><strong>postulabat,</strong></span> <span class='ocrx_word' id='word_1_35' title='bbox 677 1197 817 1253; x_wconf 88' lang='lat' dir='ltr'><strong>mutasse</strong></span> <span class='ocrx_word' id='word_1_36' title='bbox 839 1192 870 1252; x_wconf 90' lang='lat' dir='ltr'><strong>in</strong></span> <span class='ocrx_word' id='word_1_37' title='bbox 891 1189 915 1277; x_wconf 78' lang='grc' dir='ltr'><strong><em>ἦ</em></strong></span> <span class='ocrx_word' id='word_1_38' title='bbox 935 1207 1012 1253; x_wconf 82' lang='lat' dir='ltr'><strong>num</strong></span> <span class='ocrx_word' id='word_1_39' title='bbox 1035 1190 1249 1252; x_wconf 72' lang='lat' dir='ltr'>dubitativam</span> <span class='ocrx_word' id='word_1_40' title='bbox 1270 1207 1288 1250; x_wconf 93' lang='lat' dir='ltr'><strong>a</strong></span> <span class='ocrx_word' id='word_1_41' title='bbox 1312 1207 1390 1253; x_wconf 84' lang='lat' dir='ltr'><strong>sero</strong></span> <span class='ocrx_word' id='word_1_42' title='bbox 1412 1189 1548 1253; x_wconf 73' lang='lat' dir='ltr'><strong>Auctoris</strong></span> 
     </span>
     <span class='ocr_line' id='line_1_7' title="bbox 452 1287 1548 1370; baseline 0.004 -24"><span class='ocrx_word' id='word_1_43' title='bbox 452 1303 549 1348; x_wconf 88' lang='lat' dir='ltr'><strong>sensu</strong></span> <span class='ocrx_word' id='word_1_44' title='bbox 570 1287 718 1350; x_wconf 88' lang='lat' dir='ltr'><strong>alienam.</strong></span> <span class='ocrx_word' id='word_1_45' title='bbox 735 1287 824 1352; x_wconf 85' lang='lat' dir='ltr'><strong>Untle</strong></span> <span class='ocrx_word' id='word_1_46' title='bbox 847 1291 923 1353; x_wconf 91' lang='lat' dir='ltr'><strong>item</strong></span> <span class='ocrx_word' id='word_1_47' title='bbox 941 1290 1009 1354; x_wconf 88' lang='lat' dir='ltr'><strong>fieri</strong></span> <span class='ocrx_word' id='word_1_48' title='bbox 1033 1291 1139 1370; x_wconf 91' lang='lat' dir='ltr'><strong>potuit</strong></span> <span class='ocrx_word' id='word_1_49' title='bbox 1156 1290 1186 1351; x_wconf 95' lang='lat' dir='ltr'><strong>in</strong></span> <span class='ocrx_word' id='word_1_50' title='bbox 1208 1299 1420 1363; x_wconf 86' lang='lat' dir='ltr'><strong>casunostro,</strong></span> <span class='ocrx_word' id='word_1_51' title='bbox 1443 1289 1548 1352; x_wconf 85' lang='lat' dir='ltr'><strong>utloco</strong></span> 
     </span>
     <span class='ocr_line' id='line_1_8' title="bbox 456 1382 1549 1475; baseline -0.004 -22"><span class='ocrx_word' id='word_1_52' title='bbox 456 1382 492 1453; x_wconf 76' lang='grc' dir='ltr'><strong>δυ</strong></span> <span class='ocrx_word' id='word_1_53' title='bbox 513 1405 577 1448; x_wconf 88' lang='lat' dir='ltr'><strong>non</strong></span> <span class='ocrx_word' id='word_1_54' title='bbox 599 1387 659 1467; x_wconf 82' lang='lat' dir='ltr'><strong>(uti</strong></span> <span class='ocrx_word' id='word_1_55' title='bbox 682 1389 804 1468; x_wconf 76' lang='lat' dir='ltr'><strong>legerat</strong></span> <span class='ocrx_word' id='word_1_56' title='bbox 825 1409 851 1454; x_wconf 90' lang='lat' dir='ltr'><strong>s.</strong></span> <span class='ocrx_word' id='word_1_57' title='bbox 871 1389 1009 1475; x_wconf 76' lang='lat' dir='ltr'><strong>Mastya)</strong></span> <span class='ocrx_word' id='word_1_58' title='bbox 1031 1390 1072 1451; x_wconf 89' lang='lat' dir='ltr'><strong>ab</strong></span> <span class='ocrx_word' id='word_1_59' title='bbox 1093 1391 1162 1469; x_wconf 88' lang='lat' dir='ltr'><strong>ipso</strong></span> <span class='ocrx_word' id='word_1_60' title='bbox 1183 1388 1430 1470; x_wconf 81' lang='lat' dir='ltr'><strong>Transcriptore</strong></span> <span class='ocrx_word' id='word_1_61' title='bbox 1454 1389 1549 1451; x_wconf 86' lang='lat' dir='ltr'><strong>inscri-</strong></span> 
     </span>
     <span class='ocr_line' id='line_1_9' title="bbox 457 1485 1548 1569; baseline 0 -21"><span class='ocrx_word' id='word_1_62' title='bbox 457 1488 592 1552; x_wconf 89' lang='lat' dir='ltr'><strong>beretur</strong></span> <span class='ocrx_word' id='word_1_63' title='bbox 613 1485 642 1558; x_wconf 80' lang='grc' dir='ltr'><strong>ἐι</strong></span> <span class='ocrx_word' id='word_1_64' title='bbox 663 1489 702 1552; x_wconf 75' lang='lat' dir='ltr'><strong>at.</strong></span> <span class='ocrx_word' id='word_1_65' title='bbox 727 1489 879 1554; x_wconf 84' lang='lat' dir='ltr'><strong>Ceterum</strong></span> <span class='ocrx_word' id='word_1_66' title='bbox 910 1500 974 1554; x_wconf 90' lang='lat' dir='ltr'><strong>tam</strong></span> <span class='ocrx_word' id='word_1_67' title='bbox 995 1492 1035 1552; x_wconf 88' lang='lat' dir='ltr'><strong>de</strong></span> <span class='ocrx_word' id='word_1_68' title='bbox 1058 1492 1117 1554; x_wconf 80' lang='lat' dir='ltr'><strong>ltae</strong></span> <span class='ocrx_word' id='word_1_69' title='bbox 1141 1490 1324 1569; x_wconf 88' lang='lat' dir='ltr'><strong>particula,</strong></span> <span class='ocrx_word' id='word_1_70' title='bbox 1349 1500 1415 1553; x_wconf 86' lang='lat' dir='ltr'><strong>tans</strong></span> <span class='ocrx_word' id='word_1_71' title='bbox 1437 1490 1474 1550; x_wconf 82' lang='lat' dir='ltr'><strong>de</strong></span> <span class='ocrx_word' id='word_1_72' title='bbox 1494 1496 1548 1549; x_wconf 89' lang='lat' dir='ltr'><strong>tota</strong></span> 
     </span>
     <span class='ocr_line' id='line_1_10' title="bbox 458 1589 1548 1673; baseline -0.001 -23"><span class='ocrx_word' id='word_1_73' title='bbox 458 1591 621 1670; x_wconf 79' lang='lat' dir='ltr'><strong>pericope,</strong></span> <span class='ocrx_word' id='word_1_74' title='bbox 646 1591 728 1654; x_wconf 88' lang='lat' dir='ltr'><strong>inter</strong></span> <span class='ocrx_word' id='word_1_75' title='bbox 748 1611 782 1654; x_wconf 92' lang='lat' dir='ltr'><strong>se</strong></span> <span class='ocrx_word' id='word_1_76' title='bbox 797 1593 926 1656; x_wconf 88' lang='lat' dir='ltr'><strong>collatis</strong></span> <span class='ocrx_word' id='word_1_77' title='bbox 949 1593 1121 1672; x_wconf 91' lang='lat' dir='ltr'><strong>utriusque</strong></span> <span class='ocrx_word' id='word_1_78' title='bbox 1135 1601 1168 1654; x_wconf 93' lang='lat' dir='ltr'><strong>et</strong></span> <span class='ocrx_word' id='word_1_79' title='bbox 1190 1592 1350 1673; x_wconf 79' lang='lat' dir='ltr'><strong>Anonymi</strong></span> <span class='ocrx_word' id='word_1_80' title='bbox 1376 1601 1408 1654; x_wconf 90' lang='lat' dir='ltr'><strong>et</strong></span> <span class='ocrx_word' id='word_1_81' title='bbox 1435 1611 1459 1654; x_wconf 86' lang='lat' dir='ltr'><strong>s.</strong></span> <span class='ocrx_word' id='word_1_82' title='bbox 1475 1589 1548 1653; x_wconf 82' lang='lat' dir='ltr'><strong>llar-</strong></span> 
     </span>
     <span class='ocr_line' id='line_1_11' title="bbox 455 1693 1548 1774; baseline 0.003 -24"><span class='ocrx_word' id='word_1_83' title='bbox 455 1693 534 1774; x_wconf 80' lang='lat' dir='ltr'><strong>tyris</strong></span> <span class='ocrx_word' id='word_1_84' title='bbox 558 1700 649 1756; x_wconf 81' lang='lat' dir='ltr'><strong>textu</strong></span> <span class='ocrx_word' id='word_1_85' title='bbox 671 1703 703 1756; x_wconf 90' lang='lat' dir='ltr'><strong>et</strong></span> <span class='ocrx_word' id='word_1_86' title='bbox 726 1697 894 1756; x_wconf 82' lang='lat' dir='ltr'><strong>versione:</strong></span> <span class='ocrx_word' id='word_1_87' title='bbox 917 1695 990 1773; x_wconf 87' lang='lat' dir='ltr'><strong>quis</strong></span> <span class='ocrx_word' id='word_1_88' title='bbox 1010 1695 1050 1756; x_wconf 86' lang='lat' dir='ltr'><strong>de</strong></span> <span class='ocrx_word' id='word_1_89' title='bbox 1076 1693 1262 1757; x_wconf 69' lang='lat' dir='ltr'><strong>sinceritate</strong></span> <span class='ocrx_word' id='word_1_90' title='bbox 1280 1703 1314 1756; x_wconf 90' lang='lat' dir='ltr'><strong>et</strong></span> <span class='ocrx_word' id='word_1_91' title='bbox 1334 1693 1548 1774; x_wconf 76' lang='lat' dir='ltr'><strong>perspicuitate</strong></span> 
     </span>
     <span class='ocr_line' id='line_1_12' title="bbox 454 1791 1550 1886; baseline 0.003 -35"><span class='ocrx_word' id='word_1_92' title='bbox 454 1791 621 1867; x_wconf 85' lang='lat' dir='ltr'><strong>dubitarit,</strong></span> <span class='ocrx_word' id='word_1_93' title='bbox 645 1811 743 1873; x_wconf 88' lang='lat' dir='ltr'><strong>quam</strong></span> <span class='ocrx_word' id='word_1_94' title='bbox 766 1793 946 1874; x_wconf 77' lang='lat' dir='ltr'><strong>praesefert</strong></span> <span class='ocrx_word' id='word_1_95' title='bbox 974 1794 1133 1874; x_wconf 84' lang='lat' dir='ltr'><strong>Pamphili</strong></span> <span class='ocrx_word' id='word_1_96' title='bbox 1156 1803 1265 1858; x_wconf 82' lang='lat' dir='ltr'><strong>textus</strong></span> <span class='ocrx_word' id='word_1_97' title='bbox 1285 1812 1303 1856; x_wconf 92' lang='lat' dir='ltr'><strong>a</strong></span> <span class='ocrx_word' id='word_1_98' title='bbox 1326 1794 1455 1886; x_wconf 80' lang='lat' dir='ltr'><strong>llullino</strong></span> <span class='ocrx_word' id='word_1_99' title='bbox 1477 1801 1550 1855; x_wconf 93' lang='lat' dir='ltr'><strong>tran·</strong></span> 
     </span>
     <span class='ocr_line' id='line_1_13' title="bbox 456 1894 1550 1979; baseline 0 -23"><span class='ocrx_word' id='word_1_100' title='bbox 456 1894 571 1964; x_wconf 86' lang='lat' dir='ltr'><strong>slatus,</strong></span> <span class='ocrx_word' id='word_1_101' title='bbox 593 1913 691 1972; x_wconf 86' lang='lat' dir='ltr'><strong>supra</strong></span> <span class='ocrx_word' id='word_1_102' title='bbox 716 1903 841 1958; x_wconf 83' lang='lat' dir='ltr'><strong>testum</strong></span> <span class='ocrx_word' id='word_1_103' title='bbox 864 1913 1017 1974; x_wconf 89' lang='lat' dir='ltr'><strong>graecum</strong></span> <span class='ocrx_word' id='word_1_104' title='bbox 1040 1894 1199 1979; x_wconf 75' lang='lat' dir='ltr'><strong>Anonymi</strong></span> <span class='ocrx_word' id='word_1_105' title='bbox 1221 1905 1256 1958; x_wconf 91' lang='lat' dir='ltr'><strong>et</strong></span> <span class='ocrx_word' id='word_1_106' title='bbox 1277 1894 1387 1958; x_wconf 88' lang='lat' dir='ltr'><strong>lluetil</strong></span> <span class='ocrx_word' id='word_1_107' title='bbox 1409 1897 1550 1975; x_wconf 81' lang='lat' dir='ltr'><strong>interpre</strong></span> 
     </span>
     <span class='ocr_line' id='line_1_14' title="bbox 455 1993 1550 2078; baseline -0.001 -22"><span class='ocrx_word' id='word_1_108' title='bbox 455 1993 638 2060; x_wconf 77' lang='lat' dir='ltr'><strong>tationem?</strong></span> <span class='ocrx_word' id='word_1_109' title='bbox 659 1995 816 2078; x_wconf 80' lang='lat' dir='ltr'><strong>Origenes</strong></span> <span class='ocrx_word' id='word_1_110' title='bbox 845 2014 985 2076; x_wconf 87' lang='lat' dir='ltr'><strong>namque</strong></span> <span class='ocrx_word' id='word_1_111' title='bbox 1005 2004 1118 2059; x_wconf 89' lang='lat' dir='ltr'><strong>contra</strong></span> <span class='ocrx_word' id='word_1_112' title='bbox 1143 1997 1346 2060; x_wconf 81' lang='lat' dir='ltr'><strong>adversarios</strong></span> <span class='ocrx_word' id='word_1_113' title='bbox 1360 2016 1421 2077; x_wconf 86' lang='lat' dir='ltr'><strong>per</strong></span> <span class='ocrx_word' id='word_1_114' title='bbox 1436 2016 1461 2059; x_wconf 88' lang='lat' dir='ltr'><strong>a.</strong></span> <span class='ocrx_word' id='word_1_115' title='bbox 1477 1997 1550 2060; x_wconf 82' lang='lat' dir='ltr'><strong>llar-</strong></span> 
     </span>
     <span class='ocr_line' id='line_1_15' title="bbox 453 2097 1549 2178; baseline -0.002 -20"><span class='ocrx_word' id='word_1_116' title='bbox 453 2105 556 2178; x_wconf 76' lang='lat' dir='ltr'><strong>tyrem</strong></span> <span class='ocrx_word' id='word_1_117' title='bbox 579 2097 728 2160; x_wconf 87' lang='lat' dir='ltr'><strong>absolute</strong></span> <span class='ocrx_word' id='word_1_118' title='bbox 742 2099 849 2172; x_wconf 82' lang='lat' dir='ltr'><strong>docet,</strong></span> <span class='ocrx_word' id='word_1_119' title='bbox 873 2099 903 2159; x_wconf 93' lang='lat' dir='ltr'><strong>in</strong></span> <span class='ocrx_word' id='word_1_120' title='bbox 925 2098 987 2159; x_wconf 85' lang='lat' dir='ltr'><strong>fine</strong></span> <span class='ocrx_word' id='word_1_121' title='bbox 1009 2098 1131 2171; x_wconf 87' lang='lat' dir='ltr'><strong>mundi,</strong></span> <span class='ocrx_word' id='word_1_122' title='bbox 1147 2117 1205 2160; x_wconf 89' lang='lat' dir='ltr'><strong>aen</strong></span> <span class='ocrx_word' id='word_1_123' title='bbox 1228 2100 1259 2160; x_wconf 96' lang='lat' dir='ltr'><strong>in</strong></span> <span class='ocrx_word' id='word_1_124' title='bbox 1279 2099 1424 2163; x_wconf 78' lang='lat' dir='ltr'><strong>adventu</strong></span> <span class='ocrx_word' id='word_1_125' title='bbox 1438 2097 1549 2162; x_wconf 78' lang='lat' dir='ltr'><strong>Domini</strong></span> 
     </span>
     <span class='ocr_line' id='line_1_16' title="bbox 453 2197 1549 2275; baseline 0.003 -20"><span class='ocrx_word' id='word_1_126' title='bbox 453 2197 625 2260; x_wconf 85' lang='lat' dir='ltr'><strong>vindictam</strong></span> <span class='ocrx_word' id='word_1_127' title='bbox 649 2198 718 2260; x_wconf 89' lang='lat' dir='ltr'><strong>dari</strong></span> <span class='ocrx_word' id='word_1_128' title='bbox 742 2217 804 2262; x_wconf 91' lang='lat' dir='ltr'><strong>nou</strong></span> <span class='ocrx_word' id='word_1_129' title='bbox 827 2200 859 2262; x_wconf 93' lang='lat' dir='ltr'><strong>in</strong></span> <span class='ocrx_word' id='word_1_130' title='bbox 881 2200 1149 2262; x_wconf 79' lang='lat' dir='ltr'><strong>transmutatione</strong></span> <span class='ocrx_word' id='word_1_131' title='bbox 1168 2200 1363 2275; x_wconf 88' lang='lat' dir='ltr'><strong>animarum,</strong></span> <span class='ocrx_word' id='word_1_132' title='bbox 1385 2217 1462 2262; x_wconf 86' lang='lat' dir='ltr'><strong>eum</strong></span> <span class='ocrx_word' id='word_1_133' title='bbox 1485 2206 1549 2261; x_wconf 88' lang='lat' dir='ltr'><strong>tuuc</strong></span> 
     </span>
     <span class='ocr_line' id='line_1_17' title="bbox 453 2297 1549 2381; baseline -0.001 -21"><span class='ocrx_word' id='word_1_134' title='bbox 453 2299 563 2362; x_wconf 91' lang='lat' dir='ltr'><strong>nullus</strong></span> <span class='ocrx_word' id='word_1_135' title='bbox 589 2301 740 2379; x_wconf 89' lang='lat' dir='ltr'><strong>peccandi</strong></span> <span class='ocrx_word' id='word_1_136' title='bbox 769 2301 863 2364; x_wconf 89' lang='lat' dir='ltr'><strong>locus</strong></span> <span class='ocrx_word' id='word_1_137' title='bbox 884 2300 957 2363; x_wconf 86' lang='lat' dir='ltr'><strong>erit.</strong></span> <span class='ocrx_word' id='word_1_138' title='bbox 983 2297 1078 2374; x_wconf 83' lang='lat' dir='ltr'><strong>idest,</strong></span> <span class='ocrx_word' id='word_1_139' title='bbox 1096 2317 1171 2363; x_wconf 92' lang='lat' dir='ltr'><strong>cum</strong></span> <span class='ocrx_word' id='word_1_140' title='bbox 1194 2319 1305 2365; x_wconf 91' lang='lat' dir='ltr'><strong>omues</strong></span> <span class='ocrx_word' id='word_1_141' title='bbox 1326 2311 1507 2381; x_wconf 84' lang='lat' dir='ltr'><strong>peccatores</strong></span> <span class='ocrx_word' id='word_1_142' title='bbox 1524 2300 1549 2360; x_wconf 91' lang='lat' dir='ltr'><strong>in</strong></span> 
     </span>
     <span class='ocr_line' id='line_1_18' title="bbox 451 2398 1549 2481; baseline -0.002 -21"><span class='ocrx_word' id='word_1_143' title='bbox 451 2399 593 2463; x_wconf 82' lang='lat' dir='ltr'><strong>adventu</strong></span> <span class='ocrx_word' id='word_1_144' title='bbox 617 2398 689 2464; x_wconf 82' lang='lat' dir='ltr'><strong>Filii</strong></span> <span class='ocrx_word' id='word_1_145' title='bbox 713 2401 851 2464; x_wconf 88' lang='lat' dir='ltr'><strong>hominis</strong></span> <span class='ocrx_word' id='word_1_146' title='bbox 873 2401 1024 2481; x_wconf 85' lang='lat' dir='ltr'><strong>puniendi</strong></span> <span class='ocrx_word' id='word_1_147' title='bbox 1041 2401 1115 2474; x_wconf 90' lang='lat' dir='ltr'><strong>sint,</strong></span> <span class='ocrx_word' id='word_1_148' title='bbox 1134 2401 1195 2464; x_wconf 79' lang='lat' dir='ltr'><strong>laec</strong></span> <span class='ocrx_word' id='word_1_149' title='bbox 1210 2402 1280 2464; x_wconf 85' lang='lat' dir='ltr'><strong>lieri</strong></span> <span class='ocrx_word' id='word_1_150' title='bbox 1301 2415 1365 2464; x_wconf 92' lang='lat' dir='ltr'><strong>uon</strong></span> <span class='ocrx_word' id='word_1_151' title='bbox 1385 2408 1488 2481; x_wconf 87' lang='lat' dir='ltr'><strong>potest</strong></span> <span class='ocrx_word' id='word_1_152' title='bbox 1500 2416 1549 2479; x_wconf 91' lang='lat' dir='ltr'><strong>per</strong></span> 
     </span>
     <span class='ocr_line' id='line_1_19' title="bbox 453 2501 1550 2581; baseline 0.002 -19"><span class='ocrx_word' id='word_1_153' title='bbox 453 2502 635 2563; x_wconf 89' lang='lat' dir='ltr'><strong>animarum</strong></span> <span class='ocrx_word' id='word_1_154' title='bbox 658 2502 902 2580; x_wconf 81' lang='lat' dir='ltr'><strong>emigrationem</strong></span> <span class='ocrx_word' id='word_1_155' title='bbox 924 2503 958 2563; x_wconf 93' lang='lat' dir='ltr'><strong>iu</strong></span> <span class='ocrx_word' id='word_1_156' title='bbox 978 2501 1081 2564; x_wconf 90' lang='lat' dir='ltr'><strong>aliena</strong></span> <span class='ocrx_word' id='word_1_157' title='bbox 1103 2519 1257 2581; x_wconf 90' lang='lat' dir='ltr'><strong>corpora,</strong></span> <span class='ocrx_word' id='word_1_158' title='bbox 1271 2519 1345 2566; x_wconf 91' lang='lat' dir='ltr'><strong>cum</strong></span> <span class='ocrx_word' id='word_1_159' title='bbox 1367 2502 1428 2566; x_wconf 87' lang='lat' dir='ltr'><strong>ista</strong></span> <span class='ocrx_word' id='word_1_160' title='bbox 1450 2519 1550 2580; x_wconf 83' lang='lat' dir='ltr'><strong>corpo</strong></span> 
     </span>
     <span class='ocr_line' id='line_1_20' title="bbox 452 2601 1548 2682; baseline -0.001 -21"><span class='ocrx_word' id='word_1_161' title='bbox 452 2616 489 2662; x_wconf 89' lang='lat' dir='ltr'><strong>ra</strong></span> <span class='ocrx_word' id='word_1_162' title='bbox 512 2601 651 2680; x_wconf 90' lang='lat' dir='ltr'><strong>amplius</strong></span> <span class='ocrx_word' id='word_1_163' title='bbox 672 2619 734 2663; x_wconf 90' lang='lat' dir='ltr'><strong>non</strong></span> <span class='ocrx_word' id='word_1_164' title='bbox 755 2604 831 2674; x_wconf 90' lang='lat' dir='ltr'><strong>sint,</strong></span> <span class='ocrx_word' id='word_1_165' title='bbox 847 2601 903 2662; x_wconf 88' lang='lat' dir='ltr'><strong>ubi</strong></span> <span class='ocrx_word' id='word_1_166' title='bbox 926 2617 1061 2681; x_wconf 89' lang='lat' dir='ltr'><strong>poenam</strong></span> <span class='ocrx_word' id='word_1_167' title='bbox 1083 2610 1291 2682; x_wconf 87' lang='lat' dir='ltr'><strong>peccatorum</strong></span> <span class='ocrx_word' id='word_1_168' title='bbox 1307 2602 1353 2664; x_wconf 90' lang='lat' dir='ltr'><strong>lui</strong></span> <span class='ocrx_word' id='word_1_169' title='bbox 1368 2601 1548 2665; x_wconf 75' lang='lat' dir='ltr'><strong>accessesit:</strong></span> 
     </span>
     <span class='ocr_line' id='line_1_21' title="bbox 453 2701 1550 2781; baseline -0.001 -20"><span class='ocrx_word' id='word_1_170' title='bbox 453 2719 558 2780; x_wconf 91' lang='lat' dir='ltr'><strong>neque</strong></span> <span class='ocrx_word' id='word_1_171' title='bbox 579 2702 672 2765; x_wconf 90' lang='lat' dir='ltr'><strong>locus</strong></span> <span class='ocrx_word' id='word_1_172' title='bbox 694 2703 790 2764; x_wconf 89' lang='lat' dir='ltr'><strong>detur</strong></span> <span class='ocrx_word' id='word_1_173' title='bbox 811 2701 951 2781; x_wconf 89' lang='lat' dir='ltr'><strong>amplius</strong></span> <span class='ocrx_word' id='word_1_174' title='bbox 973 2703 1147 2781; x_wconf 82' lang='lat' dir='ltr'><strong>peecantt;</strong></span> <span class='ocrx_word' id='word_1_175' title='bbox 1165 2703 1220 2764; x_wconf 87' lang='lat' dir='ltr'><strong>sed</strong></span> <span class='ocrx_word' id='word_1_176' title='bbox 1242 2703 1305 2764; x_wconf 90' lang='lat' dir='ltr'><strong>alia</strong></span> <span class='ocrx_word' id='word_1_177' title='bbox 1320 2710 1419 2765; x_wconf 85' lang='lat' dir='ltr'><strong>erunt</strong></span> <span class='ocrx_word' id='word_1_178' title='bbox 1432 2702 1550 2779; x_wconf 89' lang='lat' dir='ltr'><strong>castiga·</strong></span> 
     </span>
     <span class='ocr_line' id='line_1_22' title="bbox 452 2801 1551 2883; baseline -0.003 -19"><span class='ocrx_word' id='word_1_179' title='bbox 452 2804 545 2865; x_wconf 89' lang='lat' dir='ltr'><strong>tionis</strong></span> <span class='ocrx_word' id='word_1_180' title='bbox 572 2821 700 2882; x_wconf 87' lang='lat' dir='ltr'><strong>genera.</strong></span> <span class='ocrx_word' id='word_1_181' title='bbox 726 2802 902 2883; x_wconf 83' lang='lat' dir='ltr'><strong>Propterea</strong></span> <span class='ocrx_word' id='word_1_182' title='bbox 930 2803 1039 2865; x_wconf 88' lang='lat' dir='ltr'><strong>subdit</strong></span> <span class='ocrx_word' id='word_1_183' title='bbox 1062 2802 1294 2877; x_wconf 74' lang='lat' dir='ltr'><strong>Adamantius,</strong></span> <span class='ocrx_word' id='word_1_184' title='bbox 1325 2801 1551 2864; x_wconf 90' lang='lat' dir='ltr'><strong>transmutatio·</strong></span> 
     </span>
     <span class='ocr_line' id='line_1_23' title="bbox 452 2903 1549 2984; baseline -0.005 -18"><span class='ocrx_word' id='word_1_185' title='bbox 452 2921 524 2966; x_wconf 85' lang='lat' dir='ltr'><strong>nem</strong></span> <span class='ocrx_word' id='word_1_186' title='bbox 539 2921 714 2984; x_wconf 86' lang='lat' dir='ltr'><strong>corporum</strong></span> <span class='ocrx_word' id='word_1_187' title='bbox 733 2921 794 2966; x_wconf 89' lang='lat' dir='ltr'><strong>noo</strong></span> <span class='ocrx_word' id='word_1_188' title='bbox 810 2904 1008 2966; x_wconf 89' lang='lat' dir='ltr'><strong>constituere</strong></span> <span class='ocrx_word' id='word_1_189' title='bbox 1021 2920 1130 2966; x_wconf 84' lang='lat' dir='ltr'><strong>veram</strong></span> <span class='ocrx_word' id='word_1_190' title='bbox 1143 2903 1399 2983; x_wconf 88' lang='lat' dir='ltr'><strong>delinquentium</strong></span> <span class='ocrx_word' id='word_1_191' title='bbox 1417 2917 1549 2981; x_wconf 90' lang='lat' dir='ltr'><strong>poenam,</strong></span> 
     </span>
     <span class='ocr_line' id='line_1_24' title="bbox 452 3002 1551 3085; baseline -0.005 -17"><span class='ocrx_word' id='word_1_192' title='bbox 452 3024 526 3068; x_wconf 90' lang='lat' dir='ltr'><strong>cum</strong></span> <span class='ocrx_word' id='word_1_193' title='bbox 550 3006 598 3068; x_wconf 90' lang='lat' dir='ltr'><strong>isti</strong></span> <span class='ocrx_word' id='word_1_194' title='bbox 621 3023 685 3067; x_wconf 93' lang='lat' dir='ltr'><strong>non</strong></span> <span class='ocrx_word' id='word_1_195' title='bbox 707 3005 738 3066; x_wconf 92' lang='lat' dir='ltr'><strong>ln</strong></span> <span class='ocrx_word' id='word_1_196' title='bbox 766 3004 900 3085; x_wconf 92' lang='lat' dir='ltr'><strong>proprio</strong></span> <span class='ocrx_word' id='word_1_197' title='bbox 922 3022 1061 3084; x_wconf 89' lang='lat' dir='ltr'><strong>corpore</strong></span> <span class='ocrx_word' id='word_1_198' title='bbox 1091 3004 1146 3067; x_wconf 81' lang='lat' dir='ltr'><strong>seu</strong></span> <span class='ocrx_word' id='word_1_199' title='bbox 1171 3005 1204 3065; x_wconf 90' lang='lat' dir='ltr'><strong>in</strong></span> <span class='ocrx_word' id='word_1_200' title='bbox 1228 3003 1335 3066; x_wconf 90' lang='lat' dir='ltr'><strong>alieno</strong></span> <span class='ocrx_word' id='word_1_201' title='bbox 1356 3019 1474 3082; x_wconf 87' lang='lat' dir='ltr'><strong>poenas</strong></span> <span class='ocrx_word' id='word_1_202' title='bbox 1492 3002 1551 3064; x_wconf 90' lang='lat' dir='ltr'><strong>lue·</strong></span> 
     </span>
     <span class='ocr_line' id='line_1_25' title="bbox 455 3101 1552 3185; baseline -0.004 -19"><span class='ocrx_word' id='word_1_203' title='bbox 455 3114 527 3169; x_wconf 87' lang='lat' dir='ltr'><strong>rent</strong></span> <span class='ocrx_word' id='word_1_204' title='bbox 547 3115 754 3185; x_wconf 88' lang='lat' dir='ltr'><strong>peccatorum</strong></span> <span class='ocrx_word' id='word_1_205' title='bbox 775 3122 936 3183; x_wconf 69' lang='lat' dir='ltr'><strong>suorum:</strong></span> <span class='ocrx_word' id='word_1_206' title='bbox 954 3122 1028 3168; x_wconf 90' lang='lat' dir='ltr'><strong>cum</strong></span> <span class='ocrx_word' id='word_1_207' title='bbox 1043 3105 1138 3167; x_wconf 92' lang='lat' dir='ltr'><strong>aliter</strong></span> <span class='ocrx_word' id='word_1_208' title='bbox 1158 3110 1191 3166; x_wconf 89' lang='lat' dir='ltr'><strong>et</strong></span> <span class='ocrx_word' id='word_1_209' title='bbox 1214 3103 1344 3182; x_wconf 82' lang='lat' dir='ltr'><strong>quitleut</strong></span> <span class='ocrx_word' id='word_1_210' title='bbox 1362 3102 1440 3183; x_wconf 86' lang='lat' dir='ltr'><strong>jure</strong></span> <span class='ocrx_word' id='word_1_211' title='bbox 1460 3101 1552 3164; x_wconf 81' lang='lat' dir='ltr'><strong>dieen-</strong></span> 
     </span>
     <span class='ocr_line' id='line_1_26' title="bbox 451 3203 1552 3286; baseline -0.005 -19"><span class='ocrx_word' id='word_1_212' title='bbox 451 3207 529 3269; x_wconf 86' lang='lat' dir='ltr'><strong>dum</strong></span> <span class='ocrx_word' id='word_1_213' title='bbox 544 3209 585 3269; x_wconf 91' lang='lat' dir='ltr'><strong>sit</strong></span> <span class='ocrx_word' id='word_1_214' title='bbox 600 3209 631 3270; x_wconf 94' lang='lat' dir='ltr'><strong>in</strong></span> <span class='ocrx_word' id='word_1_215' title='bbox 653 3223 791 3285; x_wconf 87' lang='lat' dir='ltr'><strong>corpore</strong></span> <span class='ocrx_word' id='word_1_216' title='bbox 816 3223 877 3270; x_wconf 88' lang='lat' dir='ltr'><strong>suo</strong></span> <span class='ocrx_word' id='word_1_217' title='bbox 897 3223 1073 3286; x_wconf 84' lang='lat' dir='ltr'><strong>quemque,</strong></span> <span class='ocrx_word' id='word_1_218' title='bbox 1087 3222 1155 3285; x_wconf 89' lang='lat' dir='ltr'><strong>quo</strong></span> <span class='ocrx_word' id='word_1_219' title='bbox 1179 3205 1265 3266; x_wconf 88' lang='lat' dir='ltr'><strong>mule</strong></span> <span class='ocrx_word' id='word_1_220' title='bbox 1287 3205 1365 3283; x_wconf 88' lang='lat' dir='ltr'><strong>agit,</strong></span> <span class='ocrx_word' id='word_1_221' title='bbox 1379 3203 1552 3281; x_wconf 71' lang='lat' dir='ltr'><strong>poenasde</strong></span> 
     </span>
     <span class='ocr_line' id='line_1_27' title="bbox 452 3305 1552 3388; baseline -0.006 -19"><span class='ocrx_word' id='word_1_222' title='bbox 452 3326 499 3370; x_wconf 87' lang='lat' dir='ltr'><strong>ra.</strong></span> <span class='ocrx_word' id='word_1_223' title='bbox 519 3306 567 3370; x_wconf 87' lang='lat' dir='ltr'><strong>Ac</strong></span> <span class='ocrx_word' id='word_1_224' title='bbox 586 3309 632 3371; x_wconf 88' lang='lat' dir='ltr'><strong>sie</strong></span> <span class='ocrx_word' id='word_1_225' title='bbox 654 3315 817 3388; x_wconf 84' lang='lat' dir='ltr'><strong>expugnat</strong></span> <span class='ocrx_word' id='word_1_226' title='bbox 838 3307 1007 3386; x_wconf 90' lang='lat' dir='ltr'><strong>gentilium</strong></span> <span class='ocrx_word' id='word_1_227' title='bbox 1031 3307 1174 3369; x_wconf 89' lang='lat' dir='ltr'><strong>lallacias</strong></span> <span class='ocrx_word' id='word_1_228' title='bbox 1197 3307 1229 3367; x_wconf 94' lang='lat' dir='ltr'><strong>in</strong></span> <span class='ocrx_word' id='word_1_229' title='bbox 1249 3306 1317 3368; x_wconf 89' lang='lat' dir='ltr'><strong>suis</strong></span> <span class='ocrx_word' id='word_1_230' title='bbox 1335 3305 1552 3368; x_wconf 80' lang='lat' dir='ltr'><strong>assertionibus</strong></span> 
     </span>
     <span class='ocr_line' id='line_1_28' title="bbox 451 3400 1554 3486; baseline -0.005 -18"><span class='ocrx_word' id='word_1_231' title='bbox 451 3408 537 3470; x_wconf 87' lang='lat' dir='ltr'><strong>eirca</strong></span> <span class='ocrx_word' id='word_1_232' title='bbox 560 3407 740 3470; x_wconf 86' lang='lat' dir='ltr'><strong>animarum</strong></span> <span class='ocrx_word' id='word_1_233' title='bbox 763 3408 985 3486; x_wconf 88' lang='lat' dir='ltr'><strong>migrationem</strong></span> <span class='ocrx_word' id='word_1_234' title='bbox 1007 3405 1048 3468; x_wconf 81' lang='lat' dir='ltr'><strong>tle</strong></span> <span class='ocrx_word' id='word_1_235' title='bbox 1068 3406 1262 3486; x_wconf 83' lang='lat' dir='ltr'><strong>corporibus</strong></span> <span class='ocrx_word' id='word_1_236' title='bbox 1283 3404 1324 3465; x_wconf 86' lang='lat' dir='ltr'><strong>ad</strong></span> <span class='ocrx_word' id='word_1_237' title='bbox 1338 3404 1444 3466; x_wconf 91' lang='lat' dir='ltr'><strong>aliena</strong></span> <span class='ocrx_word' id='word_1_238' title='bbox 1465 3405 1495 3465; x_wconf 89' lang='lat' dir='ltr'><strong>in</strong></span> <span class='ocrx_word' id='word_1_239' title='bbox 1510 3400 1554 3463; x_wconf 85' lang='lat' dir='ltr'><strong>sul</strong></span> 
     </span>
     <span class='ocr_line' id='line_1_29' title="bbox 453 3502 1551 3586; baseline -0.005 -16"><span class='ocrx_word' id='word_1_240' title='bbox 453 3522 589 3586; x_wconf 87' lang='lat' dir='ltr'><strong>poenam</strong></span> <span class='ocrx_word' id='word_1_241' title='bbox 610 3509 722 3570; x_wconf 88' lang='lat' dir='ltr'><strong>errati.</strong></span> <span class='ocrx_word' id='word_1_242' title='bbox 746 3506 787 3570; x_wconf 86' lang='lat' dir='ltr'><strong>Et</strong></span> <span class='ocrx_word' id='word_1_243' title='bbox 807 3509 852 3570; x_wconf 88' lang='lat' dir='ltr'><strong>sie</strong></span> <span class='ocrx_word' id='word_1_244' title='bbox 873 3525 907 3570; x_wconf 89' lang='lat' dir='ltr'><strong>ae</strong></span> <span class='ocrx_word' id='word_1_245' title='bbox 930 3505 1025 3568; x_wconf 84' lang='lat' dir='ltr'><strong>habet</strong></span> <span class='ocrx_word' id='word_1_246' title='bbox 1044 3521 1156 3569; x_wconf 85' lang='lat' dir='ltr'><strong>sensus</strong></span> <span class='ocrx_word' id='word_1_247' title='bbox 1180 3502 1380 3567; x_wconf 84' lang='lat' dir='ltr'><strong>Rulliniauae</strong></span> <span class='ocrx_word' id='word_1_248' title='bbox 1397 3503 1551 3574; x_wconf 74' lang='lat' dir='ltr'><strong>nomionis,</strong></span> 
     </span>
     <span class='ocr_line' id='line_1_30' title="bbox 454 3606 1340 3672; baseline -0.005 -2"><span class='ocrx_word' id='word_1_249' title='bbox 454 3614 488 3670; x_wconf 91' lang='lat' dir='ltr'><strong>et</strong></span> <span class='ocrx_word' id='word_1_250' title='bbox 508 3625 584 3670; x_wconf 86' lang='lat' dir='ltr'><strong>sune</strong></span> <span class='ocrx_word' id='word_1_251' title='bbox 606 3606 791 3672; x_wconf 89' lang='lat' dir='ltr'><strong>luculenter</strong></span> <span class='ocrx_word' id='word_1_252' title='bbox 813 3608 969 3670; x_wconf 89' lang='lat' dir='ltr'><strong>Auctoris</strong></span> <span class='ocrx_word' id='word_1_253' title='bbox 990 3608 1087 3670; x_wconf 90' lang='lat' dir='ltr'><strong>menti</strong></span> <span class='ocrx_word' id='word_1_254' title='bbox 1110 3607 1340 3669; x_wconf 86' lang='lat' dir='ltr'><strong>consectarius.</strong></span> 
     </span>
    </p>

    <p class='ocr_par' dir='ltr' id='par_1_3' title="bbox 448 3703 1554 4595">
     <span class='ocr_line' id='line_1_31' title="bbox 531 3703 1553 3788; baseline -0.009 -18"><span class='ocrx_word' id='word_1_255' title='bbox 531 3706 582 3770; x_wconf 86' lang='lat' dir='ltr'><strong>Ex</strong></span> <span class='ocrx_word' id='word_1_256' title='bbox 597 3709 734 3770; x_wconf 84' lang='lat' dir='ltr'><strong>adverso</strong></span> <span class='ocrx_word' id='word_1_257' title='bbox 750 3725 850 3788; x_wconf 92' lang='lat' dir='ltr'><strong>porro</strong></span> <span class='ocrx_word' id='word_1_258' title='bbox 866 3706 1018 3782; x_wconf 86' lang='lat' dir='ltr'><strong>lluetins,</strong></span> <span class='ocrx_word' id='word_1_259' title='bbox 1033 3714 1092 3768; x_wconf 90' lang='lat' dir='ltr'><strong>aut</strong></span> <span class='ocrx_word' id='word_1_260' title='bbox 1107 3708 1214 3786; x_wconf 90' lang='lat' dir='ltr'><strong>potius</strong></span> <span class='ocrx_word' id='word_1_261' title='bbox 1230 3703 1460 3785; x_wconf 85' lang='lat' dir='ltr'><strong>Transcriptor</strong></span> <span class='ocrx_word' id='word_1_262' title='bbox 1472 3717 1553 3782; x_wconf 74' lang='lat' dir='ltr'><strong>grae·</strong></span> 
     </span>
     <span class='ocr_line' id='line_1_32' title="bbox 450 3800 1553 3890; baseline -0.008 -19"><span class='ocrx_word' id='word_1_263' title='bbox 450 3825 509 3871; x_wconf 87' lang='lat' dir='ltr'><strong>cus</strong></span> <span class='ocrx_word' id='word_1_264' title='bbox 529 3809 678 3871; x_wconf 87' lang='lat' dir='ltr'><strong>eumdem</strong></span> <span class='ocrx_word' id='word_1_265' title='bbox 701 3809 941 3890; x_wconf 82' lang='lat' dir='ltr'><strong>paragraphum</strong></span> <span class='ocrx_word' id='word_1_266' title='bbox 961 3806 1161 3871; x_wconf 82' lang='lat' dir='ltr'><strong>obscuritate</strong></span> <span class='ocrx_word' id='word_1_267' title='bbox 1181 3806 1273 3868; x_wconf 84' lang='lat' dir='ltr'><strong>nobis</strong></span> <span class='ocrx_word' id='word_1_268' title='bbox 1303 3805 1418 3887; x_wconf 90' lang='lat' dir='ltr'><strong>objicit</strong></span> <span class='ocrx_word' id='word_1_269' title='bbox 1438 3800 1553 3865; x_wconf 80' lang='lat' dir='ltr'><strong>insolu-</strong></span> 
     </span>
     <span class='ocr_line' id='line_1_33' title="bbox 450 3903 1552 3988; baseline -0.01 -18"><span class='ocrx_word' id='word_1_270' title='bbox 450 3917 533 3988; x_wconf 82' lang='lat' dir='ltr'><strong>tnm3</strong></span> <span class='ocrx_word' id='word_1_271' title='bbox 544 3916 577 3970; x_wconf 90' lang='lat' dir='ltr'><strong>et</strong></span> <span class='ocrx_word' id='word_1_272' title='bbox 594 3908 732 3987; x_wconf 86' lang='lat' dir='ltr'><strong>amplius</strong></span> <span class='ocrx_word' id='word_1_273' title='bbox 745 3926 857 3971; x_wconf 90' lang='lat' dir='ltr'><strong>sensus</strong></span> <span class='ocrx_word' id='word_1_274' title='bbox 873 3907 974 3983; x_wconf 91' lang='lat' dir='ltr'><strong>illius,</strong></span> <span class='ocrx_word' id='word_1_275' title='bbox 988 3906 1155 3970; x_wconf 85' lang='lat' dir='ltr'><strong>contextui</strong></span> <span class='ocrx_word' id='word_1_276' title='bbox 1171 3909 1403 3984; x_wconf 80' lang='lat' dir='ltr'><strong>inconsequens</strong></span> <span class='ocrx_word' id='word_1_277' title='bbox 1418 3903 1552 3983; x_wconf 80' lang='lat' dir='ltr'><strong>apparet3</strong></span> 
     </span>
     <span class='ocr_line' id='line_1_34' title="bbox 451 4007 1553 4090; baseline -0.011 -19"><span class='ocrx_word' id='word_1_278' title='bbox 451 4017 483 4072; x_wconf 89' lang='lat' dir='ltr'><strong>et</strong></span> <span class='ocrx_word' id='word_1_279' title='bbox 503 4010 668 4090; x_wconf 86' lang='lat' dir='ltr'><strong>speciatim</strong></span> <span class='ocrx_word' id='word_1_280' title='bbox 685 4009 724 4070; x_wconf 88' lang='lat' dir='ltr'><strong>ab</strong></span> <span class='ocrx_word' id='word_1_281' title='bbox 746 4010 845 4070; x_wconf 90' lang='lat' dir='ltr'><strong>initio.</strong></span> <span class='ocrx_word' id='word_1_282' title='bbox 865 4010 920 4070; x_wconf 88' lang='lat' dir='ltr'><strong>Ait</strong></span> <span class='ocrx_word' id='word_1_283' title='bbox 939 4010 1036 4072; x_wconf 88' lang='lat' dir='ltr'><strong>enim:</strong></span> <span class='ocrx_word' id='word_1_284' title='bbox 1050 4007 1226 4086; x_wconf 68' lang='lat' dir='ltr'><strong>punmntnr</strong></span> <span class='ocrx_word' id='word_1_285' title='bbox 1245 4016 1349 4069; x_wconf 82' lang='lat' dir='ltr'><strong>antem</strong></span> <span class='ocrx_word' id='word_1_286' title='bbox 1370 4022 1477 4066; x_wconf 78' lang='lat' dir='ltr'><strong>eornm</strong></span> <span class='ocrx_word' id='word_1_287' title='bbox 1490 4016 1553 4080; x_wconf 78' lang='lat' dir='ltr'><strong>pre</strong></span> 
     </span>
     <span class='ocr_line' id='line_1_35' title="bbox 451 4106 1554 4189; baseline -0.005 -18"><span class='ocrx_word' id='word_1_288' title='bbox 451 4119 533 4186; x_wconf 84' lang='lat' dir='ltr'><strong>ento,</strong></span> <span class='ocrx_word' id='word_1_289' title='bbox 556 4110 614 4189; x_wconf 83' lang='lat' dir='ltr'><strong>qni</strong></span> <span class='ocrx_word' id='word_1_290' title='bbox 633 4119 710 4172; x_wconf 86' lang='lat' dir='ltr'><strong>tnnc</strong></span> <span class='ocrx_word' id='word_1_291' title='bbox 723 4119 832 4183; x_wconf 83' lang='lat' dir='ltr'><strong>erunt,</strong></span> <span class='ocrx_word' id='word_1_292' title='bbox 847 4108 929 4172; x_wconf 88' lang='lat' dir='ltr'><strong>idest</strong></span> <span class='ocrx_word' id='word_1_293' title='bbox 947 4110 980 4171; x_wconf 92' lang='lat' dir='ltr'><strong>in</strong></span> <span class='ocrx_word' id='word_1_294' title='bbox 1000 4110 1142 4172; x_wconf 78' lang='lat' dir='ltr'><strong>adventu</strong></span> <span class='ocrx_word' id='word_1_295' title='bbox 1159 4106 1233 4170; x_wconf 86' lang='lat' dir='ltr'><strong>Filii</strong></span> <span class='ocrx_word' id='word_1_296' title='bbox 1255 4107 1411 4183; x_wconf 73' lang='lat' dir='ltr'><strong>hominis:</strong></span> <span class='ocrx_word' id='word_1_297' title='bbox 1427 4122 1487 4165; x_wconf 86' lang='lat' dir='ltr'><strong>non</strong></span> <span class='ocrx_word' id='word_1_298' title='bbox 1503 4115 1554 4180; x_wconf 71' lang='lat' dir='ltr'><strong>per</strong></span> 
     </span>
     <span class='ocr_line' id='line_1_36' title="bbox 450 4205 1554 4290; baseline -0.009 -15"><span class='ocrx_word' id='word_1_299' title='bbox 450 4209 672 4290; x_wconf 74' lang='lat' dir='ltr'><strong>migrationem</strong></span> <span class='ocrx_word' id='word_1_300' title='bbox 692 4231 713 4274; x_wconf 90' lang='lat' dir='ltr'><strong>u</strong></span> <span class='ocrx_word' id='word_1_301' title='bbox 732 4227 861 4289; x_wconf 86' lang='lat' dir='ltr'><strong>corpore</strong></span> <span class='ocrx_word' id='word_1_302' title='bbox 880 4207 918 4272; x_wconf 82' lang='lat' dir='ltr'><strong>in</strong></span> <span class='ocrx_word' id='word_1_303' title='bbox 938 4227 1070 4288; x_wconf 60' lang='lat' dir='ltr'><strong>carpum·</strong></span> <span class='ocrx_word' id='word_1_304' title='bbox 1092 4219 1126 4274; x_wconf 89' lang='lat' dir='ltr'><strong>et</strong></span> <span class='ocrx_word' id='word_1_305' title='bbox 1146 4226 1250 4289; x_wconf 87' lang='lat' dir='ltr'><strong>usque</strong></span> <span class='ocrx_word' id='word_1_306' title='bbox 1270 4209 1335 4270; x_wconf 83' lang='lat' dir='ltr'><strong>lsnc</strong></span> <span class='ocrx_word' id='word_1_307' title='bbox 1354 4224 1461 4269; x_wconf 83' lang='lat' dir='ltr'><strong>seeum</strong></span> <span class='ocrx_word' id='word_1_308' title='bbox 1476 4205 1554 4264; x_wconf 77' lang='lat' dir='ltr'><strong>recte</strong></span> 
     </span>
     <span class='ocr_line' id='line_1_37' title="bbox 448 4306 1552 4388; baseline -0.015 -12"><span class='ocrx_word' id='word_1_309' title='bbox 448 4331 483 4376; x_wconf 86' lang='lat' dir='ltr'><strong>se</strong></span> <span class='ocrx_word' id='word_1_310' title='bbox 504 4313 612 4374; x_wconf 87' lang='lat' dir='ltr'><strong>habet.</strong></span> <span class='ocrx_word' id='word_1_311' title='bbox 635 4309 729 4388; x_wconf 81' lang='lat' dir='ltr'><strong>Quot</strong></span> <span class='ocrx_word' id='word_1_312' title='bbox 756 4328 834 4375; x_wconf 85' lang='lat' dir='ltr'><strong>sero</strong></span> <span class='ocrx_word' id='word_1_313' title='bbox 856 4312 970 4376; x_wconf 82' lang='lat' dir='ltr'><strong>(leiutle</strong></span> <span class='ocrx_word' id='word_1_314' title='bbox 989 4313 1110 4376; x_wconf 83' lang='lat' dir='ltr'><strong>subdit:</strong></span> <span class='ocrx_word' id='word_1_315' title='bbox 1133 4329 1209 4375; x_wconf 82' lang='lat' dir='ltr'><strong>nans</strong></span> <span class='ocrx_word' id='word_1_316' title='bbox 1229 4306 1260 4372; x_wconf 79' lang='lat' dir='ltr'><strong>ai</strong></span> <span class='ocrx_word' id='word_1_317' title='bbox 1278 4308 1382 4372; x_wconf 72' lang='lat' dir='ltr'><strong>adone</strong></span> <span class='ocrx_word' id='word_1_318' title='bbox 1397 4309 1552 4387; x_wconf 81' lang='lat' dir='ltr'><strong>pecenmes</strong></span> 
     </span>
     <span class='ocr_line' id='line_1_38' title="bbox 450 4411 1553 4494; baseline 0.006 -21"><span class='ocrx_word' id='word_1_319' title='bbox 450 4412 723 4494; x_wconf 75' lang='lat' dir='ltr'><strong>deprehenduntur</strong></span> <span class='ocrx_word' id='word_1_320' title='bbox 745 4412 788 4490; x_wconf 87' lang='lat' dir='ltr'><strong>(iu</strong></span> <span class='ocrx_word' id='word_1_321' title='bbox 809 4413 952 4476; x_wconf 84' lang='lat' dir='ltr'><strong>adventu</strong></span> <span class='ocrx_word' id='word_1_322' title='bbox 973 4411 1048 4476; x_wconf 83' lang='lat' dir='ltr'><strong>Filii</strong></span> <span class='ocrx_word' id='word_1_323' title='bbox 1070 4412 1219 4492; x_wconf 81' lang='lat' dir='ltr'><strong>hominis)</strong></span> <span class='ocrx_word' id='word_1_324' title='bbox 1233 4412 1282 4474; x_wconf 86' lang='lat' dir='ltr'><strong>nel</strong></span> <span class='ocrx_word' id='word_1_325' title='bbox 1301 4411 1368 4474; x_wconf 85' lang='lat' dir='ltr'><strong>clio</strong></span> <span class='ocrx_word' id='word_1_326' title='bbox 1378 4425 1492 4489; x_wconf 77' lang='lat' dir='ltr'><strong>poenas</strong></span> <span class='ocrx_word' id='word_1_327' title='bbox 1509 4419 1553 4480; x_wconf 72' lang='lat' dir='ltr'><strong>li·</strong></span> 
     </span>
     <span class='ocr_line' id='line_1_39' title="bbox 450 4503 1553 4595; baseline -0.011 -21"><span class='ocrx_word' id='word_1_328' title='bbox 450 4529 522 4576; x_wconf 87' lang='lat' dir='ltr'><strong>nere</strong></span> <span class='ocrx_word' id='word_1_329' title='bbox 539 4523 647 4592; x_wconf 83' lang='lat' dir='ltr'><strong>postea</strong></span> <span class='ocrx_word' id='word_1_330' title='bbox 657 4511 847 4594; x_wconf 79' lang='lat' dir='ltr'><strong>punientur:</strong></span> <span class='ocrx_word' id='word_1_331' title='bbox 871 4533 909 4578; x_wconf 88' lang='lat' dir='ltr'><strong>nc</strong></span> <span class='ocrx_word' id='word_1_332' title='bbox 921 4513 1003 4579; x_wconf 78' lang='lat' dir='ltr'><strong>dune</strong></span> <span class='ocrx_word' id='word_1_333' title='bbox 1019 4512 1157 4594; x_wconf 77' lang='lat' dir='ltr'><strong>proinde</strong></span> <span class='ocrx_word' id='word_1_334' title='bbox 1169 4513 1328 4595; x_wconf 77' lang='lat' dir='ltr'><strong>generales</strong></span> <span class='ocrx_word' id='word_1_335' title='bbox 1341 4503 1495 4592; x_wconf 78' lang='lat' dir='ltr'><strong>puniendi</strong></span> <span class='ocrx_word' id='word_1_336' title='bbox 1508 4520 1553 4564; x_wconf 86' lang='lat' dir='ltr'><strong>rn-</strong></span> 
     </span>
    </p>
   </div>
   <div class='ocr_carea' id='block_1_3' title="bbox 0 0 1694 5567">
    <p class='ocr_par' dir='ltr' id='par_1_4' title="bbox 0 0 1694 5567">
     <span class='ocr_line' id='line_1_40' title="bbox 0 0 1694 5567; baseline 0 0"><span class='ocrx_word' id='word_1_337' title='bbox 0 0 1694 5567; x_wconf 95' lang='lat' dir='ltr'><strong> </strong></span> 
     </span>
    </p>
   </div>
  </div>
 </body>
</html>
