3375 5567
444 792 486 837 cx
508 790 575 853 quo
597 773 664 854 ipse
685 769 772 838 Deus
792 791 904 838 omues
927 773 1099 839 rationales
1117 775 1239 838 animas
1260 776 1301 838 ita
1323 775 1483 856 dispensat,
1503 780 1534 836 ut

446 874 591 937 omnium
606 893 719 938 earum
734 875 832 938 saluti
850 877 1036 956 prospiciat,
1051 876 1152 939 donec
1168 877 1198 938 in
1215 876 1275 940 hoc
1291 877 1407 939 muodo
1421 875 1535 955 degunt.

447 975 598 1041 Attamen
619 979 753 1059 proprio
773 979 909 1043 arbitrio
932 997 1032 1052 usae,
1057 979 1126 1042 fieri
1149 988 1272 1060 potest,
1297 993 1332 1042 ut
1352 978 1537 1042 aititudinem

446 1076 608 1141 bonorum
624 1080 769 1142 omnium
789 1089 1015 1160 assequantur,
1031 1083 1100 1144 sire
1121 1081 1262 1144 malitiae
1282 1089 1460 1144 extremum
1478 1096 1538 1158 per-

449 1179 579 1259 tingant.
597 1178 639 1242 Et
653 1180 823 1261 bucusque
843 1183 922 1242 oibii
944 1183 984 1245 de
1005 1184 1129 1245 animae
1148 1183 1330 1244 conditione
1351 1189 1422 1244 aute
1436 1181 1540 1258 ingres·

447 1298 519 1342 sum
534 1279 678 1361 ejusdem
693 1280 726 1343 iu
740 1300 872 1363 corpus,
888 1301 980 1346 acue
997 1283 1100 1346 multo
1116 1285 1220 1347 minus
1234 1285 1364 1363 quidem
1376 1289 1540 1362 postauam

448 1398 466 1441 a
488 1397 627 1461 corpore
647 1383 783 1446 exitum.
801 1383 892 1448 Patet
905 1385 990 1447 enim
1006 1381 1179 1464 Origencm
1192 1383 1254 1446 sub
1274 1383 1399 1446 animae
1422 1379 1544 1442 vocabu·

448 1480 482 1544 io
507 1498 609 1562 prope
634 1480 822 1562 scripturae
848 1501 994 1561 morem,
1017 1483 1179 1547 bominem
1202 1480 1474 1563 comprehendere
1491 1477 1543 1557 spi-

448 1583 516 1646 ritu
537 1589 569 1646 et
590 1601 687 1646 carne
709 1584 905 1663 praeditum.

530 1681 601 1748 Hoc
621 1691 732 1748 autem
751 1685 812 1748 sibi
833 1686 905 1748 vult
927 1685 1065 1762 Auctor,
1090 1684 1256 1749 varimode
1276 1683 1478 1748 considerans
1497 1678 1543 1742 bei

451 1785 685 1865 providentiam
707 1805 783 1867 erga
805 1795 973 1852 creaturas
994 1787 1167 1850 rationales
1189 1795 1221 1850 et
1242 1786 1433 1867 praesertim
1453 1783 1545 1845 in-ca·

453 1888 600 1950 rumdam
616 1887 846 1952 emendatione.
864 1886 969 1964 Quae,
990 1891 1048 1962 ait,
1069 1889 1095 1954 si
1112 1887 1154 1951 ob
1177 1898 1284 1952 reatus
1299 1887 1408 1950 statim
1431 1884 1546 1964 punian-

454 1998 521 2066 tur,
539 1989 634 2054 iaciic
649 1990 838 2069 resipiscunt
845 2011 858 2070 ;
883 1999 935 2067 et,
958 1991 1036 2070 quiu
1058 1989 1170 2053 firmae
1191 1989 1380 2062 sebabeaut
1401 1989 1432 2049 in
1447 2003 1547 2068 propo·

451 2092 525 2167 sito,
549 2091 656 2154 denuo
676 2091 802 2154 cadant.
827 2091 969 2172 ideoque
990 2090 1093 2155 Deum
1112 2091 1308 2172 quaudoque
1326 2091 1435 2152 sinere
1455 2090 1546 2158 docet,

452 2192 668 2273 quarumdam
690 2192 845 2255 malitiam
860 2211 900 2256 eo
922 2211 1026 2273 usquc
1048 2211 1194 2265 crescere
1208 2210 1247 2256 ac
1267 2190 1406 2255 diffundi
1428 2198 1462 2252 ut
1482 2190 1548 2252 ima·

453 2293 567 2355 nabilis
582 2292 653 2367 iiat,
670 2291 771 2357 douec
792 2293 880 2372 ipsae
902 2294 1025 2374 pcccati
1039 2293 1304 2374 concupiscentiis
1322 2299 1488 2356 saturatae
1507 2307 1548 2350 m·

455 2412 521 2474 que
540 2392 579 2455 sd
603 2411 769 2465 nauscam,
796 2412 914 2458 noxam
935 2397 1094 2474 seutiaut;
1117 2403 1150 2459 et
1170 2395 1243 2458 binc
1266 2402 1458 2474 aspernatae
1477 2387 1550 2470 qnod

428 2515 433 2523 ’
455 2496 546 2575 prius
559 2504 701 2559 sectatae
719 2496 860 2573 inerant,
880 2498 1004 2561 animae
1026 2499 1193 2560 sanitatem
1215 2504 1469 2576 consequantur,
1482 2511 1552 2556 aam-

457 2614 522 2676 que
544 2595 679 2660 firmiori
691 2596 799 2660 studio
815 2615 912 2677 quaro
935 2607 1042 2675 antea,
1060 2599 1217 2662 retineant
1239 2604 1270 2661 et
1290 2605 1419 2660 curent.
1435 2593 1475 2658 Et
1488 2594 1552 2654 baec

456 2698 562 2761 omnia
583 2699 698 2778 probat
711 2696 867 2779 Origenes
882 2717 923 2762 ex
940 2699 1155 2764 hebraeorum
1173 2698 1304 2762 bistoria
1313 2717 1326 2778 3
1345 2697 1552 2776 quibuscum
1597 2713 1598 2724 ¹

458 2799 490 2860 iu
508 2798 636 2863 deserto
660 2817 774 2862 carnos
797 2802 1074 2882 concupiscerent,
1093 2801 1123 2863 in
1139 2801 1287 2884 Aegypto
1308 2815 1467 2870 comessa,
1483 2792 1554 2858 ben

460 2907 563 2964 tautas
585 2900 747 2979 praebuit,
773 2901 977 2980 usquedum
999 2904 1127 2966 exirent
1148 2922 1166 2966 e
1187 2901 1318 2966 naribus
1340 2903 1472 2977 suis,ac
1491 2913 1553 2958 usu·

460 3019 514 3066 sea
536 3000 755 3065 edicerentur.
774 3000 816 3064 m
831 3005 904 3082 quis
919 3002 1032 3067 deinde
1051 3021 1113 3066 nou
1136 3003 1264 3080 viderit,
1285 3004 1386 3066 verba
1402 2999 1555 3068 uaccsdant

459 3111 488 3168 et
503 3103 693 3165 descendunt
709 3104 928 3184 metaphorice
941 3103 981 3165 ab
997 3102 1141 3169 Auctore
1157 3103 1335 3187 usurpari?
1350 3123 1429 3168 cum
1443 3111 1556 3165 actuum

462 3206 576 3268 mentis
596 3213 725 3268 uostrac
741 3205 934 3284 probitatem
950 3223 1008 3286 per
1027 3223 1205 3283 urceorum,
1218 3216 1251 3270 et
1267 3207 1436 3271 contrario
1452 3205 1557 3266 animae

462 3307 655 3386 pravitatem
679 3324 737 3385 per
756 3307 936 3370 descessum
957 3309 1129 3390 exprimat.
1354 3299 1360 3307 “

543 3403 776 3469 Verumtamen
803 3423 877 3469 cum
899 3405 1076 3470 adversarii
1107 3415 1257 3487 tauquam
1278 3408 1471 3471 adsertiouis
1493 3419 1556 3467 snae

463 3508 627 3572 munimen
641 3504 775 3570 Librum
797 3505 856 3570 ΙΙΙ.
874 3507 919 3570 Dc
938 3506 1115 3588 Principiis
1129 3527 1156 3572 c.
1180 3507 1235 3572 tv.
1251 3507 1281 3572 3.
1304 3509 1555 3589 appellandae

464 3617 660 3686 repetamus,
678 3625 763 3687 quae
777 3607 894 3670 ibidem
910 3609 976 3688 ipse
993 3608 1150 3688 Origenes
1160 3611 1274 3672 scribit
1290 3607 1332 3671 ue
1346 3606 1494 3672 demonis
1508 3615 1558 3666 tes·

460 3707 642 3771 rationibus.
661 3706 835 3787 Postquam
853 3709 936 3770 enim
953 3709 1047 3789 plura
1067 3710 1219 3789 expendit
1229 3711 1315 3772 circa
1332 3708 1557 3790 repugnantiam

465 3811 569 3875 carnis
583 3809 740 3872 adversus
753 3811 917 3888 spiritum,
935 3810 1127 3891 profundam
1143 3812 1392 3892 disputationem
1411 3819 1512 3874 morer
1524 3807 1559 3866 di·

465 3929 561 3976 ceus:
585 3933 602 3970 a
626 3909 798 3975 Videamus
819 3929 859 3976 ue
881 3911 965 3976 iorte
986 3914 1018 3976 iu
1038 3914 1099 3977 boc
1122 3915 1193 3976 loco
1217 3915 1281 3978 tale
1301 3914 1426 3995 aliquid
1448 3909 1560 3976 tractari

465 4023 583 4097 potcst;
598 4013 674 4094 quin
688 4015 774 4077 sicut
789 4014 905 4078 meiius
917 4022 965 4078 est
978 4017 1103 4080 animae
1117 4017 1210 4097 sequi
1230 4018 1395 4097 spiritum,
1415 4023 1487 4077 tuuc
1501 4027 1560 4075 cum

463 4118 596 4198 spiritua
617 4133 747 4179 caruem
772 4115 905 4194 vicerit,
929 4118 972 4180 ita
1003 4117 1127 4182 etiamsi
1151 4119 1279 4180 videtur
1299 4119 1328 4180 ci
1351 4137 1420 4182 essc
1436 4115 1560 4180 deterius

463 4217 557 4296 sequi
578 4234 708 4278 carnem
731 4225 963 4295 repugnantem
985 4217 1142 4280 adversus
1163 4220 1334 4296 spiritum,
1357 4226 1389 4281 ot
1411 4218 1562 4279 adsere

468 4336 586 4382 vocare
607 4318 744 4381 animam
769 4318 957 4397 volentem5
982 4327 1087 4382 tamen
1109 4318 1194 4382 forte
1217 4318 1329 4382 utilius
1354 4319 1500 4382 videatur
1519 4311 1562 4376 ob·

472 4421 565 4484 tincri
585 4421 723 4485 animam
746 4439 763 4482 a
785 4439 902 4496 carue,
925 4439 1023 4501 quam
1053 4420 1194 4484 residere
1216 4422 1246 4482 iu
1266 4420 1333 4483 suis
1355 4420 1491 4500 propriis
1520 4431 1562 4474 ro·

470 4521 658 4586 luctatibus.
684 4519 831 4601 Namque
852 4523 1004 4602 quoniam
1029 4539 1087 4586 nec
1106 4521 1210 4586 calida
1225 4519 1346 4585 dicitur
1366 4537 1437 4584 esse
1460 4516 1561 4580 acina.
