3375 5567
168 738 366 812 coaequantur,
389 740 421 795 et
443 731 526 797 hunt
547 732 607 795 dlii
627 733 888 809 resurrectionis,
910 741 943 796 et
964 732 1021 795 tilii
1043 733 1114 811 Det,
1137 743 1169 799 et
1193 756 1248 799 eu·

167 836 231 912 peli3
249 834 289 897 sic
307 836 361 914 qui
383 841 534 913 pereunt,
556 832 677 895 diaholi
703 833 826 912 angelis
848 842 1086 913 coaequentur,
1108 842 1141 898 et
1167 834 1249 899 dunt

167 935 207 995 ilii
218 936 316 1016 ejus.»
332 932 448 997 Videas
458 952 537 1014 erqo
551 951 651 1015 quam
664 934 851 997 luculenter
865 932 1021 1013 Origenes
1036 935 1248 1017 distinguens,

165 1054 227 1117 qtae
245 1036 427 1117 temporalia
450 1043 539 1111 suut,
560 1036 603 1097 eh
623 1036 775 1110 aeternis,
797 1038 1007 1099 cruciatuum
1023 1034 1117 1100 tinem
1139 1039 1170 1101 in
1187 1039 1249 1103 hoc

165 1139 258 1199 eundo
274 1147 532 1219 statuuntque
544 1138 642 1199 aliter
663 1136 828 1217 deposcis
850 1139 978 1211 sentiat,
995 1140 1123 1218 quasin
1140 1141 1244 1203 alters

167 1244 212 1299 nte
227 1242 426 1319 sempiternas
440 1240 531 1315 dicit,
549 1257 589 1301 ec
601 1241 671 1302 siue
685 1238 748 1302 hue
769 1256 950 1301 mansuras.
966 1236 1014 1301 hc
1035 1240 1174 1317 emplius
1189 1242 1243 1307 de·

166 1339 342 1415 hirdinem,
363 1339 532 1420 quomodo
555 1339 687 1403 diabolo
708 1338 847 1420 ejusque
868 1338 998 1403 asseclis
1025 1357 1120 1419 peres
1150 1340 1248 1407 iaciat

122 1443 127 1453 '
166 1439 277 1503 honines
296 1440 454 1520 reprobos
475 1440 507 1501 in
528 1439 610 1519 ignis
624 1440 783 1517 passione,
806 1439 916 1502 abhis
936 1446 969 1501 at
982 1439 1024 1502 ab
1045 1439 1116 1503 aliis
1130 1442 1250 1505 sustul-

163 1538 212 1601 leus
222 1541 426 1621 poeniteutiae
441 1541 564 1617 locum,
579 1549 613 1604 et
627 1540 699 1604 inde
716 1539 848 1603 luturae
870 1540 1117 1604 restaurationis
1138 1560 1240 1622 spent.

220 1641 359 1704 hlterum
380 1650 610 1721 argumentum
638 1641 727 1703 haud
749 1640 866 1703 minori
892 1640 1121 1720 perspicuitate
1142 1644 1243 1706 eolla·

165 1746 223 1813 tun,
241 1742 277 1803 ab
297 1742 491 1806 Adamantie
512 1760 554 1805 ex
577 1740 718 1805 llomilie
733 1738 855 1805 xvttt.
880 1760 909 1803 n.
925 1738 974 1805 15.
995 1738 1033 1803 in
1054 1740 1246 1808 Hieremiam

163 1841 323 1919 teuniter,
341 1844 398 1905 uhi
421 1839 604 1922 Prophetae
629 1844 728 1906 rerba
754 1844 1009 1923 iuterpretatur:
1033 1842 1181 1925 decepisti
1201 1864 1248 1909 nte

163 1939 263 2025 deniae
280 1954 307 2009 et
326 1944 581 2024 decepturum,
604 1944 678 2007 iude
699 1962 819 2025 poenas
835 1952 1060 2026 temporeneas
1080 1944 1247 2027 distinguit

163 2042 191 2102 ab
204 2046 346 2123 artemis;
359 2064 400 2110 ae
415 2064 480 2107 una
496 2047 673 2125 gehennam
689 2046 781 2126 ignis,
799 2046 901 2109 veluti
915 2046 1099 2109 cruciatum
1118 2066 1161 2111 ex
1181 2058 1247 2112 sta·

163 2151 213 2205 tute
229 2148 359 2209 nosaico
381 2164 444 2228 pro
464 2146 609 2211 reatibus
629 2147 836 2226 pravioribus
859 2150 890 2211 in
913 2147 974 2213 hoc
996 2149 1118 2211 mundo
1140 2148 1243 2213 homi·

161 2244 228 2307 nibus
239 2244 429 2328 irrogatum,
443 2255 593 2327 segreget
611 2266 630 2309 a
646 2248 763 2311 ceteris
783 2247 951 2328 suppliciis
965 2256 998 2311 et
1015 2248 1146 2329 quidem
1164 2268 1247 2314 sctu-

162 2346 274 2423 piternis,
288 2366 374 2429 quae
389 2350 423 2410 in
445 2348 559 2411 tuturo
573 2349 685 2413 manle
707 2354 897 2429 peccatores
912 2356 1050 2413 manent.
1076 2347 1244 2413 hilerim:

163 2446 335 2511 addducam
357 2450 523 2523 historias,
547 2458 583 2511 ut
603 2448 737 2529 probem
753 2450 921 2530 quomodo
942 2446 1029 2513 Deus
1049 2449 1245 2515 adsalutem

162 2548 286 2627 tedptn,
305 2551 536 2630 quaedamque
558 2548 726 2630 proteret,
750 2557 788 2613 ut
807 2550 932 2613 desinat
957 2556 1110 2628 peccator
1129 2568 1243 2631 egere,

162 2660 351 2729 qnaeaqeret,
375 2651 408 2713 ni
430 2651 489 2713 hos
509 2659 543 2713 et
564 2650 623 2715 hos
641 2669 808 2715 sermones
829 2651 994 2715 audiisset.
1017 2648 1082 2727 Qut
1103 2651 1242 2715 dicebat:

160 2750 236 2811 ettae
252 2761 311 2816 tres
330 2750 413 2828 dies,
435 2761 464 2814 et
484 2749 602 2815 Niniue
621 2750 825 2828 soborrteter,
843 2770 920 2815 vere
934 2759 992 2815 aut
1014 2750 1087 2815 ficte
1108 2752 1137 2814 id
1152 2770 1246 2833 prae

160 2854 303 2931 rmtiabel,
332 2862 394 2917 aut
416 2854 605 2935 deceptione
634 2854 789 2918 utebatur
809 2854 1053 2917 couversionem
1075 2862 1245 2935 operante,

160 2967 220 3027 qaae
236 2956 401 3017 murersio
416 2956 444 3017 si
464 2954 637 3017 subsecuta
654 2954 779 3029 luisset,
798 2954 866 3036 jam
884 2954 973 3019 nulla
996 2960 1068 3017 erat
1082 2954 1243 3035 deceptio,

160 3050 197 3112 ed
218 3072 320 3117 serum
349 3061 424 3118 eret
452 3054 540 3135 quod
572 3054 763 3131 dicebatur,
792 3064 825 3117 et
850 3062 964 3117 secute
990 3053 1104 3117 luisset
1129 3051 1246 3117 Ninive

159 3152 379 3219 subversio...
396 3153 447 3218 Ex
469 3156 640 3240 hypothesi
661 3156 760 3229 enim,
782 3155 841 3217 nisi
865 3157 1091 3235 poeniteutiam
1107 3154 1244 3234 egissent

111 3281 112 3284 ¹
160 3247 300 3329 liciniae,
321 3256 474 3319 fortassis
492 3257 649 3319 evenisset
670 3253 766 3317 illud:
789 3253 893 3316 adbuc
913 3263 974 3316 tres
995 3250 1061 3315 dies
1081 3262 1110 3314 et
1129 3250 1245 3316 Niniue

158 3350 322 3418 auersetur.
344 3356 409 3423 Sed
426 3357 539 3418 demus
560 3355 642 3418 illud
660 3356 811 3418 luterum
832 3373 894 3419 uon
911 3354 1023 3430 luisse,
1046 3353 1139 3435 pejus
1153 3354 1242 3418 eliud
1277 3343 1282 3350 ’

159 3456 295 3533 caruisset,
309 3466 449 3520 aeterno
463 3457 526 3537 igni
543 3457 651 3519 traditi
667 3456 812 3519 luissent.
828 3452 1039 3537 Quapropter
1053 3453 1116 3517 alia
1130 3472 1244 3519 secuu-

158 3554 212 3617 lun
233 3558 330 3638 tepent
353 3576 457 3639 poena
487 3560 661 3622 constituta
683 3563 756 3619 erat
783 3556 843 3631 iis,
867 3558 924 3636 qui
954 3566 1117 3636 tamquam
1148 3556 1242 3636 pueri

159 3654 388 3739 instituebantnr3
405 3660 526 3739 quibus
543 3678 620 3722 sero
642 3657 810 3739 plenitudo
827 3656 980 3737 temporis
1001 3655 1143 3731 advenit,
1157 3655 1241 3719 eliae

159 3762 471 3841 mememsigoantur.
488 3760 609 3823 Coeles·
623 3778 690 3836 ess,
700 3777 784 3840 quas
801 3757 869 3821 Lex
882 3758 1007 3837 irrogat
1017 3757 1244 3838 peccatoribus

160 3872 246 3931 poena
263 3880 335 3927 cum
350 3863 404 3937 iis,
419 3878 501 3942 quas
517 3858 729 3940 Evangelium
745 3856 880 3937 imponit
901 3856 1166 3937 delinquentibus
1176 3876 1188 3936 3
1210 3864 1244 3921 el

162 3960 250 4023 ridebis
268 3965 341 4026 illos
364 3973 517 4042 tauquam
539 3961 675 4024 inientes
696 3960 854 4023 obnoxius
877 3959 976 4021 luisse
998 3974 1176 4038 poenarum
1189 3976 1242 4037 ga·

162 4064 207 4122 asti
224 4062 391 4128 infantibus
414 4051 678 4138 accommodato,
701 4080 759 4124 uos
782 4078 862 4123 vero
883 4060 929 4123 uti
955 4067 1061 4122 aetate
1080 4056 1242 4138 perlectus

111 4227 112 4248 ἦ
162 4160 235 4224 nullo
256 4164 444 4228 durioribus
469 4162 651 4245 subjacere.
672 4162 705 4225 st
733 4161 807 4241 quis
830 4170 907 4224 tuuc
927 4167 999 4222 eret
1021 4156 1153 4220 adulter
1172 4157 1240 4219 sire

162 4259 286 4342 tlultera,
308 4268 339 4329 ei
368 4283 434 4328 nou
453 4265 619 4345 gehenna,
641 4282 704 4327 neu
726 4262 805 4343 ignis
826 4270 979 4324 aeternus
1007 4257 1239 4333 intentabatur,

162 4360 355 4443 tellapidibus
377 4373 450 4428 erat
464 4364 663 4427 obruendus.
690 4359 817 4442 Lapidei
839 4380 921 4437 curn,
938 4360 1059 4441 iuquit,
1076 4356 1177 4421 omnir
1189 4375 1241 4437 sp·

163 4473 262 4542 “itte
283 4466 402 4533 abiens
423 4464 575 4543 dicetis,
597 4463 655 4544 qui
678 4465 711 4526 iu
731 4463 780 4528 his
802 4470 953 4544 repertus
975 4461 1076 4525 luerit
1095 4460 1238 4536 adulter,
