3375 5567
131 816 218 891 terto,
237 815 336 877 licere
355 815 556 894 divortium
594 816 787 896 praesertim
818 832 893 882 cum
914 817 1120 883 audiverint:
1152 821 1238 901 qnod

131 915 388 997 nacoriensis
407 917 497 978 tomo
518 935 585 980 noa
605 929 734 998 separet.
757 919 865 982 Aliter
878 921 979 1001 siquis
1001 922 1073 984 lude
1099 921 1238 1003 conjice·

130 1016 271 1080 revellet
295 1016 471 1098 discipulus
490 1015 669 1082 Salsaturis
683 1020 791 1083 dictu:
814 1018 1003 1102 quicumque
1024 1017 1181 1084 dimiserit
1202 1043 1238 1084 n-

131 1135 227 1180 soresn
244 1136 336 1181 snam
347 1129 475 1198 recepto
491 1118 717 1200 fornicationis
730 1139 830 1184 cosso
843 1129 872 1182 ct
887 1118 988 1183 otiam
1003 1121 1143 1198 decerit,
1160 1139 1239 1185 ntor·

131 1218 245 1295 ctum,
258 1221 536 1299 comprehendisse
551 1222 675 1284 licitum
692 1222 866 1301 repudium
883 1231 915 1286 et
928 1224 1110 1286 disortium
1123 1243 1135 1302 3
1159 1231 1236 1287 tuac

130 1323 362 1399 supponendum
382 1331 492 1400 esset,
515 1322 646 1386 eosdem
667 1324 843 1403 discipules
865 1342 941 1388 cum
963 1326 1139 1404 pharisaeis
1161 1340 1237 1387 cen·

131 1425 254 1500 renhse,
278 1441 488 1502 quacumque
512 1441 555 1486 ex
575 1441 672 1487 causa
694 1433 844 1502 putentes
865 1424 999 1487 dissolri
1021 1425 1235 1506 conjugium:

132 1521 169 1585 itu
187 1530 236 1596 ut,
256 1541 331 1586 cum
349 1523 457 1604 ajehat
470 1521 579 1598 tosus,
597 1533 723 1604 eccepto
737 1521 963 1605 fornicationis
984 1543 1096 1601 oense,
1117 1541 1238 1606 nequa·

131 1641 219 1703 quam
237 1626 338 1690 licere
359 1626 522 1688 dimittere
538 1642 675 1690 uxorem
697 1635 731 1689 et
750 1627 848 1688 eliam
863 1627 985 1690 ducere
1006 1623 1176 1707 (accepto,
1199 1636 1236 1690 ut

130 1724 291 1789 adversarii
306 1728 525 1802 arbitrantur,
542 1724 656 1790 iesum
674 1729 705 1788 iu
722 1727 786 1790 illis
803 1727 909 1790 serbis
925 1729 1108 1808 permisisse
1129 1727 1238 1790 diror-

133 1829 225 1904 tiuml
246 1829 289 1891 ltu
312 1840 361 1904 ut,
382 1832 528 1908 inquam,
552 1829 583 1891 ln
606 1829 667 1891 hac
687 1846 805 1901 censa,
827 1829 970 1892 divortio
992 1831 1154 1908 probato,
1177 1847 1235 1892 nee

133 1929 297 2005 piissimis
318 1947 377 1992 nec
399 1928 565 2008 discipulis
585 1929 803 1993 satisfecisset.
822 1928 884 1991 Vix
898 1931 1079 2008 putendum
1103 1936 1150 1993 est
1172 1939 1236 1992 tem

133 2029 228 2090 suhito
248 2029 489 2107 obstupefactos
515 2029 690 2109 discipulos
710 2029 752 2090 de
775 2028 896 2094 Christi
920 2031 1083 2103 mandato,
1107 2046 1238 2108 respon·

133 2128 216 2192 diues
239 2145 303 2191 non
323 2129 448 2209 ccpsdit
467 2130 604 2205 nnhcrc,
626 2133 771 2192 conscios
794 2131 836 2192 ihi
858 2130 1088 2208 comprehendi
1112 2129 1236 2190 renium

132 2229 168 2292 uh
184 2229 425 2294 fornicationem
440 2229 619 2292 dimittendi
635 2246 789 2304 uxerem,
805 2239 839 2292 et
857 2231 937 2293 elias
952 2231 1081 2293 ineundi
1098 2231 1236 2310 nuptias.

133 2330 271 2394 Attamen
297 2342 416 2411 stupor
435 2333 574 2394 invaluit
598 2331 764 2409 discipulis
790 2332 833 2392 oh
860 2331 1077 2394 omnimodum
1106 2330 1237 2394 divortii

132 2431 367 2508 exclusionem,
391 2451 490 2512 quam
511 2431 607 2496 Jesus
628 2432 794 2494 innovarit
813 2433 993 2496 secuudum
1014 2432 1055 2494 ah
1080 2433 1172 2496 initia
1193 2433 1238 2494 iu·

132 2532 341 2596 stitutionem:
363 2542 393 2595 rt
412 2542 508 2595 crunt
527 2534 591 2595 dno
611 2531 649 2594 in
668 2551 764 2596 carne
785 2551 864 2595 nnn.

200 2630 274 2696 Post
294 2633 376 2696 hacc
395 2649 459 2693 aon
479 2640 528 2694 est
541 2633 816 2710 praetereundum
832 2633 921 2713 quod
946 2634 977 2694 iu
994 2633 1139 2713 praefate
1163 2631 1239 2695 Ori·

134 2732 209 2807 genis
228 2731 429 2796 discussione
450 2741 584 2796 notetur
604 2751 635 2794 n.
656 2730 708 2796 23.
726 2734 766 2796 de
786 2734 981 2812 quibusdam
1003 2735 1160 2812 episeopis
1181 2736 1237 2812 qui

133 2830 219 2895 alicui
241 2834 421 2914 permisere
442 2834 579 2908 uehere,
598 2835 667 2896 viro
690 2835 790 2913 priori
809 2836 945 2896 visente.
964 2832 1005 2896 lit
1024 2833 1172 2909 fortasse,
1192 2834 1238 2896 di·

134 2931 328 3014 cihproptcr
342 2936 608 2997 incontinentium
632 2933 866 3004 infirmitatem,
886 2935 1103 3012 permiserunt
1123 2933 1239 2996 adver·

134 3047 182 3093 sus
200 3031 422 3113 Scriptorum,
447 3042 480 3096 et
501 3053 590 3113 quae
610 3034 650 3096 ah
671 3034 762 3095 initio
789 3034 918 3096 fueraut
938 3040 1071 3096 statuta.
1101 3031 1239 3096 Verum-

134 3137 280 3196 tamenin
303 3134 364 3197 hac
386 3136 593 3213 permissione
608 3137 713 3214 primo
735 3143 868 3196 notetur
882 3134 922 3194 ah
943 3133 1083 3212 Origene
1104 3133 1239 3196 illorum

134 3234 349 3313 episcoporum
363 3237 486 3298 nhusns
501 3238 656 3298 adversus
672 3234 873 3315 §cripturam
890 3232 1015 3314 Deique
1037 3236 1235 3314 mandatum3

135 3336 273 3408 quemvis
286 3353 345 3398 eos
359 3347 494 3399 excuset
508 3337 657 3417 pejorum
671 3338 925 3414 comparatione,
942 3353 1027 3415 qnae
1043 3337 1127 3398 mele
1147 3345 1240 3398 erent

134 3431 340 3516 ascripseris
363 3438 473 3498 retiis.
495 3437 665 3509 Secussdo,
689 3452 751 3497 raon
772 3438 849 3498 dicit
870 3435 1027 3512 Origenes
1050 3436 1124 3496 illos
1147 3449 1239 3514 prue-

137 3531 215 3594 sules
234 3543 294 3598 aut
307 3552 349 3596 ex
367 3533 523 3597 Matthaei
541 3534 721 3597 testimonio
741 3553 799 3595 seu
821 3554 863 3596 cx
887 3544 996 3596 vetere
1017 3534 1124 3611 praxi,
1137 3534 1238 3622 alicui

134 3632 253 3694 mulieri
274 3652 293 3695 a
312 3637 383 3696 riro
403 3651 465 3695 suo
486 3633 676 3712 repudiatae
696 3633 877 3710 permisisse
893 3633 972 3694 alias
994 3632 1075 3694 inire
1097 3635 1236 3714 nuptias.

135 3724 248 3808 Tertio,
270 3734 408 3798 ostendit
429 3733 526 3794 talem
540 3734 678 3796 ahusum
696 3735 918 3796 tantummodo
933 3742 1025 3796 antee
1040 3735 1125 3812 apud
1142 3753 1238 3814 quos·

134 3829 199 3895 dam
219 3836 395 3897 invaluisse
415 3837 601 3912 episcopos,
622 3852 680 3896 neo
702 3842 807 3895 tamen
830 3844 909 3896 tuuc
929 3851 1108 3897 remanere.
1133 3835 1240 3909 Quar-

136 3939 175 4007 to,
196 3952 269 3998 cum
301 3936 405 4014 iuquit
425 3954 480 3998 eos
511 3936 678 4012 episcopos
708 3934 901 4014 quibusdum
935 3935 1127 3998 mulieribus
1157 3938 1239 3998 huuc

135 4033 322 4098 condonasse
342 4036 518 4110 licentiam,
541 4054 599 4098 uso
620 4035 692 4097 ideo
714 4035 874 4108 omnihus,
895 4053 912 4096 a
937 4036 1088 4098 virosae
1109 4054 1237 4115 separa·

136 4131 190 4210 tis3
204 4153 262 4198 nec
277 4135 382 4196 multo
403 4136 508 4197 minus
529 4133 605 4196 dicit
628 4134 688 4195 hoo
709 4136 783 4196 siris
798 4151 985 4196 conoessum
1007 4134 1048 4194 ah
1069 4151 1174 4197 uxore
1191 4153 1239 4196 se·

135 4229 256 4310 inustis,
272 4244 305 4297 et
319 4236 392 4298 hinc
410 4237 441 4295 in
454 4236 565 4297 eedem
580 4233 762 4296 conditione
778 4235 900 4313 positis,
917 4235 993 4296 satis
1008 4235 1133 4306 edocet,
1153 4235 1238 4313 ipsos

135 4333 280 4397 antistites
288 4335 354 4416 jam
370 4352 541 4413 persuasos
554 4334 594 4396 de
609 4332 728 4396 Christi
748 4336 916 4409 sententie,
936 4335 1175 4397 matrimonium
1192 4336 1238 4396 in·

135 4431 267 4498 soluhile
289 4434 419 4499 haberis
435 4443 467 4498 et
488 4437 531 4496 itu
552 4437 586 4495 in
601 4435 750 4498 uniuersa
770 4433 911 4496 Ecclesia
934 4436 995 4496 hnc
1015 4436 1141 4496 serrari
1156 4435 1236 4496 diri·
1357 4465 1359 4468 ·

136 4545 206 4592 num
225 4536 411 4599 mundatum
424 4558 433 4598 c
448 4537 531 4618 qnod
544 4534 628 4599 flens
649 4530 935 4614 conjacentem
955 4551 1020 4597 nort
1039 4545 1170 4612 separet.

253 4633 315 4696 Vol.
336 4634 387 4700 11.
847 4697 853 4706 ,
1075 4632 1116 4702 3t
