3375 5567
161 822 278 885 hahitare
306 824 466 902 pulsatae
485 832 570 887 suot.
593 821 700 904 Siquis
724 842 803 885 vero
833 822 998 887 evidentes
1018 831 1050 887 et
1071 828 1147 888 satis
1173 843 1240 889 ma·

159 925 261 987 silestas
280 926 467 988 assertiones
499 926 617 989 horum
639 926 679 987 de
699 922 877 1004 Scripturis
904 926 1021 989 sanctis
1045 936 1199 1006 exposcat
1220 944 1237 989 a

159 1026 238 1101 nohis,
258 1026 510 1106 respondendnm
533 1036 593 1099 est,
622 1029 698 1107 quia
721 1027 889 1092 occultare
911 1029 1010 1105 magis
1032 1028 1111 1091 haee
1139 1026 1238 1107 Spiri-

160 1129 193 1189 tui
209 1126 315 1191 Sancto
338 1130 369 1191 io
391 1129 453 1200 his,
476 1146 562 1208 qnae
585 1129 735 1191 sidentur
755 1147 824 1191 esse
839 1128 994 1193 historiae
1014 1147 1125 1193 rerum
1142 1139 1244 1209 gesta·

158 1247 226 1302 rom,
242 1238 273 1293 et
291 1231 390 1293 altius
420 1240 530 1311 tegere
551 1229 722 1293 consilinm
745 1229 828 1304 luit,
850 1232 881 1291 in
906 1231 1025 1310 quihus
1046 1232 1241 1295 descendero

156 1328 282 1392 dicontur
300 1330 332 1392 in
355 1331 552 1416 Aegyptum,
576 1331 628 1392 sel
657 1332 815 1411 captivari
837 1332 868 1393 iu
892 1328 1114 1413 Babyloniam,
1135 1334 1186 1395 vel
1209 1334 1240 1391 in

155 1433 191 1495 lis
208 1435 275 1513 ipsis
297 1434 483 1513 regionibns
505 1434 636 1514 quidam
658 1434 789 1514 quidem
805 1432 970 1496 humiliari
991 1435 1098 1509 nimis,
1121 1443 1154 1497 et
1180 1433 1242 1497 suh

154 1536 262 1597 servitio
281 1534 365 1597 ellici
387 1536 608 1598 dominorum.
624 1534 687 1596 hlii
712 1552 790 1598 vero
810 1535 842 1596 io
858 1535 932 1616 ipsis
954 1536 1148 1614 captivitatis
1164 1536 1243 1599 locis

155 1634 216 1697 clari
235 1644 264 1698 et
284 1635 444 1716 magnifici
466 1636 566 1697 hahiti
588 1644 688 1708 sunt,
710 1636 753 1695 ita
776 1644 812 1697 nt
833 1645 1006 1715 potestates
1029 1646 1060 1699 et
1084 1637 1244 1717 principa·

155 1744 192 1796 tos
211 1738 375 1812 tenuerint,
400 1737 612 1817 regendisque
634 1737 762 1818 populis
784 1735 1006 1816 praefuerint:
1029 1755 1114 1817 quae
1133 1741 1239 1801 omnia

154 1845 180 1897 ut
197 1837 328 1899 diximus
347 1836 534 1901 abscondita
549 1847 582 1901 et
606 1838 710 1900 celata
733 1837 765 1897 io
783 1834 973 1914 Scripturas
993 1847 1122 1900 sanctae
1144 1839 1241 1901 histo·

153 1940 193 1999 riis
210 1947 424 2018 conteguntur
444 1949 505 2002 etc.

213 2037 336 2102 loterim
358 2039 496 2102 nonnisi
517 2058 559 2103 es
575 2039 716 2120 quadam
739 2040 944 2120 paraphrasis
958 2043 1076 2121 specie,
1099 2046 1176 2123 quio
1193 2054 1239 2108 ta-

151 2158 204 2201 nen
221 2142 411 2204 immutetur
429 2159 554 2217 sensns,
575 2141 688 2203 altera·
702 2140 820 2206 numm
841 2142 883 2203 ab
903 2143 1004 2205 altera
1027 2143 1237 2225 distinguitur

151 2240 179 2302 le
194 2259 298 2320 graeco
327 2242 607 2322 interpretatione.
632 2240 722 2305 hiens
744 2260 844 2321 porro
872 2243 1053 2305 hdamaotii
1084 2245 1238 2309 incitato

150 2360 280 2419 nemone,
303 2344 353 2406 uti
374 2362 416 2406 ex
438 2341 705 2422 praecedentibus
725 2352 826 2422 patet,
850 2362 889 2406 eo
912 2345 1007 2407 vertit
1022 2346 1236 2425 potissimum,

152 2453 178 2504 ut
200 2445 376 2509 diuinorum
407 2442 586 2507 Bihliornm
610 2463 738 2507 sensum
769 2445 941 2527 mysticum
966 2448 1033 2508 sive
1059 2448 1237 2528 spiritalem

154 2549 316 2622 constituat,
339 2547 401 2611 sihi
429 2548 462 2608 in
479 2565 517 2608 eo
537 2546 614 2609 divo
638 2546 740 2609 Panlo
759 2546 978 2628 suffragante,
1008 2550 1063 2629 qui
1090 2550 1184 2631 plura
1207 2552 1237 2614 io

152 2649 198 2709 sois
217 2649 365 2730 Epistolis
386 2648 561 2727 allegorice
584 2665 642 2709 sen
665 2648 854 2727 spiritaliter
877 2658 925 2711 est
946 2652 1176 2730 interpretatus
1198 2652 1238 2715 de

151 2751 262 2828 antiquis
281 2751 471 2830 Seripurris.
503 2747 550 2812 hc
572 2751 644 2811 ideo
672 2749 786 2811 eodem
808 2751 923 2811 itinere
946 2751 1054 2813 abiens
1079 2752 1236 2831 Origenes

154 2858 221 2911 retus
234 2850 474 2914 Testamentum
496 2869 616 2912 novum
633 2861 875 2930 repraesentare
897 2848 1026 2914 Foedus
1048 2850 1136 2929 dicit,
1159 2854 1240 2918 idest

152 2946 243 3012 Christi
257 2970 405 3033 reguum.
425 2950 465 3013 Et
482 2952 555 3013 hine
576 2949 666 3012 addit
680 2948 840 3012 hdamum
855 2950 1039 3030 exprimere
1055 2950 1234 3033 Christnm3

154 3046 229 3113 liram
244 3051 436 3130 seelestam
458 3049 663 3114 Hierusalem
681 3058 867 3113 terrestrem
891 3052 1031 3113 indicare
1050 3054 1235 3134 eoelestem;

153 3147 270 3231 degeam
291 3154 393 3228 luda,
416 3150 535 3216 Christi
557 3170 713 3232 regnum3
736 3160 861 3231 gentem
883 3154 1071 3229 israelitam,
1092 3156 1237 3219 christia·

152 3268 241 3315 corum
261 3258 421 3337 populum
436 3255 607 3331 denotare;
630 3251 784 3316 Davidem
801 3252 907 3317 Judae
931 3273 1051 3334 rogem,
1069 3256 1235 3320 Christum

151 3353 251 3431 lucem,
273 3377 397 3437 regem,
418 3354 622 3419 salvatorem
644 3358 801 3429 omnium,
822 3358 878 3436 qui
902 3358 1057 3421 credituri
1079 3370 1183 3421 essent
1205 3362 1236 3422 in

153 3472 217 3530 eom,
231 3458 397 3540 designare
412 3466 473 3520 etc.
496 3457 667 3538 Speciatim
684 3465 788 3518 tameo
808 3466 839 3518 et
855 3459 988 3521 seorsim
1005 3460 1085 3522 illud
1101 3478 1234 3541 regnum

154 3555 182 3614 ili
198 3559 404 3637 significatum
426 3560 465 3622 iri
487 3560 544 3633 ait,
568 3560 654 3639 quod
679 3559 826 3639 proxime
847 3559 999 3622 succedet
1020 3563 1154 3623 cessanti
1177 3560 1236 3626 Ju-

152 3656 194 3718 dae
211 3664 363 3741 regimini,
386 3662 465 3723 idest
488 3669 688 3741 praesentem
714 3658 877 3722 Ecclesiae
897 3668 1028 3722 statum.

210 3758 415 3845 Quapropter
427 3762 557 3841 quoties
577 3761 706 3825 ductor
720 3763 751 3823 io
773 3762 834 3824 hoc
851 3760 948 3825 Libro
964 3760 1082 3826 Christi
1099 3780 1233 3844 regnum

152 3877 291 3942 memorat,
312 3885 446 3947 repnum
467 3866 634 3937 coelorum,
657 3862 858 3926 Hierusalem
880 3864 1051 3940 coelestem,
1075 3864 1234 3929 ciuitatem

151 3978 272 4047 eaden,
292 3980 413 4051 penem
433 3968 561 4031 electum
582 3984 770 4043 noncupans
790 3975 868 4042 etc,
902 3968 981 4031 haec
1001 3965 1042 4029 de
1073 3969 1232 4046 praesenti

154 4066 266 4134 ideliom
281 4080 377 4137 coeto
399 4068 610 4150 peculiariter
623 4066 828 4147 intelligendo
850 4078 936 4132 suot.
955 4066 997 4131 Et
1012 4069 1074 4131 hoe
1087 4068 1232 4149 apertius

153 4165 220 4234 locet
236 4190 264 4235 n.
283 4172 316 4239 lis
338 4181 465 4235 serente
484 4169 621 4232 coelestia
635 4170 806 4233 secundum
826 4166 1050 4233 successionem
1068 4168 1230 4249 Apostolo-

99 4305 101 4307 ν
155 4285 204 4331 rurs
221 4272 372 4337 Ecclesiae
391 4269 465 4335 Iesu
490 4268 609 4335 Christi
627 4270 750 4350 reputo.
767 4267 826 4333 Uhi
841 4276 929 4350 patet
950 4287 1011 4332 noo
1031 4268 1089 4331 nisi
1110 4268 1231 4348 allego·

155 4370 200 4433 doe
215 4375 289 4439 illud
304 4374 445 4439 coelestis
461 4373 656 4437 vocabulum
677 4372 774 4447 sumi,
791 4389 829 4433 ac
849 4369 1072 4433 tantummodo
1094 4368 1232 4430 militan-

156 4473 201 4534 lcn
213 4472 378 4541 Ecclesiam
394 4478 437 4539 ihi
455 4474 701 4555 repraesentari.
720 4470 799 4535 ltem
814 4471 914 4551 paolo
928 4479 1002 4535 ante
1019 4470 1102 4533 dixis
1126 4469 1165 4531 de
1176 4468 1229 4549 ju·

155 4568 235 4652 lasis}
253 4598 291 4642 er
319 4599 385 4661 quo
408 4596 470 4643 ooo
496 4576 711 4649 crediderint,
734 4572 821 4639 haud
843 4572 1028 4637 aedificasse
1056 4568 1226 4636 Civitatem
