3375 5567
560 755 701 824 catut
729 753 852 821 ΧΧΙΙΙ.
1208 645 1268 716 305

164 955 227 1034 Ouo
237 977 324 1024 mu
337 958 524 1035 discutitur,
537 960 722 1041 accipiendo
739 957 819 1034 siut,
832 979 912 1041 poue
927 955 1077 1039 Oripsues
1088 955 1216 1036 patonis
1231 957 1267 1019 de

201 1061 281 1138 sciis,
297 1064 393 1126 tusus
412 1073 442 1125 st
460 1071 621 1126 astrorum
641 1062 818 1127 ouimuius.

161 1309 251 1432 Post
270 1370 350 1434 haec
371 1380 499 1436 manent
512 1368 726 1451 exploranda,
748 1388 834 1453 quae
852 1370 1008 1450 origenes
1023 1369 1149 1448 putavit
1170 1367 1209 1428 de
1231 1386 1263 1426 a·

160 1480 291 1536 strorum
311 1473 401 1548 solis,
421 1473 522 1536 lunae
542 1479 576 1536 et
594 1472 767 1536 stellarum
787 1480 904 1536 natura
915 1493 926 1553 5
950 1474 980 1536 in
1002 1472 1121 1551 quibus
1143 1473 1264 1551 pariter

161 1570 250 1635 reinti
269 1583 433 1636 errantem
455 1580 653 1654 repererunt
678 1576 858 1655 nuncupati
879 1573 1071 1653 Scriptores.
1095 1570 1158 1653 Ipsi
1179 1574 1262 1636 enim

160 1691 214 1736 non
231 1675 339 1737 seium
361 1675 500 1738 animata
515 1693 585 1738 esse
605 1693 745 1756 corpora
766 1675 920 1738 coelestia
935 1675 1082 1740 docuisse
1101 1675 1261 1739 Adaman-

161 1776 231 1838 tium
244 1777 365 1856 opinati
385 1784 474 1852 suut,
491 1794 606 1841 rerum
629 1778 725 1840 etium
742 1778 867 1840 ratione
890 1777 1027 1857 pollere,
1042 1777 1179 1840 arbitrio
1199 1778 1257 1852 uti,

159 1895 192 1939 ac
210 1877 344 1956 proinde
362 1878 561 1942 incrementa
582 1896 700 1959 capere
723 1881 869 1954 virtutis,
894 1879 945 1942 sel
967 1879 1184 1956 decrementa,
1204 1899 1262 1942 seu

159 1977 287 2043 obnoxia
308 1997 378 2044 essa
400 1981 562 2060 peecatis3
584 1980 632 2044 nti
656 1981 766 2044 ridere
787 1989 836 2044 est
865 1981 951 2060 apud
975 1979 1131 2044 liuetinm
1157 1983 1187 2042 in
1211 1979 1262 2043 Li·

158 2077 210 2142 iro
229 2077 268 2142 ΙΙ.
291 2099 321 2143 ο.
338 2079 429 2142 vili.
443 2079 489 2144 Dr
510 2081 626 2146 Aciris.
642 2081 864 2162 Quapropter,
887 2082 988 2144 seinti
1014 2082 1044 2142 iu
1067 2080 1261 2161 praeceden-

158 2181 253 2256 tibus,
274 2182 461 2262 singillatim
482 2187 590 2247 omnia
620 2183 855 2263 perquirantur
880 2181 1033 2245 Auctoris
1061 2183 1258 2254 testimonia,

158 2281 285 2346 nunde
306 2283 355 2346 his
377 2283 476 2347 rebus
504 2302 562 2348 seu
584 2283 658 2347 data
680 2301 803 2364 opera,
833 2284 903 2347 sire
924 2284 1031 2346 obiter
1055 2284 1179 2364 eperit3
1201 2302 1260 2346 seu

157 2382 288 2448 aliorum
308 2390 368 2447 aut
388 2402 481 2448 suam
503 2387 693 2465 exposuerit
713 2385 902 2450 sententiam
913 2406 925 2466 3
947 2384 1015 2448 sive
1035 2385 1075 2448 de
1093 2385 1141 2446 his
1162 2386 1262 2448 disce-

157 2485 257 2563 ptarit,
279 2503 339 2548 seu
358 2485 502 2549 aliorum
526 2485 749 2548 tautummodo
771 2486 972 2549 recensuerit
993 2486 1169 2567 opiniones.

226 2585 259 2648 ln
284 2586 396 2664 primis
420 2594 454 2648 et
479 2587 611 2667 quidem
634 2595 756 2650 attente
772 2586 815 2650 ob
829 2588 945 2652 oculos
967 2587 1160 2664 habeantur,
1176 2607 1260 2670 quac

159 2684 289 2768 Proiopo
305 2687 502 2752 Pericreisoa
515 2689 678 2768 inscripsit
691 2706 721 2749 n.
737 2681 798 2754 1⁰2
810 2711 827 2747 s
841 2686 888 2752 De
908 2688 977 2752 sole
998 2698 1108 2753 antem
1130 2698 1162 2753 et
1182 2690 1259 2753 iuna

156 2793 184 2848 et
200 2789 301 2852 steiiis
317 2799 429 2854 utrum
446 2790 620 2852 animantia
641 2792 716 2866 siut,
738 2806 779 2851 an
790 2790 858 2852 siue
872 2794 990 2866 anima,
1009 2791 1176 2855 msuiieste
1197 2810 1259 2856 nou

158 2888 288 2955 traditur
308 2891 360 2964 (in
372 2891 590 2954 ecclesiastice
612 2890 855 2972 praedicatione
867 2890 887 2968 i.
904 2911 921 2949 s
936 2889 1026 2955 Unde
1048 2893 1144 2955 dubia
1164 2895 1261 2957 subo·

156 2989 205 3052 riri
225 3000 361 3071 potuere
375 3000 408 3055 et
428 2993 742 3072 quaestionantium
764 2995 831 3074 ipse
847 2993 960 3056 deinde
981 3011 1021 3056 ea
1044 3013 1090 3070 se,
1110 2994 1160 3057 rei
1180 2996 1261 3059 aiio·

155 3109 219 3154 rum
238 3111 297 3158 ora
318 3093 452 3167 excitet,
470 3103 518 3168 ut,
536 3095 695 3175 siquando
718 3093 790 3157 fieri
812 3102 929 3175 potest,
952 3094 1039 3176 quud
1064 3113 1177 3158 verum
1198 3103 1257 3171 esi,

154 3202 356 3274 menuitur,
378 3193 652 3274 quemadmodum
674 3193 715 3257 de
736 3197 871 3270 ceteris,
894 3213 978 3276 quac
1001 3203 1076 3258 tune
1099 3199 1257 3261 nonsatis

155 3293 309 3358 manifeste
329 3295 362 3356 in
384 3292 529 3356 Ecclesia
550 3293 679 3357 definita
701 3302 807 3368 eruut,
831 3295 964 3358 acideo
986 3296 1254 3376 disceptationum

153 3410 238 3459 cauae
259 3396 447 3474 extiterin13
468 3403 501 3458 et
521 3396 552 3457 in
573 3395 693 3475 quibus
708 3395 922 3477 dijudicandis
942 3395 1098 3476 Origenes
1121 3395 1256 3477 Aposto-

153 3493 237 3560 licam
259 3497 464 3563 traditionem
483 3507 649 3561 scrutatus
668 3498 785 3561 sedulo
805 3499 978 3563 laboravit.

220 3596 303 3663 Cum
323 3599 435 3679 itaque
455 3599 514 3662 ista
529 3599 569 3662 de
586 3600 682 3662 astris
703 3602 958 3679 praenotaverit,
972 3600 1011 3662 de
1033 3601 1154 3664 ineerta
1172 3599 1257 3662 ride·

152 3692 218 3760 iicet
238 3707 316 3763 tunc
345 3700 500 3779 temporis
527 3699 589 3762 iide
610 3701 696 3763 cirea
721 3700 910 3781 hujusmodi
942 3719 1079 3780 corpora
1103 3701 1284 3772 animata,.

154 3795 222 3859 nihii
242 3798 316 3862 iude
336 3807 449 3862 eontra
470 3817 547 3864 eum
568 3801 693 3864 adstrui
716 3809 843 3880 potest,
867 3801 925 3864 uisi
948 3801 1087 3880 primum
1110 3802 1253 3874 inscitia,

152 3896 210 3961 sire
222 3898 373 3978 dubium,
389 3903 478 3981 quod
492 3902 607 3965 deinde
622 3912 806 3982 opportune
822 3903 970 3976 resumit,
993 3889 1155 3982 exponens
1177 3903 1254 3982 qnid

153 3995 187 4061 de
203 4019 241 4064 eo
256 4009 450 4082 argumento
463 4004 664 4067 sentiendum
685 4005 749 4083 sit;
772 4014 803 4067 et
817 4006 981 4082 speciatim
1005 4023 1071 4084 qne
1092 4023 1187 4066 seusu
1209 4004 1255 4064 di·

154 4099 234 4166 vinae
248 4101 437 4184 Scripturas
453 4113 539 4167 astra
554 4107 694 4168 animata
719 4107 1034 4185 comprehenderint.
1052 4102 1147 4180 Quod
1164 4123 1255 4184 prae·

152 4201 225 4265 stitit
236 4207 269 4266 iu
289 4207 394 4286 eapite
409 4204 482 4269 vlt.
504 4207 650 4287 eiusdem
664 4205 752 4269 Libri
777 4206 799 4268 Ι.
823 4207 877 4269 ubi
899 4226 1009 4270 omnes
1030 4223 1253 4286 quascumque

153 4296 187 4362 ie
204 4303 263 4368 hac
283 4309 419 4370 materia
440 4308 604 4387 opiniones
626 4318 736 4370 censet
756 4317 787 4370 et
809 4309 961 4382 rimatur,
986 4316 1048 4369 tam
1071 4306 1156 4386 apud
1179 4306 1255 4369 fide·

153 4397 203 4475 les,
225 4411 288 4468 tam
307 4406 393 4488 apud
414 4406 597 4470 haereticos
617 4408 827 4487 ethnicosque
850 4409 1023 4486 cxcitatum
1046 4407 1206 4487 cujusque
1229 4410 1253 4469 i-

154 4496 206 4564 ieo
225 4504 365 4568 rationes
385 4504 579 4586 ponderans,
604 4513 640 4569 ut
660 4504 775 4569 deiude
799 4515 948 4589 tanquam
970 4507 1071 4588 judex
1094 4506 1176 4567 iuter
1197 4524 1252 4568 cos
