3375 5567
170 738 219 802 iici
239 739 279 804 de
299 741 348 804 his
368 741 593 818 odiendsntnr,
616 762 673 808 nec
695 746 887 810 heterodoxi
908 747 1100 826 glorientur,
1122 749 1149 810 si
1169 765 1270 828 qnae·

169 841 238 904 dnus
259 841 333 904 inde
353 852 466 921 putent
484 862 605 908 ornere
623 856 734 910 contra
760 847 878 930 Synodi
901 847 1090 934 tridentinae
1112 847 1270 912 delinitio·

169 962 247 1006 nem·
731 980 736 990 ι

245 1045 384 1127 Rcapse,
397 1049 505 1129 quoad
524 1051 586 1112 hoc
602 1051 789 1134 mysterium
807 1051 944 1128 Auctor,
967 1073 1063 1132 quem
1087 1055 1197 1134 piures
1219 1054 1273 1130 (in

167 1147 284 1225 qnihns
299 1150 367 1228 ipss
377 1147 532 1226 fluetinsi
546 1155 623 1214 satis
637 1152 845 1228 studuerunt,
862 1164 898 1218 ut
912 1156 1059 1218 eumdem
1073 1153 1200 1235 Synodo
1219 1154 1274 1216 tri-

168 1250 313 1312 dentinae
334 1253 525 1316 concordem
541 1253 581 1314 de
602 1273 641 1316 eo
657 1255 824 1330 haherent,
840 1257 1071 1319 consuetudine
1094 1257 1192 1334 ipsius
1207 1239 1283 1316 ιιιι·Ι

168 1353 250 1415 sime
271 1355 392 1417 intents
414 1357 445 1417 in
466 1356 710 1435 scripturorum
734 1365 801 1420 tum
824 1357 971 1431 litterali,
987 1369 1053 1420 tum
1076 1357 1212 1438 spiritali
1228 1356 1274 1417 in·

169 1456 351 1536 vestigando
364 1475 472 1532 sensu,
490 1459 594 1520 rerhis
607 1475 683 1520 sane
703 1459 864 1537 explicitis
879 1467 977 1539 atque
1002 1459 1201 1522 convenienti
1218 1477 1274 1520 ex·

166 1559 334 1636 positione,
354 1560 386 1621 in
401 1558 565 1638 Epistolss
585 1561 624 1622 ad
639 1559 793 1639 Ephesios
807 1562 892 1622 dicta
903 1571 1015 1623 inemo
1032 1558 1114 1622 enim
1132 1578 1273 1641 unquam

166 1677 254 1722 suom
274 1679 403 1723 cursem
423 1661 501 1736 odit,
525 1662 658 1744 mystice
680 1663 920 1742 interpretatus,
943 1663 1065 1741 inquit:
1090 1660 1272 1726 «Dicamus

166 1762 250 1841 qnod
272 1763 363 1826 iilum
384 1781 527 1837 carnem,
550 1782 634 1844 qnae
651 1765 758 1828 sisurs
777 1765 819 1827 sit
837 1764 983 1827 salutare
1005 1761 1075 1837 ilei,
1097 1766 1201 1826 animo
1224 1763 1273 1828 di·

165 1863 241 1942 lipsi
254 1872 288 1927 et
305 1866 428 1928 nntriat
447 1874 481 1926 et
503 1866 612 1929 toneat
633 1883 703 1928 eam
719 1865 891 1943 disciplinis
912 1864 1074 1938 erudiens,
1089 1855 1122 1927 et
1140 1865 1272 1930 coelesti

166 1967 309 2046 ssqinnns
322 1983 419 2045 pane,
434 1976 466 2030 et
486 1966 605 2032 Christi
626 1969 780 2046 sangnine
801 1967 948 2046 irrigans,
973 1973 1008 2030 ut
1031 1967 1149 2029 reiecto
1172 1975 1203 2028 et
1225 1968 1271 2029 ni·

168 2067 227 2129 tids
243 2069 343 2148 possit
363 2068 468 2132 iihero
483 2087 581 2132 cursu
605 2070 710 2131 virum
730 2069 834 2154 sequi,
851 2078 884 2130 et
898 2068 989 2131 nullo
1007 2067 1178 2130 debilitatis
1194 2084 1272 2146 pon·

166 2169 239 2232 dere
259 2171 512 2250 praegravari.»
526 2167 589 2232 iitc
608 2187 684 2234 sune
704 2187 778 2234 cum
798 2177 922 2232 statuat
941 2168 1110 2248 Origenes,
1131 2170 1270 2232 enimam

167 2271 303 2344 nutrire,
319 2279 418 2350 atque
440 2288 521 2349 psne
542 2271 672 2334 coelesti
688 2271 799 2333 fovere
819 2287 949 2334 carnem
970 2287 1074 2344 snam,
1091 2278 1123 2332 et
1143 2272 1271 2349 sangui-

167 2388 202 2432 ne
221 2369 343 2435 Christi
370 2373 471 2452 ipssm
491 2373 648 2452 irripere,
670 2371 894 2438 Eucharistiae
917 2381 1154 2436 sacramentum
1176 2390 1269 2452 prae·

168 2474 250 2536 slsre
259 2475 356 2556 jnxts
371 2475 563 2538 catholicam
580 2475 673 2540 iidem
688 2475 807 2538 denuit.
827 2473 982 2539 Enmdem
1000 2493 1128 2539 sensnm
1151 2491 1270 2554 erpen-

167 2573 208 2636 dit
227 2576 260 2637 in
276 2574 395 2637 Psalmi
405 2571 474 2640 ΗΒ.
491 2576 603 2649 rerba,
626 2576 785 2655 inquiens,
801 2594 858 2639 uos
873 2576 1062 2640 christianos
1083 2575 1164 2655 eripi
1185 2595 1203 2638 e
1223 2575 1270 2656 ls-

167 2693 246 2754 qneo
262 2678 459 2751 venantium,
474 2677 577 2741 sicuhi
592 2676 739 2742 Christus
757 2674 928 2742 Diaholnm
944 2678 1147 2751 contriverit,
1164 2676 1267 2740 nohis·

167 2793 226 2855 qne
248 2777 376 2840 dederit
396 2778 549 2841 virtutem
575 2777 760 2841 ambulandi
785 2778 940 2840 adsersus
963 2778 1150 2840 inimicum:
1170 2798 1186 2836 ιι
1203 2775 1268 2852 Qui

166 2887 271 2940 contrs
292 2879 381 2940 solos
400 2880 552 2943 socordes
568 2880 743 2957 praevalet.
765 2878 902 2958 Spiritus
924 2881 1005 2940 enim
1022 2881 1156 2958 gratiam
1178 2895 1268 2940 aece-

167 2976 290 3058 pimns3
323 2976 509 3059 Christique
535 2980 690 3058 sanquine
710 2996 747 3040 sc
775 2995 913 3056 corporo
935 2978 1145 3040 nutrimur.»

239 3077 330 3142 idem
351 3077 450 3144 Libro
472 3079 558 3142 vttt.
581 3098 612 3142 u.
631 3079 684 3148 Ὦ.
707 3090 820 3146 contre
842 3078 972 3145 Celsum
997 3087 1093 3155 tenet,
1117 3079 1172 3143 uhi
1193 3096 1267 3158 gen·

167 3177 267 3241 tilium
290 3179 387 3254 desta,
405 3181 576 3255 sucrificia,
597 3199 711 3244 eornm
738 3182 819 3244 varii
844 3181 967 3260 generis
989 3180 1027 3240 ad
1057 3180 1118 3242 hoc
1140 3187 1268 3258 paratas
1322 3197 1324 3202 ’

166 3281 300 3358 opulas,
330 3284 469 3346 secernit
488 3284 530 3345 rh
550 3283 610 3357 iis,
632 3301 716 3362 qnae
743 3293 852 3344 sancte
874 3290 905 3343 et
927 3281 1114 3343 intemerate
1135 3279 1216 3342 iiunt
1237 3281 1267 3342 in

167 3380 412 3446 christisnornm
426 3383 683 3448 solemnitatibus
696 3385 736 3446 de
752 3401 857 3446 mensa
876 3380 1001 3444 Domini
1016 3380 1265 3454 comedentium,

166 3478 240 3546 iesu
254 3484 361 3548 csrnis
373 3486 494 3548 scilicet
507 3495 540 3547 at
552 3487 713 3563 sanguinis
728 3485 999 3564 participantium.
1015 3481 1068 3546 hit
1083 3486 1165 3546 enim
1181 3504 1189 3544 ι
1205 3502 1221 3540 ιι
1237 3480 1265 3544 is

166 3584 271 3661 etism,
292 3587 350 3665 qni
370 3587 490 3665 coqitst
512 3585 690 3660 Christum,
710 3586 798 3667 quod
818 3584 937 3648 Pascha
960 3591 1104 3647 nostrum
1127 3592 1186 3660 est,
1209 3587 1268 3645 im·

166 3684 319 3749 molstum
340 3704 431 3765 esse3
453 3693 486 3748 et
506 3686 750 3749 manducantem
767 3684 863 3750 Verbi
885 3704 1027 3759 carnem,
1042 3685 1159 3748 testum
1182 3684 1266 3746 diem

164 3800 256 3863 apere
276 3795 453 3868 oportere,
476 3805 604 3866 semper
628 3786 771 3863 Pascha,
794 3788 879 3867 qnod
902 3779 1071 3848 'transitum
1093 3785 1262 3865 significet,

165 3886 422 3952 celebratote.»
446 3885 566 3952 Deinde
587 3890 618 3950 in
639 3907 670 3952 u.
691 3887 741 3954 33.
763 3889 866 3952 eidem
888 3887 1003 3961 Celso,
1025 3888 1079 3966 qui
1103 3889 1265 3952 daemoni·

166 3984 222 4050 hns
242 3990 399 4070 primitius
412 4000 445 4054 et
466 4008 578 4070 preces
600 3989 790 4066 tundendas,
805 3992 990 4070 gratiasque
1011 3989 1190 4052 necessario
1213 4008 1266 4068 pe-

165 4092 316 4169 ragendas
336 4111 404 4156 esse
418 4092 536 4174 ajehist,
560 4094 722 4172 respondit
735 4117 744 4156 ε
758 4114 775 4152 s
791 4092 903 4156 Celsus
920 4095 1018 4172 igitur
1039 4109 1074 4152 es
1097 4091 1260 4162 decanea,

165 4197 198 4251 ut
217 4189 319 4256 Deum
341 4195 508 4273 ignorans,
530 4195 647 4272 pretias
668 4193 877 4257 doemonibus
898 4201 970 4270 ngat
980 4211 991 4270 3
1025 4189 1130 4281 Ημέις
1162 4183 1197 4260 δέ
1221 4187 1266 4284 τῷ

163 4287 213 4357 rbi
231 4287 348 4374 παντὸς
370 4291 558 4391 δημιουργῷ
582 4289 851 4387 {exoptationem
874 4286 931 4362 καὶ
954 4289 1028 4374 τούς
1051 4290 1115 4384 μετ’
1138 4291 1267 4386 {epopt-

163 4392 251 4478 rrioeg
271 4395 329 4470 καὶ
349 4397 450 4491 topic
471 4398 530 4480 τῆς
553 4395 608 4468 a’ri
629 4398 699 4478 τὸις
721 4397 848 4470 deditos
872 4396 1127 4503 προσαγομένους
1149 4393 1266 4499 ἄρτους

163 4493 314 4596 ἐσθίομεν,
333 4505 430 4598 σῶμα
442 4504 630 4598 γενομένους
645 4495 703 4574 hol
726 4499 786 4586 mia
806 4499 907 4599 ἔυχήν
925 4501 1019 4598 ἅγιόν
1034 4529 1078 4588 τι,
1100 4498 1157 4578 καὶ
1179 4497 1268 4595 ἅγιά·
