3375 5567
1195 714 1252 783 127

163 820 185 873 et
201 810 397 875 substantiale
419 813 452 875 iu
472 832 512 877 eo
532 830 627 879 omne
649 815 770 879 bouum
791 822 852 889 est,
875 816 963 897 quod
985 816 1100 897 utique
1130 822 1250 883 muteri

162 922 241 991 atque
260 916 403 978 conserti
425 934 591 996 uunquam
614 924 731 996 potest,
753 916 877 991 ideireo
899 934 979 997 pura
1003 918 1075 999 ojus
1095 927 1127 983 et
1147 922 1250 985 sinos·

162 1032 187 1076 ra
205 1015 297 1095 gloria
317 1017 537 1095 praedicatur.
560 1040 577 1075 s

221 1115 253 1178 ln
267 1116 314 1178 bis
328 1120 500 1197 postremis
517 1119 622 1185 serbis
644 1121 883 1185 animadvertas
905 1121 1069 1203 quomodo
1093 1122 1253 1187 Adaman-

158 1218 206 1279 tius
220 1216 372 1299 iustitiam
387 1228 420 1282 et
439 1221 628 1301 sapientiam
654 1231 791 1286 naturae
817 1222 1039 1285 convertibilia
1059 1234 1210 1289 secernat
1231 1243 1257 1289 a.

157 1321 285 1397 sapientia
308 1329 341 1383 et
358 1322 485 1403 iustitia
509 1320 566 1385 ilei
588 1322 728 1404 Filiique
749 1324 799 1387 sui
812 1344 824 1402 3
847 1328 968 1405 quippe
989 1326 1021 1386 in
1043 1325 1146 1404 prima
1169 1330 1252 1391 auri·

156 1418 215 1481 dens
231 1422 282 1494 sit,
304 1421 402 1485 sicuti
424 1432 458 1487 et
478 1424 627 1489 decidere
649 1425 747 1505 possit
757 1445 770 1503 3
792 1426 825 1487 iu
844 1425 1094 1499 seeundum,
1113 1428 1194 1491 idest
1215 1428 1247 1489 io

155 1516 209 1581 ileo
221 1520 428 1589 immutabilis
442 1526 483 1587 sit
489 1546 501 1603 3
518 1525 657 1605 ideoque
673 1527 718 1587 ait
732 1525 870 1606 glorium
885 1542 977 1589 suam
994 1526 1249 1605 limpidissimam

155 1638 218 1685 ose:
230 1625 313 1703 quod
326 1625 367 1689 de
380 1630 498 1691 ceteris
511 1627 698 1691 substantiis
720 1627 782 1691 dici
804 1628 927 1706 nequit.
953 1624 1087 1707 insuper
1106 1627 1194 1691 addit
1215 1648 1251 1691 u·

153 1723 271 1800 uipenito
285 1724 373 1791 Filio
387 1725 445 1792 Dei
467 1746 561 1793 omne
583 1730 704 1793 bouum
718 1746 788 1792 esse
807 1727 1034 1802 substantiale,
1049 1729 1251 1811 proindeque

156 1824 414 1906 inm-nutabile,
428 1839 461 1895 et
474 1836 712 1911 cousequenter
724 1829 766 1893 ab
782 1829 888 1894 altero
904 1829 1054 1894 bonitalis
1068 1846 1185 1908 genere
1198 1848 1252 1894 ao-

152 1925 348 1994 nideutissire
368 1930 542 1996 decidentis
554 1940 692 1995 naturae
712 1930 935 1995 consentibilia
958 1930 1052 2012 plene
1072 1931 1247 1997 disemum.

151 2024 405 2112 Quomodoergo,
417 2050 492 2097 eum
506 2033 606 2114 paulo
617 2041 692 2096 aute
701 2031 925 2106 affirmaverit,
937 2049 1064 2095 omnem
1074 2032 1250 2097 bonitatem

152 2122 210 2188 lilii
227 2148 293 2195 esse
307 2134 340 2194 ei
360 2131 619 2207 substantialem,
634 2141 667 2195 et
683 2132 757 2197 bine
773 2131 1084 2205 iucommutabilem,
1101 2132 1173 2197 dein
1188 2142 1252 2197 sta·

151 2230 300 2302 tineosos
320 2234 364 2295 sit
381 2232 489 2297 dioere
509 2235 520 2311 (
532 2252 564 2296 n.
586 2231 647 2311 13)
665 2234 762 2314 justu
779 2232 958 2313 Epistulam
978 2233 1109 2297 citatam
1130 2242 1163 2297 et
1176 2230 1252 2296 ilie-

151 2332 256 2414 ronymi
279 2327 615 2407 tantummodum
635 2351 700 2395 son
720 2352 782 2395 esse
801 2333 928 2410 donum,
951 2335 1005 2397 red
1023 2332 1173 2398 bonitatis
1192 2354 1251 2397 ou·

149 2450 203 2495 ran
219 2436 401 2515 quomdam,
425 2445 461 2499 ut
482 2454 548 2499 noo
567 2435 700 2499 dicotur
719 2434 859 2498 absolate
880 2430 1015 2499 bonos?
1036 2434 1067 2499 Si
1089 2443 1182 2501 autes
1205 2435 1250 2498 di·

150 2536 196 2609 rit,
209 2556 299 2601 omne
321 2538 444 2601 bonum
459 2538 491 2600 in
507 2536 616 2600 Verbo
637 2536 695 2600 llei
710 2538 923 2611 substantiale
937 2557 1006 2603 esse
1020 2539 1102 2603 adeo
1119 2548 1155 2602 ot
1170 2556 1250 2601 nun·

148 2652 226 2713 quam
246 2640 367 2703 motari
389 2639 501 2717 possit,
522 2638 688 2717 quomodo
709 2639 815 2718 ipsum
841 2656 905 2703 uon
924 2639 987 2703 erit
1008 2642 1075 2717 ipsa
1098 2636 1249 2702 bonitas'l

148 2734 201 2799 Cur
217 2756 277 2801 nou
297 2739 365 2801 erit
380 2737 483 2803 Filius
503 2740 606 2803 bonus
630 2740 676 2803 uti
700 2738 818 2815 Pater,
841 2758 884 2803 ex
906 2758 972 2820 quo
997 2758 1080 2803 unus
1102 2747 1247 2803 osteum

148 2834 225 2903 lrtre
243 2858 303 2921 per
326 2840 552 2905 indivisibilem
573 2841 788 2921 eamdemque
817 2849 992 2916 naturam,
1021 2841 1117 2905 sicuti
1147 2842 1248 2903 omui·

148 2946 263 3015 potens,
281 2940 434 3020 sapiens,
456 2949 661 3006 etaeteruus
690 2950 738 3005 est
769 2961 843 3007 com
869 2940 993 3005 Putre?
1013 2939 1145 3005 Cernito
1168 2958 1249 3019 ergo

145 3040 417 3105 manilestissimam
432 3041 633 3122 antilogium,
656 3043 686 3103 in
708 3060 807 3122 quam
827 3046 897 3123 pari
915 3051 1059 3121 tempore
1081 3042 1112 3103 iu
1134 3040 1247 3103 eodem

145 3158 286 3219 sermone,
308 3162 350 3207 ae
371 3143 410 3206 de
432 3145 544 3207 eadem
567 3161 603 3207 re
618 3142 728 3206 inridit
745 3140 956 3207 Adamantius
974 3144 1071 3225 juxte
1087 3141 1246 3226 Hierony·

145 3246 177 3305 ui
189 3246 496 3326 interpretationem.
517 3244 637 3309 Eadem
653 3248 733 3322 bore
756 3246 864 3309 iirmat
880 3255 911 3308 et
928 3254 1022 3324 negat
1033 3246 1064 3307 iu
1087 3242 1170 3308 Filio
1187 3242 1245 3307 llei

144 3342 298 3411 bonitatem
322 3347 577 3410 substentinlem.
591 3346 744 3411 Proiecto
765 3347 936 3411 dicendum
958 3354 1041 3409 esset
1056 3345 1245 3426 aliquantis·

145 3461 191 3519 per
208 3448 362 3511 insanisse
380 3447 554 3526 Oripeuem
566 3467 577 3524 ς
608 3446 710 3511 douae
731 3448 830 3527 paulo
862 3454 933 3528 post
954 3446 986 3507 in
1007 3444 1120 3509 eodern
1152 3462 1246 3525 pura·

142 3549 247 3626 ruptio
267 3551 312 3611 ab
332 3550 490 3614 amentiae
510 3566 623 3612 somno
645 3548 916 3628 expergeiaetus,
940 3564 1054 3611 rursus
1071 3546 1244 3611 bonitatem

143 3646 167 3706 in
180 3646 281 3713 llerbo
305 3648 365 3713 Dei
380 3668 443 3713 oon
458 3650 630 3713 relativum
652 3650 707 3713 sed
728 3650 914 3713 absolutam
927 3666 964 3711 ae
981 3647 1067 3711 Patri
1089 3657 1243 3715 connatu-

142 3748 226 3813 ntem
246 3752 415 3815 eouiessus
435 3759 530 3824 esset,
556 3752 656 3815 veluti
679 3772 696 3813 o
720 3752 876 3831 principio
898 3757 1070 3813 statueret.

204 3849 236 3915 st
251 3861 364 3915 autem
381 3847 569 3933 llierouymi
584 3863 616 3913 et
634 3850 786 3913 ductoris
809 3848 972 3929 Epistulae
991 3849 1135 3913 versione
1151 3852 1245 3933 quip-

139 3966 169 4023 pe
185 3951 330 4017 dietiouis
358 3952 464 4015 ordini
494 3954 693 4031 incongrua,
717 3951 921 4030 posthabita,
943 3950 1079 4014 niteram
1108 3949 1240 4014 liuillini

138 4053 302 4130 admiseris,
316 4056 425 4118 omnia
445 4062 680 4132 cousequenter
701 4072 736 4117 se
757 4053 932 4125 habebunt,
951 4071 990 4114 ao
1012 4054 1178 4114 contextui
1199 4053 1241 4114 si-

141 4170 170 4213 re
186 4157 340 4219 remonis
362 4154 596 4234 praecedentis,
610 4173 667 4217 seu
689 4154 850 4235 sequentis
870 4154 996 4234 penitus
1017 4150 1239 4215 adcommoda·

141 4260 173 4313 ia.
192 4254 265 4321 llixi
293 4258 479 4337 sequentis,
499 4267 531 4321 et
552 4256 681 4336 quidem
703 4257 800 4337 J'ure3
823 4274 896 4319 nrm
922 4257 967 4320 sio
988 4260 1077 4317 arete
1106 4271 1241 4333 soquen-

142 4354 174 4415 iis
195 4359 290 4423 rerba
309 4360 407 4423 sicuti
427 4370 460 4423 et
484 4360 658 4440 praemissa
679 4364 919 4423 connectuntur
942 4356 1112 4437 pericopae
1132 4352 1240 4433 dispo·

140 4460 231 4531 tatae,
254 4470 305 4537 ut,
329 4462 390 4525 nisi
411 4474 496 4523 stare
521 4462 657 4525 velimus
678 4457 802 4523 liumus
825 4458 978 4533 versioni,
1005 4455 1169 4519 latendum
1193 4455 1239 4515 lu·

142 4564 200 4628 ret,
220 4561 369 4625 eumdem
392 4563 570 4625 necessario
593 4580 654 4623 nou
686 4561 863 4639 quidquam
889 4555 1110 4621 tautummodo
1132 4572 1238 4617 emen·

256 4662 316 4725 Vol.
423 4660 466 4723 11.
1082 4653 1119 4719 11
