3375 5567
460 789 588 863 rupom,
612 794 645 845 ut
665 785 707 847 sit
727 794 842 847 roceto
854 794 883 846 et
903 783 1119 846 immaculato.
1144 782 1214 848 Hoc
1236 795 1305 846 est:
1329 785 1424 850 «Non
1443 787 1548 865 quoda

459 889 615 968 principio
636 887 843 950 immaculata
868 887 987 949 tuerit:
1012 887 1072 948 itoc
1093 888 1177 951 enim
1197 888 1355 968 suspicari
1376 888 1497 969 quidem
1516 890 1548 950 dt·

458 990 585 1050 nomine
607 1007 668 1050 oon
691 998 814 1068 potest,
837 989 925 1066 quod
948 989 1052 1050 anima
1074 989 1145 1069 cius
1167 988 1331 1052 maculosa
1361 1007 1420 1052 nou
1441 987 1545 1066 inerim

456 1089 511 1152 sed
533 1091 621 1169 quod
638 1099 811 1172 reputetur
824 1108 907 1170 pura
929 1098 1027 1170 atque
1047 1093 1183 1163 sincera,
1200 1109 1285 1170 quus
1306 1092 1461 1155 maculari
1476 1091 1548 1154 nitra

456 1190 596 1253 desierit.
620 1191 768 1272 »iisqne
787 1193 813 1253 si
828 1191 983 1272 Origenes
1004 1194 1185 1255 animarum
1211 1193 1486 1272 praeexistentiam
1505 1193 1550 1253 ad-

460 1295 606 1368 misisset,
619 1295 792 1374 etquidem
809 1295 932 1373 absque
946 1301 1090 1374 peccato,
1107 1302 1279 1374 antequem
1296 1296 1439 1358 venirent
1450 1297 1479 1359 in
1492 1313 1552 1357 cor-

459 1411 530 1472 pus,
546 1394 602 1456 sed
624 1403 717 1456 antea
739 1403 771 1455 et
790 1395 925 1456 seorsim
942 1413 958 1456 a
976 1411 1114 1474 corpore
1128 1403 1257 1457 creatae
1272 1403 1466 1474 peccassent,
1479 1393 1553 1456 stoi

457 1506 624 1575 peccatum
646 1496 677 1555 in
699 1513 838 1574 corpora
861 1496 1005 1576 dejectae
1026 1516 1044 1558 c
1065 1497 1174 1572 cocio,
1199 1515 1408 1578 nequaquam
1424 1496 1550 1570 dixisset,

457 1614 519 1658 non
541 1615 610 1658 esse
630 1596 870 1677 suspicandum,
893 1597 980 1676 quod
1003 1599 1105 1661 auimo
1129 1599 1268 1662 humana
1299 1617 1361 1661 oon
1385 1599 1480 1662 iuerit
1498 1614 1551 1660 ma·

456 1698 567 1760 cuiosa
583 1699 625 1759 sb
639 1697 710 1778 ejus
721 1699 823 1773 initio,
839 1697 989 1762 uidelicet
1004 1699 1090 1779 quod
1106 1717 1168 1761 non
1184 1701 1325 1779 peccarit
1341 1701 1383 1761 ab
1399 1701 1463 1781 ipsa
1474 1717 1549 1762 crea·

460 1803 544 1864 tione
565 1808 597 1862 et
612 1801 818 1878 inspiratione
839 1801 870 1862 in
887 1800 1047 1864 hominem
1062 1800 1072 1880 i
1085 1801 1159 1880 quia
1183 1818 1292 1862 omncs
1309 1800 1340 1862 in
1357 1799 1480 1864 Adsero
1493 1815 1552 1879 pec·

453 1912 610 1969 naverunt
622 1905 643 1982 ).
656 1903 717 1967 Sed
739 1921 758 1963 c
780 1904 944 1965 contrario
965 1901 1126 1964 docuisset
1145 1920 1216 1978 cns,
1232 1891 1306 1963 ante
1321 1921 1421 1981 quam
1439 1901 1552 1982 corpori

455 2008 717 2081 associareotur,
739 2023 757 2066 a
779 2003 848 2068 Deo
870 2004 1013 2068 conditas
1035 2005 1066 2066 in
1094 2004 1237 2084 quodam
1258 2003 1360 2066 choro
1381 2005 1509 2077 beatas,
1526 2007 1552 2062 st

456 2118 565 2189 postca
588 2125 604 2174 a
622 2106 679 2170 Dei
701 2108 860 2170 charitate
881 2106 1096 2183 deferremus,
1119 2106 1192 2168 ideo
1213 2107 1244 2170 in
1265 2123 1406 2184 corpora
1430 2107 1551 2168 humana

454 2229 524 2274 esse
545 2210 585 2271 ad
607 2227 743 2290 poenam
764 2209 915 2270 intrusos.
933 2205 1027 2282 Quod
1052 2214 1156 2269 tumen
1178 2208 1221 2269 ibi
1245 2208 1464 2286 praetermisit
1484 2205 1553 2268 tta-

454 2314 606 2386 mantius,
628 2313 730 2374 sciens
750 2310 892 2389 singulas
913 2311 1034 2372 animus
1056 2325 1118 2371 uua
1140 2325 1215 2371 curn
1244 2309 1441 2388 corporibus
1460 2306 1552 2386 singil-

452 2415 544 2478 iatim
565 2411 666 2477 unco
687 2413 804 2486 creari,
826 2413 922 2475 sicuti
945 2411 1006 2474 tuit
1019 2410 1145 2473 Adam:
1169 2420 1198 2473 st
1216 2407 1390 2490 inspiravit
1404 2409 1442 2474 irs
1454 2407 1551 2490 scruta

453 2517 520 2598 ejus
540 2513 736 2597 spiracuium
756 2513 848 2576 vitoe.

534 2616 661 2680 florum
682 2626 791 2679 nutem
815 2615 990 2677 verborum
1021 2632 1133 2677 sensus
1155 2614 1202 2692 (si
1226 2613 1310 2677 iorte
1331 2615 1405 2695 quis
1427 2613 1552 2677 suenta-

456 2720 528 2798 ωε)
548 2718 589 2781 ai)
610 2717 750 2781 Homiiin
774 2715 816 2780 tt.
839 2735 868 2778 o.
892 2711 921 2780 i.
944 2713 981 2778 irs
1004 2713 1195 2778 Hieremiam
1217 2715 1429 2778 illustratura
1453 2719 1482 2778 io
1501 2733 1553 2794 qur

455 2831 487 2884 et
509 2821 710 2901 propositum
733 2819 840 2879 firmat
861 2819 900 2879 dc
922 2817 1046 2880 enimse
1068 2817 1158 2878 initio
1178 2815 1358 2897 Origenns5
1391 2835 1430 2880 ac
1453 2817 1502 2880 obi
1520 2814 1553 2877 si·

456 2923 526 2986 mnl
540 2924 647 2994 docet,
665 2920 828 3003 quomodo
845 2919 923 2982 haec
944 2921 1048 2982 anime
1072 2937 1152 2999 pura
1168 2928 1276 2982 creata
1293 2919 1324 2980 in
1350 2918 1495 2992 Adamo,
1513 2917 1555 2976 de

455 3024 592 3088 formata
614 3027 655 3085 sit
676 3041 734 3104 per
756 3029 923 3101 peccatum
945 3019 1191 3100 niani-ipsius,
1209 3039 1270 3083 noo
1294 3039 1372 3082 vero
1394 3030 1553 3100 antequam

398 3202 402 3208 .
456 3133 540 3189 esset
562 3126 676 3188 homo:
702 3141 814 3185 verum
838 3123 869 3183 in
892 3124 960 3202 ipso
982 3123 1110 3185 homino
1131 3121 1213 3184 idest
1236 3124 1266 3183 in
1289 3121 1436 3198 Adamo,
1459 3131 1490 3184 et
1510 3137 1556 3199 pst

453 3230 559 3308 ipsum
577 3227 635 3289 ists
651 3226 768 3297 auimo,
787 3225 892 3302 imago
905 3221 975 3299 Dei,
994 3224 1165 3303 deturpata
1182 3232 1242 3297 est,
1259 3223 1354 3286 sicuti
1371 3227 1403 3287 in
1416 3226 1482 3287 suis
1494 3241 1555 3284 soc·

457 3329 651 3402 sessoribus,
674 3328 729 3407 qui
751 3327 782 3387 in
803 3343 842 3388 eo
859 3333 1056 3405 peccarunt:
1074 3347 1090 3384 u
1106 3324 1147 3388 Et
1168 3334 1241 3388 suto
1262 3325 1416 3400 diximus,
1437 3325 1555 3387 concio·

456 3433 514 3507 dit,
536 3440 570 3493 et
590 3448 674 3492 nunc
696 3428 807 3492 eadem
831 3427 958 3507 plenius
980 3436 1017 3490 ut
1037 3428 1245 3506 intelligatis,
1269 3430 1466 3506 repetimus,
1487 3427 1553 3505 quia

459 3530 545 3593 Deus
566 3531 682 3593 bonam
701 3531 796 3592 vitem
819 3531 976 3610 pinntsvit
992 3529 1129 3592 animum
1152 3529 1303 3606 hominis;
1326 3529 1381 3590 sed
1399 3527 1556 3608 unusquis·

457 3649 521 3713 que
542 3649 719 3694 conversus
741 3632 844 3693 iactus
866 3639 913 3693 est
934 3630 1061 3692 diviusc
1083 3631 1266 3692 contrarius
1289 3629 1457 3692 voluntati.
1479 3649 1494 3684 s

535 3731 729 3809 Novissime,
752 3733 875 3796 cunctis
898 3732 945 3794 isis
967 3732 1162 3812 praemissis,
1179 3740 1278 3811 patet,
1301 3729 1483 3811 origenem,
1505 3745 1553 3790 osc

455 3835 635 3897 animarum
653 3833 933 3913 praeexistentiam
949 3832 1096 3895 docuisse
1104 3853 1116 3910 ;
1139 3851 1197 3896 nec
1213 3833 1316 3894 muito
1338 3834 1443 3894 minus
1456 3848 1505 3893 ess
1518 3825 1554 3888 ob

457 3942 626 4015 pe'ccntom
642 3935 797 3997 immissas
819 3933 916 3997 tuisse
931 3935 962 3995 in
985 3951 1122 4014 corpora
1144 3933 1183 3994 sd
1200 3931 1317 4012 poenus
1340 3933 1461 3996 erroris
1474 3931 1554 3991 iusu-

456 4038 535 4099 das:
554 4054 612 4099 nec
634 4037 720 4098 ultra
736 4036 900 4098 admisisse
922 4035 1051 4113 quidem
1068 4035 1189 4096 animus
1211 4035 1242 4095 io
1265 4035 1331 4113 ipss
1347 4032 1457 4096 mundi
1476 4045 1555 4092 crea·

457 4142 543 4202 tione
565 4139 662 4200 inisse
677 4155 694 4198 u
711 4135 778 4199 Deo
800 4133 938 4212 creatas,
955 4137 1089 4215 singuiis
1108 4136 1223 4198 deinde
1245 4135 1427 4198 hominibus
1447 4133 1555 4212 disper·

460 4239 592 4302 tiendas.
617 4235 678 4301 Sed
703 4240 804 4300 tenuit
825 4236 930 4300 Deum
956 4238 1176 4301 tantummodo
1198 4239 1228 4300 in
1252 4237 1365 4301 iacieru
1390 4236 1497 4302 Adami
1513 4233 1554 4292 in·

455 4337 599 4404 sufflasse
617 4338 818 4420 spiraculum
843 4340 940 4415 ritae,
954 4348 987 4402 et
1010 4340 1070 4401 hoc
1092 4359 1133 4402 ex
1149 4340 1214 4419 ipsa
1237 4339 1406 4419 Scriptura
1422 4339 1550 4401 dicente:

454 4439 632 4520 inspiravit
646 4439 728 4504 usus
748 4439 784 4501 in
803 4440 918 4522 sociem
938 4439 1005 4522 rjus
1019 4438 1217 4521 spiraculum
1230 4437 1323 4504 citos.
1348 4437 1384 4502 iu
1396 4456 1458 4520 qua
1472 4431 1553 4512 sipi·

458 4539 574 4606 iicatur
595 4543 721 4604 initium
742 4543 880 4619 animae,
902 4559 987 4624 quas
1009 4550 1101 4606 antea
1123 4559 1185 4604 uon
1208 4542 1336 4604 extitit:
1360 4533 1552 4605 acsimuiin·
