3375 5567
420 797 494 844 uem
515 779 664 862 Apostoli
680 789 843 862 precntum
862 783 906 846 cti
926 791 1065 847 nmen.
1097 782 1192 860 Quod
1213 797 1301 857 saue,
1333 783 1388 854 ait,
1410 789 1518 844 mucre

422 892 499 947 tuuc
512 883 675 946 audebunt
693 885 877 948 sacerdotes
891 883 1057 949 Ecclesiae
1072 887 1250 960 remittere,
1272 889 1383 964 aperte
1405 883 1520 944 obituu-

423 995 454 1048 tc
475 984 608 1050 loannis
630 986 786 1048 sententia
806 986 940 1050 dicentis
960 989 992 1050 io
1015 984 1159 1066 Epistola
1183 984 1208 1048 l.
1232 1004 1260 1049 o.
1283 982 1323 1047 V.
1347 1002 1377 1044 u.
1399 979 1447 1048 to.
1468 980 1518 1045 ll:
1602 993 1603 1076 ᾗ

422 1107 440 1147 r
460 1085 563 1168 siquis
583 1086 699 1151 vireu
716 1089 848 1168 fratrem
867 1106 961 1151 suurn
978 1106 1108 1168 peccare
1126 1098 1285 1168 peccatum
1307 1105 1372 1149 non
1387 1085 1435 1148 od
1453 1103 1522 1146 mor·

423 1197 496 1262 mm,
507 1197 606 1268 mine,
619 1198 650 1252 rt
662 1187 791 1254 dubitur
809 1188 839 1252 ci
857 1187 926 1253 ulio
937 1188 1081 1270 peccanti
1094 1207 1158 1253 non
1177 1189 1220 1251 nd
1239 1197 1377 1250 mortem
1394 1185 1450 1250 Est
1463 1203 1523 1264 prc-

423 1301 529 1354 cotuuc
547 1291 591 1354 od
609 1302 758 1354 niortcm
779 1309 845 1354 non
860 1309 922 1372 pro
939 1292 999 1353 illo
1015 1293 1024 1368 t
1033 1303 1159 1371 porcino
1170 1291 1181 1366 i
1194 1287 1266 1352 dico
1285 1298 1322 1352 ut
1340 1298 1427 1368 rooet
1449 1287 1522 1368 puis.
1602 1293 1603 1326 t

426 1393 538 1458 Onnis
557 1391 715 1474 iniquiter
730 1405 894 1475 peccorum
914 1403 978 1468 rst;
1009 1402 1037 1457 et
1056 1402 1101 1457 ert
1118 1399 1281 1472 peccatum
1306 1409 1372 1454 non
1391 1391 1436 1452 nd
1454 1409 1524 1452 nor·

423 1504 491 1558 tem.
513 1491 666 1559 Nooinur
685 1494 764 1574 quio
783 1496 887 1559 omnir
907 1504 1001 1560 nutus
1023 1513 1063 1556 cc
1081 1493 1159 1568 Deo,
1172 1511 1237 1556 non
1254 1501 1382 1572 procot:
1405 1491 1459 1554 red
1476 1490 1524 1571 pui

423 1606 520 1658 nntur
538 1604 585 1658 ert
602 1609 644 1658 en
659 1594 720 1659 neo
738 1595 842 1660 rerunt
860 1595 1006 1675 scipsum,
1021 1604 1051 1657 rt
1070 1593 1230 1675 molipnus
1249 1611 1315 1654 non
1335 1591 1441 1672 tnnpit
1453 1611 1522 1655 cun.

425 1696 462 1760 lo
477 1697 525 1760 his
538 1696 664 1760 iuterim
679 1701 772 1771 scits,
787 1715 872 1778 quoe
886 1695 1043 1776 Vulgatus
1058 1695 1180 1760 Textus
1196 1695 1284 1775 legit:
1298 1694 1402 1758 omnis
1417 1693 1527 1774 iniqui·

423 1809 473 1863 tos
492 1809 652 1880 precntum
665 1807 730 1872 θοις
751 1809 780 1862 ei
797 1810 841 1862 ert
851 1808 1014 1880 precntum
1032 1799 1074 1861 nd
1094 1807 1235 1871 mortam,
1255 1797 1428 1860 lectionem
1447 1813 1527 1876 pmc-

424 1918 496 1966 com
515 1900 682 1982 praelerre
695 1902 875 1981 negativum
892 1919 954 1962 non
964 1921 975 1978 3
991 1899 1164 1964 nimirum:
1181 1897 1282 1962 omnir
1302 1896 1458 1979 irtiquitor
1470 1916 1528 1976 prc-
1602 1899 1603 1984 Ῐ

426 2013 532 2067 cuturn
556 2014 618 2067 ertu
640 2012 669 2064 et
693 2013 737 2064 m
756 2012 919 2083 precntum
941 2019 1005 2066 non
1025 2003 1068 2064 od
1091 2011 1229 2064 mortem.
1252 1999 1356 2064 Porro
1378 2003 1460 2063 hanc
1483 2019 1528 2080 gc·
1602 1987 1603 2008 ³

424 2107 554 2168 ouiuem
574 2123 609 2168 se
626 2104 738 2168 haberi
757 2105 929 2168 lectionem
952 2105 1140 2182 probatura
1162 2103 1345 2166 testimonio
1365 2101 1529 2166 Clementis

425 2207 648 2282 alexandrini,
670 2207 727 2286 qui
748 2208 779 2269 iu
800 2205 898 2268 Libro
924 2205 963 2268 ll.
986 2202 1181 2269 stromatum
1201 2204 1280 2266 haec
1301 2204 1416 2266 cadem
1440 2204 1528 2266 rerba

427 2311 520 2383 eitut,
533 2309 639 2370 additu
654 2307 814 2387 porticulo
830 2325 916 2370 non:
936 2327 953 2366 o
976 2305 1114 2370 Videtur
1127 2316 1238 2370 autem
1253 2302 1396 2368 loannes
1407 2323 1530 2384 quoque

427 2410 460 2472 ln
482 2407 601 2489 llajori
622 2407 789 2486 Epistola,
815 2410 847 2472 io
869 2411 916 2473 his
946 2417 1153 2489 peccaturum
1173 2407 1302 2490 ⁴docere
1330 2407 1528 2470 ditioreutiar.

428 2509 535 2589 Siquis
558 2510 674 2572 viderit
695 2508 828 2572 tratrem
849 2528 944 2574 suum
967 2519 1102 2573 etc....
1126 2506 1215 2578 ndum
1245 2504 1362 2577 ἀδικία
1391 2502 1532 2608 ἁμαρτία

424 2608 506 2681 ἐστὶ,
521 2600 579 2680 καὶ
593 2606 680 2678 ἔστιν
706 2605 856 2711 ἁμαρτία
870 2609 906 2681 du
920 2609 997 2712 πρὸς
1010 2608 1152 2685 θάνατον
1173 2615 1194 2674 i.
1212 2630 1241 2674 e.
1261 2610 1365 2674 omnis
1385 2610 1531 2692 iniquiter

426 2718 588 2790 peccorum
608 2717 672 2781 rrt;
692 2719 721 2770 ct
739 2721 785 2771 est
802 2719 963 2788 prccntun
984 2729 1049 2774 non
1069 2712 1113 2774 od
1132 2722 1273 2776 mortem.
1297 2731 1315 2772 u

508 2807 565 2873 llis
585 2810 767 2889 praemissis
787 2810 828 2872 do
848 2813 1029 2891 integritate
1062 2822 1193 2890 textus,
1220 2813 1317 2877 modo
1348 2815 1448 2894 ipsius
1468 2833 1532 2877 seu-

428 2900 502 2976 n'um
522 2914 666 2975 ioeomus
688 2915 924 2995 investigatum.
949 2915 1039 2978 Patct
1060 2933 1136 2978 aooe
1164 2917 1195 2978 iu
1225 2917 1356 2996 primis,
1379 2914 1528 2979 Joauuem
1602 2907 1603 2934 ³

430 3013 580 3077 absolute
599 3031 756 3090 asserere,
777 3033 847 3078 esse
870 3025 1051 3096 peccatum,
1072 3019 1153 3080 idest
1166 3018 1327 3098 cujusque
1342 3019 1465 3097 poneris
1481 3017 1531 3076 iui-

430 3115 609 3194 quitatem,
631 3117 684 3176 cui
706 3118 851 3180 remissio
871 3117 988 3197 detur3
1010 3128 1043 3181 ot
1063 3137 1131 3182 esse
1156 3136 1288 3198 quoque
1309 3127 1467 3198 precntum
1493 3117 1531 3178 od

431 3222 572 3290 mortem,
594 3232 654 3293 pro
674 3233 741 3294 quo
762 3227 895 3294 peccato
910 3237 972 3280 oou
988 3237 1057 3282 esse
1079 3220 1118 3281 ab
1140 3221 1209 3282 ullo
1226 3221 1404 3299 rogandum
1420 3219 1526 3282 Deum.

435 3314 476 3380 Et
490 3318 597 3397 quoad
617 3321 752 3395 primam
775 3327 897 3397 portem
920 3320 1002 3380 idem
1017 3320 1191 3398 Apostolus
1213 3321 1253 3381 ab
1274 3321 1365 3384 initio
1379 3341 1406 3383 o.
1425 3319 1463 3382 ll.
1479 3321 1528 3381 do·
1602 3385 1603 3402 χ

434 3416 757 3492 conditionum,
778 3419 854 3483 nuru
876 3421 975 3483 corilo
996 3419 1103 3492 codis,
1125 3430 1162 3483 ut
1189 3441 1253 3484 non
1270 3425 1409 3501 peccetis.
1434 3419 1489 3486 Sed
1506 3431 1530 3480 et

432 3517 537 3598 siquis
554 3519 752 3600 pernoverit,
773 3523 959 3586 aduocatum
980 3523 1122 3586 dolemus
1151 3525 1237 3602 opud
1260 3523 1411 3599 Putrem,
1433 3521 1528 3585 Jeran

437 3617 597 3684 Christum
611 3621 757 3703 justumr
776 3633 803 3685 et
823 3622 888 3704 ipsc
907 3633 952 3686 cst
969 3621 1152 3704 propitiatio
1171 3642 1230 3704 pro
1247 3623 1384 3702 percutis
1405 3623 1528 3686 nostris:

435 3739 501 3784 non
517 3740 579 3801 pro
599 3723 717 3787 nostris
735 3735 839 3788 nutem
864 3735 998 3800 tontum,
1026 3727 1079 3787 scri
1102 3724 1194 3787 etium
1210 3743 1273 3805 pro
1298 3725 1394 3788 cotim
1419 3723 1528 3789 nundi.
1602 3731 1603 3810 i

436 3822 552 3899 Quoad
573 3834 683 3889 autem
703 3825 843 3889 alterum
865 3836 1046 3905 peccatum,
1069 3826 1155 3906 quod
1176 3827 1218 3888 cd
1238 3837 1366 3889 mortem
1383 3835 1530 3908 precntum

440 3935 546 3999 cocat,
564 3945 624 4006 pro
637 3945 689 4001 eo,
704 3928 820 4006 iuquit,
835 3945 930 3990 nemo
946 3928 1091 4006 rogabit:
1107 3928 1204 4007 quale
1220 3929 1281 3990 hoc
1295 3931 1336 3992 sit
1351 3941 1527 4007 peccatum,

437 4035 469 4089 et
490 4045 552 4090 our
574 4029 616 4090 ito
635 4027 777 4102 dixerit,
800 4037 832 4090 et
852 4047 955 4108 quare
977 4045 1037 4108 pro
1058 4031 1126 4106 ipso
1147 4031 1326 4092 excluserit
1346 4031 1528 4096 orationem,

436 4145 495 4192 uec
511 4129 685 4210 Apostolus
705 4130 917 4209 significavit:
940 4149 999 4194 uec
1019 4129 1173 4209 Origenes
1195 4133 1364 4209 perspicue
1378 4129 1526 4208 exposuit.

438 4227 674 4295 Tantummodo
688 4233 878 4294 norissimus
894 4232 1010 4312 adjecit
1023 4251 1057 4293 se
1076 4233 1243 4294 audaciam
1260 4232 1370 4294 mirari
1386 4247 1527 4310 quorum·

438 4331 512 4393 dum
532 4333 750 4407 sacerdotum,
772 4335 830 4412 qui
852 4333 932 4396 illud
953 4333 1036 4395 solui
1058 4351 1150 4413 posse
1168 4341 1326 4414 putarunt
1340 4351 1396 4414 por
1411 4348 1523 4394 eomm-

439 4433 511 4497 dem
533 4437 694 4500 orationes
714 4437 810 4499 sicuti
831 4444 939 4498 cetera
962 4436 1088 4499 delicto.
