3375 5567
426 768 459 829 iu
479 783 520 829 eo
542 766 681 829 scrutur
707 765 795 848 quod
817 767 886 847 ipse
913 764 1088 849 profitetur
1110 762 1320 829 Adamantius
1340 763 1373 827 in
1393 762 1523 845 Prolnno

424 864 600 931 Librorum
623 864 668 929 De
684 864 860 947 Principiis
875 885 904 929 n.
921 865 960 929 V.
985 866 1039 931 nhi
1054 883 1114 946 pro
1134 871 1226 929 certo
1237 882 1280 929 ea
1301 864 1445 929 doctrina
1460 882 1528 945 apo·

424 969 540 1033 stolica
560 968 698 1048 aceepit,
719 977 753 1030 et
771 968 819 1030 sic
840 970 908 1047 ipse
924 968 1049 1032 statuit:
1074 966 1194 1047 equod
1209 966 1314 1029 anima
1326 966 1526 1029 substantiam

430 1071 595 1152 vitamque
615 1070 735 1133 habens
757 1070 925 1151 propriam
946 1087 1022 1133 cum
1044 1088 1086 1133 ex
1108 1069 1170 1132 hoc
1200 1066 1321 1130 muodo
1342 1066 1529 1141 discesserit,

427 1189 488 1253 pro
507 1172 575 1235 suis
595 1171 719 1235 meritis
739 1170 992 1251 dispensabitur,
1011 1170 1080 1233 site
1102 1171 1188 1233 sitae
1208 1175 1361 1233 aeternae
1381 1186 1420 1232 ac
1440 1168 1533 1233 beati·

428 1274 548 1337 tudinis
577 1273 777 1338 haereditata
796 1273 952 1353 potitura,
978 1274 1005 1337 si
1031 1271 1092 1333 boc
1113 1270 1142 1333 el
1166 1286 1228 1334 sua
1256 1278 1346 1349 gesta
1377 1269 1534 1349 praestita·

429 1376 516 1439 rint:
537 1376 608 1438 sive
628 1375 693 1456 igni
713 1384 847 1438 aeterno
869 1392 908 1437 nc
931 1372 1100 1453 suppliciis
1125 1372 1357 1452 mancipanda,
1378 1370 1405 1435 si
1427 1372 1457 1432 in
1479 1370 1535 1433 hoc

430 1494 503 1541 eam
533 1477 696 1541 scelernm
725 1478 821 1553 culpa
844 1475 1028 1539 detorserit.
1058 1472 1140 1539 ιΕι
1167 1474 1320 1537 similiter
1342 1472 1379 1536 in
1404 1471 1536 1551 Eneape-

431 1575 512 1639 iinrn
536 1573 669 1639 ioannis
689 1587 802 1640 contra
834 1574 1070 1641 Heracleonem
1094 1576 1230 1638 tirmiter
1252 1582 1361 1650 tenet,
1389 1575 1537 1637 doemone

431 1680 536 1759 lapso,
553 1678 653 1758 ipsius
666 1683 835 1758 peccatum
852 1676 975 1741 iactum
986 1696 1055 1741 esse
1067 1685 1228 1741 naturam.
1246 1674 1456 1757 Quapropter
1469 1692 1538 1739 cnm

431 1796 490 1845 nos
507 1780 575 1861 ja·
595 1780 728 1860 speciali
749 1779 951 1859 quaestione,
972 1775 1169 1841 aeternitatis
1196 1777 1405 1852 vocabulum,
1421 1776 1497 1860 qnid
1510 1778 1538 1839 io

431 1900 472 1943 eo
495 1882 572 1945 velit
598 1879 776 1962 Origenes,
799 1882 842 1944 ita
872 1881 1106 1962 expendimus,
1129 1886 1166 1942 ul
1187 1878 1266 1942 nihil
1298 1877 1388 1944 dubii
1407 1878 1542 1959 amplius

434 1992 585 2059 maneat,
604 1985 685 2063 quin
705 1983 746 2045 ad
767 1982 1004 2045 interminabile
1024 1999 1144 2045 aerum
1170 1980 1408 2045 extendendum
1431 1982 1491 2053 sit,
1511 1984 1541 2043 ιι

435 2087 577 2150 maxime
596 2104 671 2149 cum
694 2094 851 2164 speretur
870 2083 910 2163 de
933 2084 997 2146 vita
1019 2082 1132 2147 lutura
1155 2092 1375 2165 postmortem
1396 2089 1543 2145 etrcsnr·

436 2189 625 2263 rectionem,
638 2187 708 2267 pari
731 2186 957 2267 perpetuitatis
977 2202 1086 2257 sensu,
1099 2187 1248 2265 utrisque
1261 2186 1331 2249 sive
1343 2184 1466 2265 probis,
1480 2186 1543 2248 aire

434 2288 529 2353 malis
549 2287 756 2350 destinanda:
778 2305 818 2349 sc
838 2286 972 2366 insuper
991 2304 1067 2350 cum
1089 2303 1150 2367 pro
1176 2284 1363 2367 hujusmodl
1392 2284 1545 2367 significa·

435 2391 523 2454 tione
537 2387 578 2450 ab
592 2385 758 2451 Ecclesiae
772 2385 958 2452 Catholicae
974 2388 1159 2452 testimonio
1175 2390 1323 2469 prohsts,
1345 2398 1462 2453 contra
1477 2388 1548 2451 hae·

433 2493 554 2554 reticos
568 2488 666 2555 aliter
685 2490 858 2553 sentientes
879 2489 1073 2569 dimicasset;
1094 2490 1172 2554 satis
1197 2490 1339 2555 arduum
1360 2492 1442 2555 mihi
1466 2490 1547 2555 vide·

436 2596 512 2664 tur,
527 2607 568 2652 ne
586 2589 691 2652 dicam
706 2588 916 2669 impossihile,
934 2596 971 2652 nt
985 2586 1197 2655 Adamantius
1216 2594 1248 2656 in
1263 2592 1369 2656 citetis
1384 2590 1493 2656 Libris
1509 2588 1548 2654 oc

435 2686 614 2777 Principiis
635 2690 837 2772 potissimum
860 2689 904 2767 (iu
925 2690 1044 2769 quibus
1070 2689 1149 2755 haec
1170 2692 1283 2757 eadem
1312 2710 1355 2756 cx
1375 2690 1550 2772 Apostolo-

434 2810 509 2857 rum
531 2791 729 2855 auctoritate
755 2789 922 2867 delinivit)
948 2792 1045 2855 aliter
1065 2792 1197 2857 doceret
1224 2801 1257 2856 el
1276 2801 1388 2859 contra
1411 2795 1552 2874 seipsum

436 2901 600 2975 pergeret,
622 2893 718 2957 sicuti
748 2892 925 2957 adversum
945 2889 1064 2957 Christi
1085 2894 1279 2967 doctrinam,
1306 2895 1388 2959 illud
1423 2912 1551 2975 negans,

435 2995 524 3077 quod
545 2993 623 3057 alibi
637 2994 679 3058 ab
694 2993 784 3057 initio
797 2994 970 3069 sermonis,
987 2995 1090 3059 veluti
1104 3014 1184 3061 suae
1196 2996 1271 3059 lidei
1287 2997 1551 3072 laudamentum,

436 3098 557 3178 posuit.
579 3093 623 3160 Et
645 3096 731 3159 istud
751 3112 829 3160 sane
843 3093 1008 3177 praelatos
1028 3097 1131 3162 libros
1144 3098 1259 3163 sedule
1279 3100 1505 3178 percurrenti,
1519 3096 1555 3159 li·

440 3198 542 3278 quido
563 3198 696 3279 patebit.

515 3296 702 3365 διιιιιιιιιιιι
715 3318 756 3363 ea
778 3298 893 3363 eodem
910 3297 1079 3380 Pamphilo
1101 3300 1244 3379 eruitur,
1262 3305 1319 3384 qni
1335 3321 1395 3384 pro
1411 3301 1557 3383 Origene

437 3400 632 3478 elaborarit,
655 3408 688 3464 et
709 3419 769 3481 pro
789 3401 935 3482 ejusdem
957 3418 1032 3463 cum
1055 3400 1199 3467 Ecclesia
1227 3401 1394 3467 Catholica
1422 3420 1561 3467 concor·

434 3502 501 3579 dia,
524 3519 563 3567 ca
584 3520 742 3565 rerocsns
762 3502 921 3578 dicteria,
947 3502 1066 3583 quibus
1087 3503 1129 3567 ab
1150 3504 1427 3569 obtrectatoribus
1459 3507 1560 3585 impe

435 3605 577 3668 tebatnr.
603 3602 779 3682 Postquam
799 3605 885 3667 enim
905 3624 931 3667 s.
954 3602 1084 3687 Martyr
1104 3606 1284 3685 praemisit,
1308 3606 1560 3680 Adamantinm,

435 3722 495 3767 uec
514 3702 679 3769 definitiva
699 3704 854 3767 sententia
878 3706 1107 3785 pronunciasse
1128 3705 1168 3769 de
1194 3705 1303 3769 multis
1326 3709 1425 3787 (qnae
1447 3721 1563 3769 senna

435 3805 590 3885 dogmate
602 3804 643 3867 de
651 3807 842 3869 aeternitate
852 3823 1031 3885 poenarum
1045 3806 1191 3885 aberant)
1203 3806 1298 3871 sicuti
1313 3808 1344 3870 in
1358 3807 1434 3871 aliis
1450 3808 1564 3870 dicens

434 3905 598 3971 immerito
620 3908 698 3969 tanti
722 3906 782 3971 riri
804 3905 909 3971 lamae
930 3908 1102 3989 derogasse
1122 3908 1349 3973 adversarios:
1369 3908 1416 3975 ad.
1435 3908 1565 3990 specia-

432 4010 499 4073 lem
515 4008 630 4073 transit
648 4024 764 4073 eorum
778 4008 1034 4088 inquisitionem,
1055 4010 1219 4092 inquibus
1238 4028 1366 4075 errasse
1379 4009 1566 4074 dicebatur

433 4108 600 4191 Origenes.
623 4110 733 4192 Atque
753 4112 785 4175 in
800 4112 849 4175 his
872 4110 985 4177 Libros
1013 4110 1058 4176 De
1081 4110 1259 4195 Principiis
1281 4114 1483 4195 praeponit,
1507 4112 1566 4179 nhl

434 4212 507 4295 ejus
526 4213 771 4291 criminatores,
792 4214 839 4277 ait
861 4210 1069 4295 Pamphilus,
1093 4216 1233 4281 maxims
1255 4216 1350 4281 illum
1382 4214 1563 4281 incusandi

435 4320 644 4396 praetextum
673 4322 887 4395 repererunt,
911 4319 947 4380 ιιι
973 4316 1019 4378 ιιι
1039 4315 1213 4380 ordinatim
1233 4316 1273 4381 ad
1296 4323 1428 4387 eeteros
1460 4317 1571 4381 libros

437 4416 600 4481 tramirst.
622 4415 658 4480 ln
681 4416 731 4481 his
753 4416 865 4497 itaque
884 4415 976 4479 libris
998 4418 1163 4498 percurrit
1185 4438 1211 4483 s.
1231 4416 1383 4501 blartyr,
1404 4436 1504 4499 quse
1526 4436 1573 4482 ex

437 4515 610 4584 traditione
629 4517 848 4584 emlesiastica
874 4518 986 4585 docuit
1007 4516 1242 4600 Adamantius,
1258 4520 1298 4587 de
1319 4518 1504 4599 Trinitate,
1529 4519 1574 4584 de
