3375 5567
171 756 363 837 qisoqqerit,
395 760 496 836 prout
516 755 681 835 potuimus
700 754 892 833 oootutsto,
918 756 1054 823 dicimos
1074 760 1253 823 secuudum

171 863 315 923 serihtern
328 859 458 938 quidem
474 855 578 921 ileum
593 858 948 937 incomprehensibilem
963 879 1045 935 esse,
1054 870 1153 943 atque
1167 864 1254 925 inae·

167 961 346 1024 stinsbilen.
369 959 482 1041 Siquid
503 961 587 1023 enim
609 958 690 1022 illud
712 966 772 1033 est,
795 960 882 1041 quod
904 963 1038 1037 sentire,
1063 965 1111 1027 vol
1135 965 1255 1030 intelli·

167 1081 227 1142 gere
244 1063 281 1125 de
301 1058 369 1125 lieo
391 1061 606 1141 potuerimus,
623 1060 734 1123 multis
754 1060 849 1142 longe
866 1064 966 1127 modis
989 1084 1064 1129 enm
1084 1066 1253 1130 meliorem

166 1182 221 1227 esse
237 1164 276 1226 ab
287 1184 339 1238 eo,
360 1163 449 1243 qood
464 1163 634 1238 sensimus,
656 1180 785 1227 necesse
798 1172 847 1227 est
866 1164 966 1229 credi.
985 1186 1000 1223 ι
1018 1165 1192 1243 Quomodo
1207 1188 1258 1233 er·

166 1284 197 1344 qo
214 1265 280 1345 qois
309 1264 472 1345 conjicere
492 1265 634 1346 poterit,
669 1262 842 1345 Oriqeuem
871 1270 1040 1332 essentiam
1062 1286 1220 1351 corporea

167 1364 478 1431 bomomxtoet·
1202 1395 1206 1404 Δ

95 1551 97 1558 ⁴
227 1468 344 1533 lieiode
364 1471 530 1550 proposita
545 1468 622 1532 solis
644 1468 811 1534 radiorum
831 1470 1057 1548 similitudine,
1072 1492 1136 1554 qno
1159 1474 1255 1540 homo

96 1614 97 1657 ,
164 1591 197 1635 ιι
213 1574 368 1637 enesionis
387 1571 562 1635 deducitur
583 1570 622 1631 sd
644 1571 812 1637 invisibilis
833 1570 892 1637 Dei
914 1575 1141 1655 cognitionem,
1165 1596 1257 1641 eum·

165 1694 216 1753 qne
233 1674 502 1754 comtempletur,
523 1688 555 1735 u.
576 1670 608 1737 6.
629 1673 758 1738 subdit:
782 1694 799 1733 e
821 1672 905 1750 Quis
928 1694 1006 1757 erqo
1039 1696 1127 1743 meos
1147 1690 1256 1745 nostra

164 1780 250 1859 ipsum
271 1776 488 1856 perseipsum
513 1770 633 1849 ὓιιιιιι,
652 1775 737 1837 sicut
758 1782 827 1851 est,
850 1794 913 1840 non
935 1786 1040 1858 potest
1060 1781 1193 1846 intueri:
1216 1802 1258 1845 ex

165 1879 391 1959 pulchritudine
410 1894 547 1958 opernm
562 1884 596 1939 et
616 1876 735 1939 decore
749 1887 980 1943 creaturarum
1000 1890 1165 1961 parentem
1188 1887 1256 1948 uui·

165 1984 305 2045 versitatis
320 1980 478 2060 intelligit.
494 1978 568 2045 Non
588 1996 667 2059 ergo
680 1988 739 2043 sut
759 1997 881 2061 corpus
901 1982 1048 2063 aliquod,
1064 1992 1122 2048 snt
1137 1986 1168 2047 in
1183 2004 1256 2050 cor·

165 2102 230 2163 pore
248 2103 319 2147 esse
337 2082 501 2165 putandos
520 2088 569 2143 est
590 2079 696 2154 Deos,
718 2082 773 2145 sed
795 2081 1025 2147 intellectualis
1047 2088 1258 2150 natura'sim-

165 2188 240 2265 ples,
259 2184 340 2248 nihil
360 2183 491 2247 omnino
511 2184 543 2243 io
563 2200 598 2245 se
618 2182 833 2263 adiunctionis
847 2185 1040 2249 admittens:
1065 2188 1111 2250 uti
1134 2206 1173 2251 ue
1194 2206 1260 2253 ma·
1389 2250 1392 2257 ,

163 2288 206 2367 jus
219 2286 340 2370 aliquid
361 2295 394 2349 et
414 2284 550 2348 inlerios
570 2283 602 2345 in
622 2302 657 2347 se
678 2284 799 2348 habere
820 2285 997 2363 credatur,
1024 2287 1079 2351 sed
1103 2297 1139 2353 ut
1158 2293 1199 2354 sit
1218 2310 1261 2355 ex

165 2392 235 2454 omni
254 2397 349 2473 parte
363 2382 478 2480 μονὰς,
501 2393 535 2449 ιι
559 2393 597 2450 ιιι
617 2386 659 2449 its
681 2386 784 2451 ‹ttesm
806 2381 886 2469 ένοις,
910 2397 943 2451 ιι
959 2408 1047 2453 meos
1061 2408 1099 2455 ue
1117 2392 1199 2468 tons,
1219 2412 1260 2457 ex

165 2510 218 2570 quo
228 2493 353 2555 initium
369 2490 467 2553 totius
482 2487 709 2551 intellectualis
722 2495 859 2553 naturae
879 2492 948 2554 site
963 2495 1076 2555 mentis
1096 2503 1155 2561 est.
1169 2492 1262 2559 biens

167 2613 241 2672 sero,
261 2603 300 2657 ιιι
322 2599 495 2655 ιιιοιιιιιιι·
518 2589 569 2651 ιιι
588 2596 758 2667 operetur,
775 2608 838 2653 non
854 2591 974 2672 indiget
994 2592 1068 2657 loce
1090 2614 1262 2676 corporeo,

166 2713 253 2776 neque
272 2694 416 2759 sensibili
436 2690 667 2772 magnitudine,
683 2691 736 2754 vel
757 2693 922 2771 corporoli
944 2693 1074 2771 habitu,
1097 2707 1156 2759 out
1176 2698 1265 2761 colo·

167 2814 204 2872 re,
222 2816 327 2879 neque
355 2796 422 2858 elio
443 2794 514 2856 ullo
535 2810 669 2872 prorsus
700 2792 820 2873 indiget
841 2793 982 2872 horum,
1006 2814 1090 2875 quse
1114 2801 1264 2879 eorporis

168 2898 207 2959 sel
222 2900 377 2962 materiae
391 2898 523 2977 propris
538 2903 623 2958 snut.
640 2892 780 2974 Propter
793 2896 881 2973 qnod
902 2901 1016 2958 natura
1036 2897 1090 2958 illa
1112 2899 1264 2981 simplex,

166 3007 191 3060 et
208 3007 272 3062 tota
292 3016 381 3061 mens
402 3006 441 3060 nt
461 3007 651 3066 moveatur,
674 2994 725 3058 vel
747 3006 905 3075 operetur
925 2996 1061 3077 aliquid,
1084 3000 1163 3065 nihil
1185 3001 1265 3063 dila·

167 3101 259 3177 tionis,
272 3108 331 3164 aut
351 3099 565 3163 cunctationis
579 3097 699 3160 habere
720 3105 825 3177 petest
832 3118 844 3178 3
867 3116 906 3161 ιιι
920 3117 980 3181 per
1001 3099 1188 3181 huiusmodi
1209 3103 1266 3165 ad·

165 3201 348 3279 iunctiouem
369 3201 613 3277 circumscribi,
649 3200 700 3262 vel
722 3200 858 3263 inhiberi
885 3200 1093 3280 aliquatenus
1116 3204 1266 3267 videatur

167 3304 279 3369 disinse
300 3312 437 3369 naturae
456 3303 668 3384 simplieitss3
693 3303 739 3365 uti
761 3321 813 3378 ne,
836 3303 924 3383 quod
947 3311 996 3367 est
1018 3306 1210 3385 principium
1233 3325 1265 3371 o·

95 3467 96 3470 ,
168 3407 295 3483 unium,
317 3406 532 3486 compositum
553 3404 738 3467 inveniatur
758 3413 792 3467 et
812 3403 999 3479 diversum,
1024 3413 1056 3468 et
1077 3408 1116 3469 sit
1138 3408 1265 3483 multa,

169 3525 220 3571 noo
241 3528 361 3585 onom,
383 3508 471 3589 quod
491 3514 622 3588 oportet
643 3506 743 3571 tetius
763 3523 943 3587 corporeae
964 3508 1169 3573 admixtionis
1190 3511 1269 3573 alie·

171 3626 235 3673 nom
257 3628 317 3673 ona
337 3610 422 3685 sola,
444 3616 483 3673 nt
501 3610 545 3671 ita
568 3608 721 3682 dixerim,
745 3606 880 3670 lleitotis
902 3609 1007 3687 speeie
1029 3620 1187 3673 constare.
1210 3631 1227 3669 s

237 3710 329 3789 Quod
351 3714 461 3775 antem
482 3711 513 3774 iu
534 3711 595 3773 hac
615 3709 743 3774 diuinae
773 3717 910 3774 naturae
932 3713 1118 3789 quaestione
1145 3716 1270 3777 notarit

169 3810 308 3894 Origenes
329 3814 456 3876 dicens:
488 3812 572 3891 quod
591 3810 700 3892 otique
718 3812 756 3874 io
771 3804 1009 3893 praedieatione
1036 3824 1147 3877 nostro
1169 3815 1270 3879 mossi-

170 3914 232 3987 teste
248 3934 310 3977 ooo
331 3912 518 3993 desiquotur
539 3913 645 3992 (quse
668 3912 764 3976 rerba
788 3912 857 3976 lere
878 3913 991 3977 eadem
1013 3915 1207 3994 prolocuto
1230 3918 1270 3980 de
1362 3942 1371 3951 ·

170 4018 274 4090 anima,
296 4017 337 4081 de
357 4015 491 4094 angelis,
516 4014 609 4077 etde
630 4014 752 4076 mondo
772 4014 916 4086 loeutus,
932 4015 1047 4077 lectori
1068 4016 1270 4081 commenda·

175 4116 279 4192 sitlid
300 4119 433 4197 abipso
455 4115 677 4179 tantummodo
700 4116 927 4181 consideratur
949 4118 1051 4180 relate
1074 4118 1113 4178 ad
1135 4136 1172 4179 ea
1195 4118 1271 4198 doq-

174 4227 352 4298 nsta‚qnae
376 4218 409 4279 in
423 4214 568 4279 Ecclesia
584 4216 652 4279 olls
677 4215 800 4295 absque
824 4210 1079 4280 contradictione
1100 4216 1272 4279 eredehsn·

174 4323 219 4377 tur
233 4322 365 4382 seorsim
386 4336 405 4379 a
426 4316 567 4392 ceteris,
583 4334 672 4396 quae
692 4333 758 4379 non
776 4317 874 4379 simul
894 4326 1035 4398 sumpta,
1059 4316 1113 4380 sed
1137 4318 1268 4397 partito,

106 4435 107 4456 ³
176 4425 202 4478 et
215 4421 334 4501 singula
350 4423 383 4483 iu
403 4420 538 4499 singuiis
558 4417 704 4500 partibus
719 4436 872 4500 expensa,
895 4421 1033 4483 obscura
1058 4417 1160 4482 videri
1182 4429 1271 4500 pote·

176 4528 233 4585 rant
249 4522 464 4603 quibusdam,
496 4520 694 4601 proindeque
717 4522 883 4587 tarimode
912 4522 1026 4602 accipi.
1050 4519 1143 4597 Quae
1166 4530 1270 4587 tameo
