3375 5567
1167 652 1228 723 lto

545 754 686 835 CAPUT
712 755 785 821 xil.

142 961 289 1045 Quintus
299 981 340 1027 eu
355 961 554 1028 Periurulsun
573 969 699 1034 mittum
711 981 738 1025 s.
753 958 941 1042 Hieronymi
946 1024 948 1031 ,
960 969 989 1023 st
1002 958 1124 1043 tumst
1143 960 1224 1025 olto·

166 1066 295 1130 statim
309 1063 397 1128 cuca
420 1061 503 1125 Verbi
521 1072 551 1125 et
567 1059 710 1142 Spiritus
729 1059 843 1127 Sancti
862 1061 1071 1137 divinitatem,
1091 1073 1120 1127 et
1137 1061 1225 1127 circu

168 1164 250 1230 unius
266 1162 496 1247 persecutionum
516 1185 537 1228 n
556 1164 654 1229 Patre
673 1173 703 1229 et
721 1162 857 1240 ulterius
872 1163 1099 1245 processionem
1119 1162 1225 1229 mPc·

168 1276 207 1329 tre
223 1277 249 1332 et
267 1264 364 1331 Filio.

138 1507 249 1631 Postea
275 1575 402 1633 cotorns
429 1566 615 1649 inquisituri
635 1568 867 1631 descendamus
892 1567 1072 1631 locutiones
1094 1567 1228 1636 directi·¹

139 1669 212 1734 nude
228 1688 247 1733 a
268 1668 400 1735 llullino
413 1679 448 1735 et
465 1689 485 1733 a
501 1668 700 1755 Hieronymo
721 1669 910 1748 translatam
926 1677 958 1733 ct
980 1670 1065 1733 unde
1079 1667 1229 1751 Oriqcnis

139 1766 199 1832 ides
216 1771 253 1833 de
276 1772 341 1835 hoc
366 1772 521 1854 mysterio
546 1771 760 1851 periclitatur.
783 1769 886 1852 Cujus
911 1772 1118 1853 secernunt,
1144 1788 1230 1851 quaa

140 1872 256 1937 traditur
276 1874 309 1935 in
323 1871 467 1953 Proloqo
488 1869 664 1943 Librorum
686 1869 730 1934 De
753 1868 943 1951 Principiis,
967 1874 1021 1935 ubi
1042 1872 1228 1937 summatim

138 1973 272 2054 descmpls
292 1982 372 2037 suut
384 1973 428 2035 al)
447 1973 606 2048 Auctore,
622 1990 708 2053 qnae
720 1973 835 2036 deinde
849 1974 980 2052 speciali
1002 1972 1110 2035 studio
1123 1972 1230 2037 dnon-

137 2077 249 2137 liuntur.
261 2074 292 2139 ls
307 2076 438 2138 enimn.
452 2072 483 2141 4.
501 2084 673 2155 postquam
685 2074 726 2137 de
741 2072 965 2139 christetem
980 2074 1139 2139 credenda
1154 2090 1230 2153 pto·

136 2176 222 2251 posuit
239 2194 283 2239 ex
304 2176 485 2257 Apostolis,
497 2175 609 2238 subdit
626 2176 666 2239 de
679 2174 798 2239 Rudini
822 2174 986 2237 versione:
1004 2184 1069 2237 tum
1090 2171 1233 2253 deinceps

135 2274 227 2338 loom
243 2296 282 2341 oc
301 2275 460 2357 niquitate
482 2275 577 2339 Patri
598 2294 637 2341 uc
657 2275 744 2339 Filio
766 2274 918 2341 sumntum
942 2275 1142 2341 tradiderunt
1161 2272 1233 2357 spt-

135 2375 213 2443 n'tum
237 2376 402 2443 Sanctum.
424 2378 476 2441 Ex
498 2380 558 2443 hac
578 2379 745 2443 locutione
762 2378 860 2460 juxta
886 2376 1004 2442 Rudini
1028 2380 1230 2453 versionem,

137 2480 221 2555 primo
233 2481 409 2560 intelligito
428 2482 622 2561 simplicem,
636 2483 795 2545 sinceram
813 2488 847 2543 et
868 2480 1086 2547 orthodoxam
1100 2480 1174 2544 fidei
1188 2477 1233 2543 0·

134 2577 229 2657 menis
249 2581 488 2663 professionem
509 2582 549 2646 de
569 2583 693 2662 Spiritu
713 2580 844 2658 Sancto,
867 2581 952 2643 haud
974 2600 1068 2645 secus
1090 2582 1131 2644 ab
1147 2589 1236 2645 anto·

135 2681 237 2745 cedenti
257 2684 300 2747 de
314 2682 414 2747 Patre
435 2692 468 2747 et
484 2682 580 2761 Filio,
600 2684 875 2767 quemadmodum
896 2687 1065 2763 perspicuo
1086 2686 1173 2748 cruit
1193 2684 1236 2746 ub

134 2785 292 2859 immites
306 2786 468 2849 doctriua.
483 2785 599 2850 Postea
623 2806 702 2851 vero
715 2786 837 2849 subdit:
853 2806 869 2845 «
883 2783 917 2847 lu
933 2786 994 2847 hoc
1008 2801 1071 2848 non
1082 2785 1149 2866 jam
1170 2803 1236 2847 rna·

135 2883 226 2949 nllesto
245 2886 458 2961 discernitur,
483 2894 595 2950 utrum
610 2897 705 2951 natus
725 2906 767 2951 nn
781 2887 923 2958 innatus,
948 2886 998 2949 vel
1014 2884 1117 2950 Filius
1138 2886 1237 2949 etium

136 2979 178 3044 llei
197 2987 263 3066 ipso
284 2988 456 3051 habendus
474 2988 537 3063 sit,
560 3008 619 3051 nec
643 3006 692 3054 nc.
715 2988 776 3053 Sed
799 2988 988 3066 inquirende
1007 2988 1074 3068 jam
1097 2990 1155 3051 iatn
1177 3004 1238 3067 pro

138 3083 241 3149 viribus
261 3098 342 3153 sunt
363 3087 404 3149 dc
422 3104 517 3152 sacra
531 3087 715 3168 Scriptura,
730 3098 764 3153 et
776 3092 884 3167 sagaci
903 3088 1134 3169 perquisitione
1148 3089 1238 3149 inro-

137 3185 274 3265 stiganda.
296 3209 316 3246 n

196 3287 246 3352 Ex
266 3308 336 3370 qua
366 3290 532 3363 locutione
555 3290 696 3368 primum
726 3308 905 3353 nonnemo
931 3290 1038 3369 cupit,
1061 3288 1235 3367 origenem

132 3385 162 3447 de
179 3388 235 3453 luc
250 3410 288 3453 re
310 3391 534 3469 quaestionem
550 3391 773 3455 tautummodo
794 3391 962 3469 indicnsne3
980 3392 1010 3451 in
1032 3407 1097 3469 qua
1117 3404 1237 3469 expcn-

134 3485 230 3565 denda‚
254 3491 376 3572 majori
396 3490 505 3553 studio
527 3509 625 3570 quam
648 3492 682 3553 in
703 3490 970 3571 praecedentibus
989 3491 1051 3553 sibi
1073 3508 1156 3569 opus
1170 3507 1240 3553 essu

133 3588 262 3665 sciens,e
282 3590 387 3653 sacris
407 3590 586 3672 Scripturis
606 3598 640 3653 et
660 3593 795 3671 proprio
809 3592 883 3655 loco
906 3609 967 3670 pro
985 3591 1107 3655 viribus
1124 3592 1193 3655 suis
1209 3590 1239 3653 id

133 3697 286 3763 gesturum
301 3693 460 3771 spondet;
475 3693 571 3755 sicuti
588 3711 703 3755 resero
725 3696 790 3772 egit
804 3694 835 3755 iu
855 3712 882 3755 c.
901 3690 959 3755 lll.
974 3693 1005 3759 2.
1021 3692 1166 3773 ejusdem
1191 3690 1241 3753 Li·

133 3787 207 3853 bril.
226 3794 393 3871 inquiens,
414 3793 570 3873 Spiritum
591 3790 745 3857 Sanctum
766 3812 849 3865 esse,
872 3794 966 3873 plura
987 3802 1132 3855 statuero
1156 3792 1241 3855 testi·
1291 3800 1293 3805 '

136 3893 235 3955 nonio.
258 3892 313 3957 Ex
338 3894 456 3973 quibus
486 3894 628 3973 delegit,
654 3896 742 3975 quod
763 3895 884 3975 legitur
909 3896 940 3955 in
963 3892 1051 3959 Actis
1071 3893 1244 3975 Apostolo-

133 4007 278 4074 rnm‚·per
293 4013 440 4074 quorum
458 4012 612 4058 munuum
627 3994 1017 4076 impositionemsptrirus
1036 3993 1174 4059 Sanctus
1188 3994 1244 4055 do·

134 4086 217 4155 latur
236 4095 269 4178 in
293 4096 454 4174 baptismo
477 4095 590 4159 tadeo
607 4104 643 4158 nt
664 4114 728 4159 nou
742 4096 849 4171 aliter,
873 4096 931 4159 nisi
954 4094 1243 4179 excellentissiman

135 4195 264 4259 onuium
285 4194 456 4257 Trinitatis
477 4197 684 4273 auctoritate,
708 4197 789 4259 idest
811 4195 916 4259 Patris
938 4204 970 4257 ot
993 4193 1066 4259 Filii
1090 4204 1122 4257 ot
1143 4193 1243 4275 Spiri-

137 4294 176 4353 tns
193 4294 302 4359 Sancti
327 4294 604 4375 cognominatione
625 4297 831 4376 compleatur
839 4317 851 4376 3
874 4306 906 4359 et
927 4296 1068 4374 ingenito
1091 4294 1160 4357 llno
1186 4292 1247 4355 l'n·

137 4392 187 4465 tri,
208 4404 240 4459 et
274 4397 444 4477 unigenito
466 4394 537 4477 ejus
571 4394 653 4460 Filio
675 4415 791 4460 nomen
812 4415 946 4477 qnoque
979 4394 1118 4475 Spiritus
1137 4392 1247 4459 Sancti

137 4494 313 4572 copuletur.
327 4516 344 4554 n
359 4494 402 4559 ldt
421 4497 543 4564 exactis
566 4496 717 4576 pluribus
738 4516 779 4561 ex
792 4500 922 4563 ueteris
939 4515 983 4565 cc
1003 4497 1079 4563 nori
1096 4493 1249 4561 Focdorit
