3375 5567
162 742 285 809 rldarlnt
296 744 436 810 animam
450 741 574 826 allqnld
587 749 719 826 praeter
732 747 882 806 naturam
897 748 1073 824 parentem,
1087 743 1255 825 requirant

158 855 254 928 aptam
274 855 306 912 el
325 846 567 912 convenientem
598 844 659 912 albi
680 843 904 909 rationabilem
925 843 1147 926 disciplinam,
1171 861 1258 924 quae

158 969 194 1014 er
213 949 386 1031 praeceptis
406 947 465 1012 liei
485 947 532 1012 eis
549 948 650 1028 possit
670 945 802 1011 mederi.
824 942 908 1010 Nam
924 945 1054 1009 tradidit
1074 952 1106 1010 et
1127 947 1264 1013 medici·

156 1069 208 1115 nse
225 1050 302 1115 artis
314 1051 520 1122 industriam,
541 1049 637 1129 cujus
658 1045 836 1112 urclictror
849 1056 898 1112 est
917 1046 1069 1110 Salvator
1087 1047 1195 1113 dicens
1216 1048 1257 1112 de

154 1171 195 1227 ta,
214 1154 288 1235 qnia
307 1171 373 1215 soar
386 1169 465 1232 opus
485 1150 606 1226 hiant,
622 1148 680 1232 qui
699 1148 774 1214 auat'
792 1159 869 1212 seat
882 1147 1012 1224 medico,
1026 1150 1080 1213 aad
1100 1149 1157 1231 qui
1175 1151 1259 1215 mols

154 1254 264 1317 ludent.
287 1253 330 1318 Et
348 1254 407 1318 ille
426 1253 556 1334 quidem
577 1261 649 1316 erat
668 1250 860 1326 urclintror,
883 1253 939 1332 qni
956 1259 1063 1332 possel
1083 1270 1202 1318 curare
1223 1273 1260 1317 o·

156 1374 253 1421 mnem
266 1357 458 1437 languorem
476 1364 510 1418 et
528 1371 658 1419 omnem
670 1351 900 1417 infirmitatem.
916 1351 1072 1434 Discipuli
1089 1371 1167 1419 vero
1187 1355 1260 1437 elus

156 1455 264 1522 Petrus
283 1466 317 1522 et
334 1456 468 1531 Paulus,
483 1455 539 1519 sed
560 1464 593 1518 et
608 1455 786 1535 prophetae
806 1453 921 1518 medici
935 1463 1024 1518 sunt:
1041 1463 1074 1517 et
1087 1454 1120 1520 lsi
1135 1473 1258 1533 omnes,

154 1561 205 1639 qni
226 1565 299 1642 post
317 1559 481 1640 apostolos
501 1559 534 1619 ln
549 1556 692 1621 Ecclesia
712 1556 806 1636 positi
825 1565 918 1634 snut;
938 1555 1123 1636 quibusque
1143 1575 1261 1623 curan-

152 1661 262 1725 dorum
279 1661 414 1724 vulnera
436 1659 602 1740 disciplina
623 1659 791 1722 commissa
812 1666 873 1731 est,
889 1677 972 1739 quos
993 1659 1096 1723 voluit
1116 1658 1203 1724 llens
1226 1662 1258 1724 in

152 1762 290 1828 Ecclesia
303 1781 362 1828 sna
377 1781 446 1828 esse
469 1760 611 1826 medicos
624 1761 819 1858 animarum,
836 1760 913 1840 quia
930 1778 993 1824 non
1009 1761 1080 1825 tull
1095 1760 1182 1826 Deus
1204 1781 1260 1826 no·

150 1873 212 1928 ster
231 1875 370 1930 mortem
391 1862 592 1945 peccatoris3
614 1862 669 1926 sed
686 1862 913 1942 poenitentiam
934 1861 1167 1926 cierationem
1188 1861 1260 1946 eius

152 1977 297 2049 capomat
316 1973 378 2032 ete.
400 1986 418 2024 s
962 2015 967 2024 .

225 2067 349 2134 lleinds
362 2087 405 2132 er
418 2066 532 2130 eodem
551 2064 679 2130 Psalmo
693 2065 788 2146 plura
811 2067 957 2147 exponit,
972 2082 1057 2148 quse
1077 2066 1117 2130 ad
1135 2067 1260 2132 reniam

151 2176 181 2234 el
199 2187 312 2234 reram
332 2168 587 2234 emendationem
613 2166 794 2248 perducant
824 2167 968 2232 lromlnea
989 2169 1116 2247 noxios,
1138 2187 1260 2252 eosque

148 2271 277 2352 aeulpa
291 2276 483 2332 atnoreaat:
498 2266 531 2330 lu
544 2267 676 2348 qniltna,
695 2284 757 2332 ceu
771 2267 938 2348 proposito
958 2275 1069 2332 nostro
1084 2267 1259 2334 admodum

150 2370 254 2448 utilia,
275 2377 433 2434 notantur
451 2369 594 2432 discusse
609 2371 642 2432 ln
662 2366 804 2432 llomilia
828 2365 870 2430 ll.
891 2384 923 2431 n.
944 2365 974 2434 6.
996 2387 1036 2432 ex
1060 2368 1127 2432 llis:
1143 2389 1160 2429 s
1178 2366 1264 2446 Ouo·

147 2469 232 2534 emm
245 2468 448 2554 iniquitatem
463 2487 563 2532 mm
579 2467 771 2549 museto.
789 2466 1092 2534 Pronuuciatiouem
1114 2471 1264 2550 iniqnita-

150 2573 206 2648 tis,
231 2573 317 2636 idest
343 2570 575 2636 conlasslonem
600 2571 749 2651 peccati,
776 2570 979 2650 trequenttus
1009 2570 1161 2636 diximus.
1183 2569 1264 2636 vide

148 2691 237 2756 erqo,
255 2675 336 2756 quid
356 2675 471 2738 edocet
490 2690 548 2736 uos
574 2670 744 2754 Scriptura
765 2671 890 2748 diviua,
906 2672 983 2753 quia
1001 2681 1131 2753 oportet
1152 2689 1266 2753 pecca·

148 2783 213 2841 lum
234 2794 302 2841 nou
322 2777 432 2840 celare
451 2776 655 2838 intrinsecus.
681 2771 839 2837 Fortassis
862 2773 946 2837 enim
968 2775 1054 2837 slent
1073 2774 1115 2848 ii,
1135 2775 1191 2855 qni
1207 2774 1265 2837 lra-

148 2876 222 2941 lent
236 2881 327 2943 iutns
345 2857 503 2941 inclusan'r
515 2892 621 2939 escam
645 2874 845 2954 indigestam,
858 2883 916 2938 aut
938 2876 1084 2939 humoris
1106 2876 1156 2939 vel
1175 2875 1264 2956 phle-

147 2983 264 3060 gmatis
277 2979 446 3043 stomacho
460 2977 605 3057 qrariter
614 2982 648 3039 et
662 2975 797 3040 moleste
807 2976 1009 3040 immanentis
1020 2976 1262 3050 abundantiam,

148 3084 173 3145 sl
187 3083 389 3156 sonuerint,
403 3081 605 3144 relevanturs
622 3080 665 3143 ita
679 3081 776 3143 etiam
791 3078 838 3155 lti,
850 3081 907 3160 qui
922 3087 1152 3161 peccaverunt,
1166 3080 1265 3159 siqui·

147 3183 220 3248 dem
241 3184 422 3256 occultant,
438 3187 472 3244 et
492 3182 630 3245 retinent
643 3180 726 3244 intra
741 3199 776 3244 se
797 3189 979 3262 peccatum,
1001 3181 1193 3244 intrinsecus
1207 3197 1264 3244 ur·

147 3294 278 3364 rentur,
297 3293 331 3348 et
344 3282 581 3365 propemodum
600 3283 806 3349 collocantur
824 3301 842 3345 a
863 3283 1061 3364 phlegmate,
1078 3282 1129 3346 rel
1151 3281 1266 3346 lsnmo·

147 3404 182 3450 re
203 3386 343 3470 moesti.
359 3384 392 3450 st
413 3394 523 3448 antem
543 3386 611 3467 ipss
624 3387 676 3448 sni
696 3390 869 3448 aecusator
883 3382 950 3457 dat,
971 3382 1049 3446 dnm
1070 3389 1202 3446 accusat
1215 3401 1264 3446 se·

146 3489 325 3570 metipsum
345 3495 379 3551 et
398 3485 586 3562 confltetur,
609 3486 707 3550 simul
725 3485 848 3549 eromit
868 3492 901 3546 et
921 3481 1090 3558 dellctnm,
1112 3490 1210 3563 atque
1231 3501 1267 3545 o·

144 3607 256 3653 mnem
279 3587 383 3652 morli
404 3587 522 3667 digerit
541 3605 685 3652 cauum.
701 3583 940 3651 Tantummodo
961 3583 1172 3664 circumspice
1193 3582 1265 3645 dili·

146 3693 290 3771 gentius,
311 3689 366 3753 cni
386 3689 505 3753 deleas
524 3688 671 3754 coudteri
692 3696 862 3769 peceatum
886 3695 990 3750 tuum.

209 3849 213 3856 .
227 3815 248 3856 r
261 3791 367 3859 Prole
382 3795 472 3876 prius
489 3792 664 3867 medicum,
680 3791 734 3854 cui
749 3788 866 3853 debeas
880 3803 1010 3852 causam
1024 3785 1192 3866 lanquoris
1206 3803 1263 3848 er·

147 3912 288 3975 ponere,
304 3897 359 3977 qui
379 3899 460 3960 sciat
481 3893 637 3958 iudrmari
658 3909 736 3956 eum
749 3889 943 3961 indrmanle,
958 3885 1037 3950 llere
1059 3902 1133 3949 cum
1155 3883 1262 3956 dente,

143 3999 202 4078 qui
224 3996 421 4063 condolendi
432 4004 466 4060 et
478 3993 694 4076 compatiendi
713 3992 842 4056 noverit
857 3987 1079 4069 disciplinam
1102 3993 1139 4048 nt
1154 3985 1196 4047 ita
1211 3983 1266 4048 de·

145 4113 241 4160 mum
262 4097 368 4178 siquid
389 4097 447 4162 ille
468 4096 601 4170 dixerit,
622 4094 678 4174 qul
698 4091 843 4172 seprius
863 4095 896 4151 el
916 4087 1080 4152 eruditum
1104 4084 1264 4150 medicum

143 4198 330 4263 ostenderit
349 4207 382 4262 et
402 4195 659 4271 misericordem,
679 4192 786 4274 siquid
807 4188 932 4255 consilii
954 4186 1091 4261 dederit,
1115 4185 1213 4250 lanias
1233 4195 1267 4250 et

143 4301 310 4380 sequaris.
333 4295 367 4361 Si
388 4297 588 4362 intellexerit
600 4303 633 4359 et
653 4292 851 4376 praeviderit
867 4291 962 4356 talem
983 4307 1053 4353 csse
1072 4287 1266 4368 languorem

143 4405 260 4474 tunm,
282 4399 340 4478 qui
360 4400 570 4464 inconvento
592 4398 691 4461 totius
710 4395 867 4460 ecclesiae
881 4391 998 4473 exponi
1021 4389 1136 4453 debeat
1156 4395 1189 4451 et
1209 4404 1267 4450 cu·

143 4499 232 4578 rari,
247 4517 288 4564 ex
309 4517 378 4581 quo
392 4500 538 4566 tortasals
558 4506 592 4564 ct
604 4496 704 4564 ceteri
718 4495 883 4562 aedillcari
904 4499 1072 4574 poterunt,
1086 4497 1118 4553 et
1141 4497 1175 4554 tu
1197 4489 1265 4570 ipse
