3375 5567
148 796 176 862 is
185 817 242 879 qus
255 798 413 879 scriptun
426 803 486 862 ests
502 798 584 864 usos
598 798 742 862 moturus
756 808 851 862 areat
863 798 901 862 ia
913 815 981 862 uon
994 801 1091 874 motu·
1109 815 1173 862 nan
1186 821 1239 864 os·

148 909 278 974 muer,
290 899 653 982 ctoiarnrciiaqustur‘:
669 903 803 966 asinaria
817 911 940 977 antem,
957 903 1084 984 quaesi
1099 903 1238 976 circnm-

149 1009 285 1082 panstnr,
306 1004 364 1083 qni
385 1002 593 1067 offensionem
623 1013 657 1068 et
675 1004 863 1069 scandatum
887 1003 1085 1085 praebuerit.
1108 1002 1235 1068 Dixerit

148 1111 237 1166 snum
255 1103 386 1184 aliquis,
408 1123 449 1167 an
465 1113 552 1168 reete
575 1106 626 1168 rei
640 1105 738 1181 mate,
760 1105 837 1168 mihi
854 1122 916 1168 nnn
933 1105 1050 1186 liquet,
1064 1105 1235 1170 asinariam

149 1205 248 1268 enisu
267 1224 388 1287 corpus
407 1224 477 1269 esse
497 1207 634 1271 nominis
654 1221 807 1287 aequans,
830 1223 931 1286 grase
950 1215 982 1268 et
997 1207 1149 1269 deorsum
1171 1211 1238 1269 ten·

147 1307 229 1382 teos,
246 1307 334 1388 quoi
355 1309 388 1368 io
407 1307 648 1370 resurrectione
668 1315 826 1382 assumet,
849 1314 886 1371 nt
906 1308 937 1369 in
958 1308 1129 1390 abyssum,
1152 1322 1239 1388 quac

149 1408 230 1470 saris
247 1407 447 1487 protantium
468 1408 667 1489 sppeiiatnr,
689 1409 746 1472 uiti
776 1408 876 1470 draco
898 1405 953 1469 ilie
974 1418 1033 1483 est,
1055 1425 1152 1487 quem
1174 1407 1240 1471 ior·

149 1510 231 1570 navit
252 1507 339 1573 Deus
360 1510 398 1571 ad
421 1509 623 1573 illudentium
644 1510 687 1586 ei,
709 1509 928 1588 demergatur.
954 1508 1046 1572 Attus
1060 1519 1169 1574 sntorn
1190 1505 1240 1572 oi·

150 1609 306 1673 tensionem
321 1612 376 1674 uui
397 1611 576 1691 sperantis
597 1612 787 1691 praebitam,
804 1611 844 1672 ad
869 1619 1041 1690 potestates
1057 1612 1239 1674 hominibus

151 1711 309 1774 invisibiles
331 1711 463 1777 referet.
480 1710 585 1774 Mults
606 1713 738 1774 enimet
753 1712 856 1774 abhis
871 1711 1020 1776 scandata
1036 1713 1067 1774 in
1084 1711 1239 1790 parvulos

149 1812 180 1873 ab
199 1816 263 1892 ipso
282 1811 364 1878 lesu
383 1813 557 1888 indicatos,
580 1814 781 1877 derivantur.
808 1810 982 1890 Postquam
1006 1829 1084 1874 sero
1108 1811 1242 1874 seanda-

151 1913 283 1977 iirsrerit
303 1932 405 1978 unum
426 1933 446 1976 e
466 1915 643 1994 parsuiisa
665 1912 745 1977 iesu
762 1914 960 1986 monstratis,
977 1913 1033 1991 qui
1049 1911 1245 1975 crediderint

88 2094 89 2097 Ἴ
150 2016 175 2076 is
192 2033 275 2094 euna,
297 2019 469 2081 asinariam
491 2016 611 2078 motam
633 2026 775 2078 tuomet
795 2015 885 2096 (ipse
905 2014 1010 2095 puer)
1032 2012 1246 2092 corruptibile

88 2144 89 2147 ¹
150 2134 247 2197 nempe
265 2135 387 2198 corpus
408 2119 546 2179 animaru
566 2135 758 2197 aggravans,
783 2136 802 2180 c
823 2117 911 2178 coito
931 2133 1121 2195 suspensum
1142 2113 1243 2188 iilius,

148 2221 221 2298 qnod
241 2220 341 2284 trahit
360 2237 436 2283 enm
456 2219 496 2281 ad
519 2219 618 2300 hujus
640 2220 724 2281 sitae
745 2220 892 2296 nepotis,
917 2225 952 2280 ut
973 2233 1032 2296 pcr
1058 2234 1094 2278 ea
1117 2215 1246 2297 dejicia-

151 2331 194 2382 tur
217 2323 336 2386 hornen
357 2321 574 2398 existimati05
596 2329 629 2383 ot
657 2328 828 2401 postquam
850 2319 971 2382 inerint
992 2335 1122 2398 poenu,
1147 2319 1179 2380 iu
1205 2335 1246 2381 oo

151 2422 224 2499 irat,
244 2426 333 2505 qnod
355 2424 420 2488 iilis
441 2424 523 2486 utiie
542 2424 608 2485 erit
626 2422 732 2485 moise
752 2423 909 2484 asinariae
932 2419 1095 2482 beneficio.
1118 2437 1136 2476 a

215 2525 283 2590 Etsi
306 2543 385 2588 sero
413 2524 549 2602 ealigine
568 2523 747 2586 obvoiutns
777 2522 927 2585 videatur
949 2521 1047 2602 nujus
1076 2521 1247 2601 pericopae

153 2645 260 2703 ansus,
282 2634 424 2690 attamen
444 2625 594 2688 eumdem
615 2627 760 2688 arbitror
779 2626 874 2703 tange
890 2625 930 2687 ab
951 2643 990 2687 eo
1006 2627 1070 2699 ira,
1087 2639 1185 2705 quem
1200 2625 1247 2687 in·

153 2737 336 2806 terpretatur
349 2736 398 2791 est
413 2725 554 2791 {laetius
574 2727 614 2790 ue
628 2729 808 2790 animarum
823 2727 1018 2806 corporibus
1034 2728 1251 2806 praeexisten-

156 2831 201 2904 tia,
220 2837 252 2892 st
270 2828 412 2909 snsptins
431 2828 473 2890 ab
500 2847 560 2903 ao,
583 2829 641 2907 qni
663 2837 823 2908 supponat
847 2827 1157 2906 transmigrationem
1184 2826 1249 2888 ani·

155 2947 267 2994 aarum
287 2932 321 2994 in
341 2931 445 2992 alicua
467 2946 618 3009 corpora.
636 2928 724 2993 Duas
745 2947 884 3010 namque
900 2928 997 2991 tradit
1014 2926 1171 3006 Origenes
1192 2944 1249 2989 ex·

156 3035 312 3109 positiones
337 3042 370 3094 at
401 3032 532 3112 quidem
560 3029 753 3111 allegoricas
777 3031 809 3092 in
840 3031 937 3095 citata
969 3030 1066 3092 verba
1097 3029 1136 3091 do
1163 3027 1247 3091 moto

155 3132 296 3196 nimio.
320 3134 427 3222 Prinna
458 3132 587 3211 respicit
607 3133 700 3211 prasi
730 3132 868 3194 nominis
889 3130 1103 3193 conditionem
1128 3130 1159 3190 in
1183 3129 1247 3190 situ

156 3234 251 3300 tntnra
267 3247 338 3316 post
360 3237 643 3308 resurrectionem,
657 3253 732 3297 cum
748 3245 902 3313 grassans
919 3235 1010 3296 noxis
1028 3233 1127 3292 instar
1144 3229 1249 3292 molae

157 3337 298 3397 asinarias
320 3338 350 3397 io
372 3335 570 3416 protundum
592 3335 707 3398 interni
728 3335 930 3412 demergitur
938 3352 949 3412 3
971 3343 1003 3396 et
1025 3334 1066 3394 itti
1088 3332 1177 3394 oolla
1194 3330 1254 3393 dit-

159 3435 281 3500 icnitss.
296 3435 332 3499 in
353 3437 456 3498 altera
472 3455 573 3516 porro
593 3437 795 3514 expositione
810 3436 919 3516 (cuins
939 3435 1066 3498 nulium
1085 3435 1252 3514 vestigium

159 3535 300 3602 isVetcri
320 3541 420 3602 latina
438 3536 717 3620 interpretatione)
739 3537 779 3600 tie
794 3538 989 3616 pnstttornm
1011 3535 1168 3597 scandalis
1190 3536 1255 3614 agit

160 3655 209 3713 per
232 3639 377 3704 occultas
399 3640 535 3702 rirtntes
565 3642 746 3702 contrarias
767 3640 799 3700 in
828 3639 892 3700 iilis
923 3638 1082 3701 excitatis.
1112 3635 1160 3698 Ac
1183 3635 1257 3698 ideo

161 3729 316 3818 postauam
340 3759 424 3803 unus
444 3757 486 3802 ex
509 3740 557 3800 his
577 3738 723 3817 parantis
744 3740 776 3800 in
796 3737 910 3802 lesum
927 3737 1133 3800 credentibus
1154 3734 1195 3797 ab
1210 3735 1257 3798 hia

164 3840 321 3904 urtntinns
342 3841 526 3913 contrariis,
549 3857 634 3919 qnae
654 3849 729 3902 sunt
750 3841 781 3901 in
798 3856 895 3902 carue
918 3839 1053 3918 peccati,
1069 3836 1255 3900 scandalum

162 3955 260 4014 passos
278 3943 390 4015 inerit,
413 3942 533 4004 soniam
554 3941 726 4002 asinariam
747 3948 867 4014 sumet,
887 3940 972 4001 idest
994 3956 1115 4018 corpus
1140 3952 1256 4001 corrn-

163 4040 259 4115 ptibiia
282 4044 388 4123 cuipis
408 4054 579 4121 praeatum
604 4052 731 4121 gestans
757 4060 891 4115 secum,
914 4040 1001 4121 quoti
1032 4040 1124 4102 illum
1158 4038 1257 4101 trahit

165 4141 191 4200 is
207 4143 353 4208 interiora
373 4144 475 4224 hujus
495 4146 632 4206 miserae
655 4143 738 4204 ritae
759 4145 899 4220 negotia,
922 4142 1023 4202 donec
1043 4157 1100 4218 spe
1122 4139 1258 4202 trustra·

165 4246 257 4306 tosob
277 4247 394 4308 trorum
410 4246 597 4323 sanitatem
619 4245 795 4323 poenisque
810 4244 881 4306 ideo
903 4243 984 4304 datis
1002 4259 1060 4320 per
1076 4240 1175 4322 huius
1191 4257 1258 4302 tuo·

166 4342 208 4406 lac
225 4363 415 4426 gravamen,
438 4348 470 4410 in
491 4347 610 4409 bonurn
633 4345 771 4427 proficit.
797 4343 838 4407 Et
860 4347 891 4406 iu
913 4346 975 4406 hoc
998 4345 1139 4407 maxime
1161 4341 1259 4404 tendit

165 4461 257 4511 senno
285 4447 460 4523 Auctoris,
482 4449 619 4511 hominis
649 4456 786 4510 naturae
807 4465 850 4511 cx
879 4453 1010 4526 peccato
1039 4443 1256 4507 infirmitatem

167 4551 392 4616 comitersnusz
414 4552 447 4613 in
467 4566 565 4630 quam
587 4549 724 4613 rirtntcs
745 4549 928 4611 contrariae
943 4546 1039 4610 tacito
1055 4551 1205 4626 turgum,
1223 4553 1259 4606 nt
