3375 5567
437 805 592 888 Quisquis
613 809 713 888 igitur
733 811 903 896 presbyter
925 826 989 890 pro
1005 805 1153 870 fidelibus
1173 803 1281 866 animo
1296 809 1328 865 et
1344 799 1524 879 corporeis·
1603 833 1604 872 ,

437 907 538 971 firmis
559 919 713 989 rogasset,
731 913 763 973 ia
779 921 921 992 utroque
935 908 1123 990 proficiebat
1138 923 1195 987 per
1212 906 1365 968 virtutem
1380 919 1396 964 n
1412 900 1526 966 Christo
1603 897 1604 902 ’

436 1007 515 1073 Jeso
537 1010 640 1074 eidem
661 1013 809 1076 traditum
830 1013 961 1076 cenandi
977 1010 1177 1074 credentium
1191 1005 1406 1078 infirmitates,
1420 1003 1527 1067 uecnl·
1603 1027 1604 1070 Τ

436 1109 470 1173 lo
492 1111 587 1175 modo
602 1116 803 1192 peccantium
818 1113 857 1177 nd
880 1121 1029 1190 mortem,
1046 1128 1105 1192 pro
1117 1111 1235 1192 qnihns
1251 1109 1362 1172 irritae
1385 1105 1529 1168 habehan-

438 1221 493 1275 tur
513 1213 644 1276 illorum
668 1233 789 1293 preces.
1454 1200 1458 1210 '

515 1312 669 1378 Ceterum
684 1317 716 1377 in
736 1315 834 1381 Libro
850 1315 893 1380 De
918 1315 1067 1380 Oratione
1088 1335 1129 1378 ex
1151 1321 1306 1378 contextu
1322 1311 1452 1374 ridetur
1468 1310 1530 1372 Ori·
1603 1391 1604 1434 1

436 1431 531 1493 genes
549 1414 611 1478 suh
628 1427 755 1495 peccato
775 1419 818 1480 nd
836 1429 983 1496 mortem,
1002 1417 1168 1498 quidpiam
1189 1415 1361 1496 impietatis
1384 1413 1530 1492 genusia-
1603 1435 1604 1442 ¹

436 1513 557 1596 dicere,
578 1517 665 1596 qnod
689 1530 776 1582 recta
802 1518 906 1584 llenm
935 1528 993 1584 aut
1020 1517 1163 1582 Verbum
1183 1535 1278 1581 sunm
1306 1515 1452 1578 divinum
1475 1513 1530 1574 lae·

437 1613 549 1695 derct;
569 1619 673 1683 sicubi
693 1621 736 1683 ibi
756 1622 877 1687 dicitur
893 1639 1027 1702 procons
1046 1619 1083 1681 in
1107 1617 1293 1682 hominnm:
1320 1615 1462 1696 copitnnr
1484 1615 1530 1677 ad·

436 1732 544 1779 verrin
562 1716 672 1781 Deam
694 1719 791 1798 Quod
811 1725 932 1786 crimen
952 1723 1135 1786 sacerdotes
1156 1718 1332 1794 Ecclesiae,
1355 1719 1488 1782 ministri
1500 1716 1532 1779 il·
1603 1727 1604 1734 ’

435 1815 501 1881 lius
520 1822 624 1899 magni
648 1819 820 1886 Pontificiis
840 1822 920 1887 lesu
943 1822 1080 1898 Christi,
1106 1823 1232 1902 indigne
1260 1822 1318 1883 sihi
1347 1819 1532 1898 arrogabant
1603 1875 1604 1880 ,

434 1918 489 1999 jun
508 1919 688 1987 dimittendi
693 1945 705 2002 ;
720 1925 789 1988 slve
802 1927 957 2006 putabant
972 1925 1083 1988 eadem
1099 1924 1295 2004 indulgentia
1312 1924 1360 1988 nti
1375 1940 1453 2001 erga
1465 1922 1532 1982 istos
1603 1905 1604 1970 ἶ

435 2021 532 2084 aienti
551 2040 628 2103 erga
649 2025 829 2101 adulteros,
844 2025 1035 2091 fornicarios
1055 2035 1088 2090 et
1107 2025 1318 2101 idololatras,
1336 2023 1471 2088 velutin
1490 2039 1532 2084 ue
1603 2011 1604 2086 ξ

436 2124 580 2202 exposite
601 2134 677 2189 snut
696 2125 844 2206 Origeois
868 2128 977 2192 verba.

514 2223 622 2304 Siquis
635 2236 744 2292 notem
757 2230 839 2293 nolit
851 2231 931 2296 heac
943 2231 1081 2313 prohore
1096 2229 1396 2309 interpretationem
1402 2248 1413 2306 3
1425 2235 1457 2290 et
1470 2227 1532 2289 hino

435 2322 550 2389 durius
571 2329 677 2405 capiet
695 2348 877 2394 sermonem
901 2333 1064 2406 Auctoris,
1087 2333 1126 2394 de
1147 2332 1336 2395 exclusione
1357 2329 1530 2391 nimirums
1603 2327 1604 2412 p

435 2427 528 2488 venia
548 2428 704 2507 illoram,
726 2435 781 2512 qni
802 2434 918 2496 similia
941 2435 1126 2498 admiserint
1148 2441 1277 2512 peecata
1300 2429 1528 2502 fornicationis,

434 2527 599 2606 adulterii,
614 2540 646 2593 et
660 2533 875 2610 idololatriae,
892 2554 1058 2598 necessum
1072 2535 1156 2598 duco
1172 2534 1288 2596 lectori
1304 2530 1530 2601 commendare,

435 2647 521 2708 qnae
542 2631 581 2694 de
602 2634 670 2713 ipso
692 2645 824 2714 pescolo
843 2639 883 2698 ed
908 2646 1045 2699 mortem
1079 2638 1238 2699 recensuit
1263 2633 1420 2713 Origenes
1440 2629 1530 2693 Tomo
1603 2665 1604 2694 i

434 2728 524 2794 ΧΙΙΙ.
539 2731 853 2800 Commentariorum
867 2736 903 2801 t'n
921 2733 1113 2802 Meliboeam
1135 2753 1164 2796 u.
1179 2730 1229 2800 (tlt.
1245 2751 1286 2796 ex
1301 2732 1420 2796 Christi
1438 2730 1530 2793 serbis

436 2832 553 2899 Peleo:
571 2835 599 2899 si
615 2839 792 2917 peccaverit
812 2837 847 2902 t‘n
868 2851 897 2903 tc
916 2839 1017 2919 frater
1038 2849 1127 2912 cans,
1147 2837 1243 2900 code.
1260 2878 1268 2895 .
1285 2879 1293 2895 .
1310 2831 1346 2897 Si
1365 2843 1466 2896 antem
1481 2829 1529 2893 ln-

409 2951 413 2959 '
434 2935 560 3000 ciceiam
581 2957 645 3001 non
664 2939 812 3016 audierit,
834 2940 878 3003 sit
897 2937 954 3002 titi
974 2939 1057 3003 sient
1076 2939 1217 3002 ertatem
1236 2944 1265 2999 rt
1279 2933 1476 3015 publicanae
1491 2931 1530 2993 tte

435 3039 553 3130 quihus
575 3041 654 3104 haec
675 3043 736 3104 eit,
1603 3055 1604 3132 j

497 3139 689 3204 «Videamus
702 3162 740 3204 ne
756 3142 839 3206 lorte
855 3145 1008 3206 sententie
1026 3143 1105 3206 haee
1119 3157 1181 3202 uon
1196 3141 1235 3202 de
1250 3155 1458 3219 quocumque
1468 3151 1529 3215 pec·
1603 3137 1604 3204 i

437 3250 509 3304 cato
531 3246 632 3322 posita
652 3245 703 3305 sit.
727 3241 821 3320 Quod
843 3247 868 3306 si
891 3245 1021 3324 aliquis,
1045 3243 1100 3324 qni
1123 3242 1309 3303 nominatur
1331 3240 1444 3310 lrater,
1466 3251 1527 3315 pec·
1603 3233 1604 3302 l

436 3345 560 3406 caverit
580 3344 701 3423 aliquid
725 3354 932 3424 peccatorum
947 3363 1075 3420 eorum,
1092 3361 1176 3424 quae
1194 3344 1322 3407 suntad
1340 3349 1484 3403 mortem:
1498 3344 1527 3398 nt

438 3453 514 3525 puta
543 3446 763 3508 masculorum
793 3446 984 3508 concubitor
1009 3454 1057 3508 est
1084 3444 1209 3520 lectus,
1233 3453 1290 3505 ant
1311 3442 1461 3512 adulter,
1482 3445 1524 3498 ant

435 3547 606 3623 homicide,
629 3557 686 3609 aut
707 3547 824 3622 mollis,
848 3547 990 3627 nunquid
1013 3548 1161 3609 elisium
1185 3547 1279 3608 telem
1301 3547 1386 3608 sient
1400 3544 1525 3622 aliquem

435 3649 558 3711 modica
581 3657 784 3727 peccantem,
808 3649 939 3711 rationis
960 3655 1020 3721 est,
1045 3656 1081 3708 ul
1101 3657 1217 3728 arguat
1237 3649 1326 3710 solus
1348 3647 1388 3708 ed
1410 3645 1524 3708 solnm:

434 3758 466 3812 et
487 3751 644 3830 siqnidem
666 3751 818 3826 audierit,
842 3751 897 3829 qni
922 3750 994 3810 talis
1018 3751 1072 3811 illa
1096 3751 1253 3830 peccavit,
1276 3751 1384 3813 statim
1406 3733 1474 3810 eom
1489 3743 1526 3803 di·

434 3871 508 3916 cere
528 3852 760 3916 lucrifacium:
783 3854 860 3915 etsi
883 3869 945 3914 nou
966 3851 1118 3928 audierit,
1142 3869 1203 3914 uon
1222 3853 1312 3931 prins
1328 3868 1403 3912 eum
1419 3845 1524 3926 expelli

435 3953 474 4015 de
489 3953 647 4026 Ecclesia,
670 3955 728 4016 nisi
750 3954 939 4034 priusquam
962 3962 1124 4016 eteorum
1149 3952 1281 4014 testibus
1303 3963 1438 4033 argutus
1455 3947 1526 4012 etrb

435 4054 600 4132 Ecclesia,
624 4057 800 4135 perstiterit
820 4059 852 4118 in
873 4063 948 4120 octo
971 4055 1099 4135 priori?
1120 4053 1192 4118 Non
1214 4063 1324 4116 autem
1356 4056 1526 4134 ignoramus

393 4161 398 4211 ἕ
435 4159 586 4238 qnoniam
608 4159 692 4221 alius
713 4177 851 4237 sequeus
874 4156 984 4230 verbe,
1007 4166 1038 4220 et
1060 4157 1213 4235 aspiciens
1228 4155 1266 4215 ud
1284 4157 1464 4218 immensam
1480 4153 1529 4212 mi·

433 4261 642 4324 sericordiom
665 4258 796 4333 Christi,
820 4261 927 4323 dicere
951 4265 1067 4339 potest,
1089 4261 1240 4337 qnoniam
1264 4277 1339 4321 curn
1364 4258 1527 4333 verbsipsa

435 4361 553 4425 Christi
575 4363 697 4425 nullam
720 4361 931 4424 differentium
955 4361 1072 4424 leniant
1094 4369 1300 4440 peccatorum
1316 4402 1325 4434 ,
1342 4357 1528 4438 superfluum

435 4465 569 4540 iaciunt,
592 4475 623 4528 et
644 4473 755 4528 contre
778 4467 896 4532 Christi
919 4465 1189 4539 misericordium,
1212 4463 1268 4543 qui
1289 4463 1371 4525 haec
1390 4463 1429 4524 ad
1450 4457 1529 4522 mini·

436 4584 487 4628 ma
520 4575 642 4629 tantum
671 4567 831 4647 pertinere
852 4567 1061 4646 distinguunt.
1082 4565 1144 4632 Sed
1165 4583 1253 4642 enm,
1269 4565 1326 4646 qui
1348 4564 1452 4628 taliter
1468 4575 1529 4624 sen·

436 4670 485 4743 tit,
502 4687 563 4732 non
578 4670 722 4733 arbitror
735 4670 774 4734 nd
792 4670 962 4735 utilitatem
986 4687 1189 4736 commanem
1211 4668 1271 4736 ista
1292 4667 1451 4732 sentire.»
