3375 5567
543 812 680 877 mmom
690 812 760 875 sire
770 811 813 874 oh
826 806 909 876 hauc
922 822 1034 877 uncus
1047 810 1223 892 origeniani
1235 808 1429 874 talsationem
1441 806 1498 872 sire
1511 807 1544 870 oh

460 917 566 979 minos
587 920 741 977 accurate
760 929 933 995 expensam
955 912 1073 977 dictem
1092 912 1247 978 Auctoris
1268 912 1457 995 pericopen,
1471 930 1546 976 ormo

460 1020 586 1099 ignoret
605 1026 765 1098 quantum
786 1016 861 1080 ldoo
880 1016 1037 1081 adversus
1059 1017 1146 1081 huuc
1176 1014 1351 1080 blateravit
1376 1013 1548 1097 Theophilm

460 1124 491 1183 tn
515 1120 659 1201 Epistola
679 1117 828 1182 l’sscbali
851 1116 892 1181 ll.
915 1134 945 1181 o.
967 1116 1019 1185 tls
1043 1140 1060 1179 o
1082 1118 1218 1194 Nouoi,
1242 1119 1357 1199 lnquit,
1378 1116 1485 1181 suldcit
1500 1118 1545 1180 ista

460 1222 680 1303 blasphemia3
701 1220 757 1283 sed
781 1228 868 1281 trans
887 1217 1020 1283 humina
1042 1219 1234 1301 Aethiopiae
1259 1231 1395 1282 currum
1417 1214 1548 1281 stultitiae

457 1339 537 1386 snae
550 1324 702 1402 tingens,
725 1320 801 1385 item
820 1320 1017 1385 lurihnodns
1038 1320 1192 1397 excellat,
1216 1327 1263 1385 tot
1284 1320 1391 1385 dicens
1408 1312 1550 1384 voluntate

459 1442 518 1488 aua
551 1424 654 1487 Deum
676 1422 855 1487 condidisse
881 1423 1087 1487 rationabiles
1113 1431 1306 1498 creatores,
1339 1432 1418 1504 quot
1445 1428 1551 1505 poterat

459 1528 655 1609 gubernare,
677 1531 715 1589 ut
736 1526 893 1591 viritatem
915 1522 988 1601 Dei,
1010 1524 1224 1590 imbecillitati
1246 1526 1425 1600 hominum,
1446 1532 1551 1589 eleeto

459 1628 517 1703 ris,
539 1646 624 1708 quae
644 1635 753 1692 creata
775 1633 871 1702 sunt,
894 1634 1118 1706 compareret.
1134 1673 1142 1690 .
1158 1672 1189 1690 ..
1213 1626 1335 1690 Audiat
1356 1641 1434 1708 ergo
1454 1624 1551 1705 impius

457 1736 490 1793 et
514 1729 638 1792 discat:
661 1744 724 1792 uon
753 1734 840 1791 truta
862 1724 917 1793 eot'
934 1729 1037 1791 virtus
1069 1726 1139 1803 liei,
1162 1736 1300 1809 quantas
1322 1726 1433 1791 iecisse
1452 1724 1550 1788 dicitur

459 1827 632 1892 rationales
653 1836 847 1907 creaturas;
870 1827 925 1891 sed
947 1828 1113 1909 imponens
1134 1844 1320 1893 mensuram
1343 1828 1500 1909 operibus,
1513 1826 1551 1889 ol·

458 1939 507 1993 tra
528 1945 628 2010 quam
648 1945 718 1993 esso
739 1944 802 1991 ooo
823 1936 985 2010 poterent,
1009 1938 1043 1993 et
1066 1945 1176 1994 rerum
1200 1944 1375 1993 numerum
1397 1928 1553 2010 dispositio

457 2034 506 2096 nis
526 2048 606 2097 suae
626 2040 696 2094 arte
716 2030 938 2106 concludens,
959 2031 1027 2113 lpse
1048 2046 1200 2096 mensura
1223 2042 1255 2096 ct
1277 2046 1418 2095 numero
1438 2050 1494 2093 uon
1520 2038 1554 2091 te

457 2142 563 2198 uetur.
586 2130 637 2195 Ex
668 2131 787 2212 quibus
806 2131 932 2213 liquido
953 2142 1109 2214 apparet,
1132 2150 1194 2197 uou
1225 2149 1301 2198 eum
1327 2141 1414 2198 tanta
1437 2134 1551 2205 iecisse,

457 2244 577 2315 quauta
604 2239 755 2313 poterat;
774 2232 830 2295 sed
859 2243 1018 2313 quantum
1039 2254 1150 2299 rerum
1179 2240 1353 2300 necessitas
1382 2235 1553 2318 expetebat,

459 2342 583 2399 tantum
595 2335 666 2415 eius
689 2333 801 2398 iecisse
817 2335 983 2399 virtutem.
1007 2334 1162 2400 »Deinde
1184 2340 1215 2401 iu
1231 2358 1260 2401 n.
1278 2334 1318 2404 18
1333 2338 1433 2402 addit:
1450 2334 1554 2412 «Quae

456 2438 595 2500 sentiens
614 2438 683 2517 ipse
704 2434 904 2516 (Origenes)
927 2452 1041 2501 rursus
1062 2434 1163 2503 discut
1184 2456 1202 2501 a
1225 2440 1343 2515 nohis,
1365 2456 1427 2503 non
1454 2446 1554 2518 quanta

458 2538 536 2602 lecit
554 2536 655 2613 Deos,
679 2544 768 2600 uota
784 2538 892 2602 iacere
913 2547 1054 2619 poterat3
1068 2540 1123 2603 sed
1144 2551 1298 2621 quantam
1324 2556 1502 2605 mensuram
1517 2555 1554 2599 re

458 2658 533 2705 rum
554 2639 638 2703 ordo
658 2641 824 2721 poscebat,
847 2646 934 2702 tanta
957 2641 1134 2707 rubricatus
1155 2651 1203 2705 est
1225 2641 1325 2718 Deus,
1351 2644 1455 2707 mollo
1475 2640 1555 2721 meio·

460 2760 528 2805 rem
550 2742 670 2805 babens
698 2748 732 2804 et
752 2748 856 2803 artem
877 2749 910 2805 et
932 2740 1169 2819 tortitudinem,
1199 2759 1297 2825 quem
1320 2762 1359 2808 ea
1383 2760 1466 2826 quae
1491 2742 1556 2807 lacta

459 2853 548 2922 mni,
568 2861 742 2908 nnmerum
762 2851 862 2924 atque
883 2858 1067 2908 mensuram
1089 2854 1152 2911 etc.
1178 2866 1193 2905 n

537 2942 665 3022 Quibus
685 2944 816 3025 positis,
838 2944 1060 3025 Theophilus,
1083 2948 1142 3010 nisi
1164 2956 1298 3027 praesta
1319 2946 1471 3031 origenis
1496 2944 1558 3010 scri·

456 3056 511 3128 pta
531 3048 683 3128 legisset,
705 3054 765 3109 sut
784 3049 810 3109 sl
831 3048 976 3112 studiose
998 3042 1095 3130 hulus
1116 3049 1258 3113 sinceros
1278 3048 1322 3112 lbi
1346 3060 1379 3115 et
1401 3052 1475 3115 alibi
1502 3068 1557 3113 seu·

458 3166 515 3211 aus
535 3146 780 3222 considerasset,
802 3148 965 3209 calamum
986 3164 1084 3209 suom
1108 3149 1304 3214 cohibuisset
1330 3168 1348 3214 a
1372 3148 1559 3232 corripiendo

458 3248 649 3329 origenem,
676 3248 732 3328 qui
752 3248 865 3311 eadem
884 3248 980 3312 sensit
1001 3250 1198 3322 orthodoxe,
1224 3266 1309 3332 quae
1332 3253 1418 3316 idem
1440 3250 1560 3333 lpscdo·

460 3352 541 3415 cult:
562 3368 622 3413 uec
643 3350 778 3430 impium
806 3360 1036 3433 nuncupasset,
1059 3352 1115 3432 qui
1139 3352 1235 3432 impla
1263 3370 1326 3416 noo
1348 3356 1497 3437 scripslt3
1515 3348 1559 3416 sed

460 3450 643 3513 omnimode
667 3468 742 3514 cum
763 3451 915 3531 dogmate
941 3454 1104 3519 catholico
1125 3454 1284 3517 conuenit.
1314 3452 1401 3521 Cum
1422 3459 1502 3519 enim
1524 3454 1560 3515 io·

461 3553 532 3633 quit
552 3548 751 3633 Theophilus
766 3555 798 3616 in
812 3554 926 3617 ordino
946 3557 1115 3619 creationis
1136 3555 1451 3635 distemperatus»
1471 3572 1563 3618 rernm

459 3652 626 3717 necessitas
642 3654 798 3734 poscebat,
819 3663 945 3718 contum
957 3656 1065 3737 facisse
1088 3654 1145 3718 Dei
1158 3656 1305 3721 uirtutem
1309 3676 1325 3731 ,·
1349 3666 1409 3722 ent
1423 3666 1561 3740 pourton

458 3772 641 3819 mansurum
654 3776 760 3819 rerum
777 3758 855 3819 ordo
862 3758 1018 3836 poscebat,
1033 3766 1157 3822 tontum
1168 3757 1361 3839 fabricatum
1386 3780 1449 3823 csse
1462 3758 1561 3823 nun:

463 3858 593 3938 etquid
616 3860 768 3939 amplius,
793 3858 845 3922 rel
867 3862 991 3935 minus,
1013 3862 1082 3923 aire
1103 3860 1200 3923 aliter
1218 3861 1260 3923 ab
1280 3878 1333 3939 eo,
1356 3862 1446 3943 quod
1467 3858 1565 3924 statuit

464 3956 677 4038 Theophilus,
685 3961 811 4038 putarit
824 3968 882 4022 aut
895 3961 1023 4040 scripsit
1032 3958 1201 4041 Origenes,
1214 3976 1305 4024 suam
1316 3962 1512 4025 concludens
1522 3975 1564 4019 ar·

463 4060 736 4139 geneantiooem
757 4060 791 4121 in
810 4061 886 4123 loco
906 4062 1016 4124 citato:
1038 4078 1187 4125 mensuro
1206 4076 1279 4125 ocro
1298 4061 1452 4125 materies
1471 4074 1564 4139 corpo·

462 4158 529 4223 ruli
548 4171 772 4242 comaqucntsr
790 4162 857 4239 (olii
884 4163 995 4243 legunt
1025 4163 1254 4241 conuenienter)
1274 4162 1463 4243 apeaatnr:
1483 4176 1566 4244 peon

466 4260 572 4344 atique
596 4273 720 4327 mntem
738 4284 761 4326 o
782 4262 845 4327 neo
870 4282 934 4328 csse
958 4275 1096 4328 mentem
1123 4267 1309 4329 medendum
1336 4274 1402 4343 rat,
1425 4272 1566 4347 qnoniam

463 4364 559 4428 scisse
571 4363 632 4429 nbi
643 4368 686 4430 od
699 4378 849 4429 ornotonr
864 4368 979 4430 mnndi
988 4386 1077 4448 posse
1092 4363 1257 4450 sufficere?
1280 4366 1354 4433 Non
1376 4366 1566 4433 circumscri-

463 4468 528 4545 psit
546 4464 702 4547 Oripenas
723 4466 781 4530 Dei
813 4471 991 4548 potentiam
1012 4470 1043 4531 in
1064 4472 1248 4550 creation03
1270 4470 1324 4533 sed
1347 4470 1432 4533 ordo
1457 4476 1487 4531 et
1507 4482 1564 4527 mo·

462 4567 536 4644 dus,
558 4586 641 4647 quos
661 4570 693 4632 in
714 4570 781 4650 ipsa
802 4572 967 4635 creatione
988 4572 1046 4635 sibi
1069 4571 1250 4654 praefinivit
1281 4580 1313 4635 et
1335 4573 1367 4633 in
1389 4572 1489 4635 creati
1515 4586 1563 4647 pu·
