3375 5567
164 760 319 843 detergere
342 766 491 827 conatur.
510 759 544 825 lu
559 762 678 842 quihus
692 764 833 827 maxime
847 761 978 827 elucent
996 761 1113 843 Jacolr,
1129 761 1260 839 Hsther,

162 874 191 927 st
208 862 341 941 iudith,
366 880 509 947 quarum
530 872 564 929 et
587 865 655 947 ipse
676 862 895 948 Hieronymus
918 865 1054 928 virtutes
1075 866 1260 946 praeclaras

165 968 245 1032 colit.

233 1070 392 1149 Secundo,
415 1072 521 1154 quivis
542 1072 656 1135 sedulo
676 1070 823 1150 Oripenis
842 1088 1026 1134 sermonem
1055 1070 1236 1135 consideret
1246 1092 1260 1151 3

159 1175 281 1257 qualive
303 1177 427 1237 ratione
450 1172 591 1236 Platonis
614 1173 711 1236 verbe
733 1173 868 1247 recitet,
890 1192 965 1236 curo
986 1190 1046 1237 uec
1066 1190 1201 1253 prorsus
1221 1192 1259 1237 aa

160 1276 363 1350 commendet,
386 1294 445 1339 nec
465 1276 594 1337 omniuo
616 1282 766 1355 respuat,
789 1273 906 1336 viderit
926 1292 1059 1355 quoque
1080 1275 1258 1341 Auctorem

159 1376 289 1457 Spiritus
310 1374 416 1439 Sancti
437 1376 664 1453 auctoritatem
686 1375 853 1454 praeferre
879 1374 1064 1455 Philosophi
1087 1377 1259 1451 mandato,

158 1487 187 1540 et
204 1478 243 1541 ah
263 1478 423 1557 exemplis
444 1477 631 1556 scripturae
648 1488 828 1556 temperare
850 1476 949 1556 hujus
970 1477 1127 1540 illusionis
1150 1496 1258 1551 usum,

157 1578 342 1661 adjiciendo:
357 1580 466 1645 «Cum
481 1579 579 1643 alieni
592 1579 755 1642 incumbat
770 1581 940 1642 necessitas
952 1580 1092 1655 mentiri,
1105 1579 1186 1644 iilud
1199 1580 1262 1643 sihi

156 1681 309 1761 agendum
330 1700 411 1756 esse,
433 1680 576 1761 quodam
598 1680 772 1743 rethorum
797 1680 975 1754 velamine,
996 1682 1040 1742 ita
1064 1689 1101 1744 ut
1120 1698 1183 1743 non
1203 1700 1260 1744 ex·

156 1782 243 1846 cedat
267 1784 433 1858 terminos,
457 1784 575 1864 quihus
591 1784 640 1845 nsi
661 1787 736 1845 sunl
756 1779 873 1855 Jacob,
888 1780 1008 1845 Esther
1026 1790 1060 1845 et
1080 1780 1207 1859 tettan,
1228 1800 1263 1845 a·

154 1884 225 1949 liter
243 1888 348 1949 sciens
370 1884 547 1966 Evangelio
568 1886 751 1948 contraire:
774 1901 828 1965 epo
849 1901 920 1946 suos
939 1881 1068 1946 veritos.
1089 1903 1106 1941 s
1125 1882 1264 1948 Proinde

154 1986 253 2049 minus
275 1986 514 2067 comprobanda
538 1986 623 2047 venit
643 1986 746 2048 illatio
769 1983 971 2066 Hieronymi,
990 1999 1088 2064 quem
1112 1985 1185 2049 hinc
1205 1984 1262 2048 de-

155 2086 238 2151 ducit
258 2094 294 2151 et
307 2087 440 2168 Origeni
455 2087 608 2151 adscribit
628 2088 805 2149 universim
825 2093 860 2149 ct
877 2085 1046 2148 absolute:
1063 2083 1259 2165 «Magistris

153 2204 261 2270 nempe
286 2188 501 2251 mentiendum
518 2206 598 2264 esse,
616 2186 789 2267 discipulos
809 2196 920 2250 antem
935 2204 998 2249 oon
1013 2186 1130 2249 dehere
1149 2188 1262 2249 menti·

153 2290 178 2353 ri
185 2309 198 2370 3
210 2290 269 2370 qni
286 2308 364 2369 erpo
385 2290 464 2353 hene
486 2293 653 2363 mentitur,
668 2295 702 2351 ot
715 2288 836 2367 ahsqne
856 2288 925 2351 ulla
949 2289 1155 2364 verecundia,
1168 2286 1263 2368 quid·

153 2390 224 2470 qnid
246 2392 282 2454 in
302 2391 437 2456 buccam
459 2394 605 2465 venerit,
627 2389 779 2470 contingit
792 2390 832 2452 io
854 2389 992 2465 iratres,
1017 2391 1205 2469 magistrum
1225 2407 1261 2455 se

152 2492 309 2571 optimum
331 2492 458 2572 prohat.
474 2489 612 2568 »Quom
634 2491 778 2571 inquom,
803 2497 934 2571 praeter
954 2488 1103 2570 origenis
1123 2494 1262 2555 m'entem

152 2592 219 2656 indo
239 2592 331 2657 elicit
351 2591 581 2678 Hieronymus.

223 2690 351 2769 Tertio,
366 2695 424 2757 etsi
447 2712 510 2756 non
524 2700 678 2774 eppereat
692 2711 733 2757 es
758 2691 947 2775 Hieronymi
961 2692 1066 2767 dictis,
1084 2692 1169 2756 nude
1188 2691 1263 2757 Ori·

152 2810 241 2872 renes
255 2796 458 2859 occasionem
475 2798 634 2876 repererit
650 2795 730 2859 hanc
744 2795 874 2859 ineundi
890 2795 1110 2876 quaestionem
1122 2796 1163 2859 de
1177 2813 1265 2860 meu·

151 2892 252 2971 dacio,
270 2902 413 2959 attamen
436 2913 498 2957 non
515 2894 648 2958 videbor
669 2894 802 2973 illusos,
820 2902 977 2970 statuens,
994 2895 1076 2958 hanc
1091 2899 1197 2975 ipsum
1210 2914 1264 2963 ac·

151 2997 272 3076 cepisse
292 3015 311 3060 a
333 3005 545 3078 praeceptore
565 3015 626 3061 sno
648 2994 814 3061 Clemente
834 2995 1061 3073 alexandrino,
1082 2998 1138 3078 qui
1158 3000 1191 3061 iu
1211 2996 1265 3060 Li·

150 3093 206 3159 hro
221 3095 297 3161 vlt.
315 3115 346 3161 n.
362 3094 392 3163 9.
409 3093 601 3163 Stromctasm
615 3096 727 3161 eadem
750 3097 818 3160 iere
832 3096 939 3172 docet,
953 3097 1116 3161 scribens:
1133 3096 1265 3174 «Quid-

149 3196 224 3277 qnid
247 3197 348 3261 hahet
367 3199 400 3261 in
420 3208 526 3263 mente
547 3198 621 3278 (vir
639 3196 805 3274 sincerus)
827 3195 859 3259 id
880 3197 979 3260 etiam
1000 3196 1065 3260 lert
1084 3199 1117 3260 in
1137 3198 1262 3279 lingua,

147 3300 232 3379 apud
254 3317 326 3374 eos,
347 3300 405 3381 qui
425 3298 510 3379 digni
530 3307 606 3363 snut
626 3298 753 3373 andire,
773 3316 815 3362 ex
835 3300 1016 3362 assensione
1037 3306 1070 3362 et
1085 3307 1174 3365 certa
1194 3317 1266 3363 sen·

149 3400 245 3465 tentia
267 3401 366 3465 simul
386 3401 503 3465 docens
521 3409 555 3463 ot
576 3401 696 3464 virens.
714 3398 799 3463 Vera
819 3400 905 3463 euim
924 3399 1023 3463 simul
1042 3400 1149 3476 sentit,
1165 3410 1198 3464 et
1217 3400 1265 3463 di·

148 3502 202 3582 cit;
224 3504 288 3567 nisi
308 3503 438 3584 qnando
458 3503 533 3565 loco
555 3503 744 3577 medicinae,
761 3511 799 3566 nt
820 3501 964 3565 medicus
984 3501 1024 3563 ad
1046 3510 1263 3582 aegrotantes,

146 3603 184 3665 ad
206 3621 341 3679 eorum,
362 3604 418 3685 qui
438 3604 602 3681 laborant,
624 3604 776 3677 salntem,
797 3604 985 3679 mentietur,
1000 3609 1059 3667 ant
1083 3603 1199 3669 ialsnnr
1219 3604 1267 3667 di·

147 3712 209 3778 cet,
231 3711 273 3768 nt
293 3705 386 3787 ajunt
406 3706 580 3785 sophistae.
611 3703 696 3769 Hcce
717 3702 922 3769 Timotheum
951 3704 1153 3770 circumcidit
1174 3723 1267 3785 prae·

148 3805 259 3870 clarus
280 3805 457 3888 Apostolos
469 3852 477 3869 .
489 3851 498 3867 .
512 3852 519 3867 .
532 3852 539 3868 .
552 3806 592 3871 Se
610 3807 737 3887 iudaeis
752 3804 1011 3882 accommodans,
1027 3806 1132 3871 iactus
1152 3813 1201 3870 est
1211 3807 1265 3888 ja·

147 3906 261 3985 dacus,
284 3916 321 3971 nt
339 3909 476 3991 judaeos
504 3907 722 4003 lucrifaceret.
746 3906 810 3984 Qui
831 3925 911 3988 ergo
942 3916 1077 3988 propter
1097 3908 1263 3989 proximo·

146 4025 221 4072 rum
243 4009 395 4083 salutem,
417 4010 536 4091 quihus
557 4028 592 4074 sa
612 4009 850 4083 accommodat,
871 4027 906 4072 so
926 4008 1068 4086 dimittit,
1090 4012 1118 4073 is
1138 4010 1262 4074 nullius

146 4107 362 4172 simulationis
376 4111 505 4174 omnino
519 4107 708 4189 astringitur
723 4108 883 4190 particeps
904 4108 947 4171 oh
962 4110 1159 4188 pericnlum,
1176 4108 1264 4189 quod

147 4206 295 4273 imminet
317 4208 427 4291 iustis,
443 4211 484 4273 ah
504 4212 554 4287 iis,
577 4212 632 4292 qui
654 4211 698 4273 eis
721 4210 873 4273 invident.
898 4209 1036 4291 Propter
1055 4221 1165 4275 autem
1186 4226 1263 4290 pro-

145 4310 345 4390 pinquorum
367 4312 561 4386 utilitatem,
592 4311 688 4375 isoiet
709 4312 893 4392 quaedem,
915 4329 999 4392 quae
1022 4313 1176 4391 primario
1200 4328 1263 4375 nou

144 4408 262 4475 tierent
282 4414 323 4475 ah
344 4432 396 4487 eo,
411 4414 437 4477 si
460 4432 523 4477 non
544 4414 668 4478 iaceret
688 4412 822 4477 illorum
837 4430 947 4477 cansa.
971 4411 1001 4477 is
1024 4415 1106 4477 enim
1122 4415 1264 4494 seipsum

146 4511 248 4576 tradit
261 4530 321 4591 pro
334 4510 493 4591 Ecclesia,
510 4530 571 4595 pro
586 4512 812 4591 tamiliarinos,
828 4530 911 4593 quos
926 4515 994 4596 ipse
1013 4515 1046 4577 in
1057 4513 1119 4579 ide
1134 4513 1258 4595 senuit,
