3375 5567
423 762 530 826 denuo
549 779 584 824 se
604 760 872 825 contaminassent
879 783 892 842 3
916 768 991 826 tuuc
1013 769 1172 844 perpetuo
1192 761 1234 825 alr
1255 761 1389 826 ccclesia
1408 761 1520 826 ideata

422 862 566 927 ildelium
580 863 742 926 consortio
753 872 786 925 et
799 863 950 944 precibus
965 863 1146 945 divinisque
1161 865 1322 947 mysteriis
1335 863 1523 927 arcebantur

424 964 467 1025 ita
489 972 526 1026 ut
545 981 723 1042 numquam
743 982 820 1028 cum
840 963 905 1028 illis
925 967 1106 1028 convenire¹
1120 973 1260 1045 possent,
1282 966 1408 1029 etiamsi
1423 966 1524 1044 poent-

423 1063 533 1128 tudine
554 1065 642 1130 ducti
662 1083 798 1128 suorum
820 1066 1026 1130 delictorum.
1050 1065 1091 1129 Et
1110 1065 1196 1130 istud
1219 1085 1278 1145 pro
1302 1075 1379 1130 tunc
1398 1075 1525 1129 externa

425 1164 588 1230 Ecclesiae
616 1167 782 1246 disciplina
810 1185 887 1245 erpa
918 1177 1104 1248 peccatores
1124 1169 1157 1231 iu
1185 1167 1374 1249 hujusmodi
1403 1177 1527 1248 peccata

424 1269 614 1349 prolapsos:
643 1270 724 1348 qoiu
747 1277 852 1332 tameu
876 1271 959 1350 ipsi,
983 1272 1014 1334 in
1042 1279 1106 1334 tam
1128 1287 1322 1350 aerumnosa
1354 1271 1530 1334 conditione

424 1365 657 1448 resipiscentes,
679 1370 719 1433 de
739 1370 847 1435 diviua
869 1371 1079 1451 desperarent
1100 1371 1335 1510 misericordia,
1363 1389 1449 1453 quae
1466 1371 1531 1434 nult

423 1488 527 1535 omnes
547 1469 684 1534 nomines
704 1473 810 1534 soloos
830 1470 913 1553 ficri.

509 1570 596 1635 Huic
616 1590 716 1651 porro
742 1575 1000 1653 interpretationi
1027 1499 1338 1649 accommodantur,
1365 1592 1452 1656 quae
1471 1575 1531 1652 lpse

426 1675 565 1740 Humilia
588 1676 628 1738 ll.
650 1674 687 1736 irs
708 1672 840 1738 Librum
861 1672 1062 1740 dudecano
1077 1675 1107 1741 5
1130 1678 1243 1740 scribit
1263 1697 1306 1740 ea
1331 1677 1440 1740 verbis
1462 1694 1531 1756 apo

421 1779 544 1842 stolicis
564 1778 605 1840 ad
626 1777 831 1842 Corinthios:
854 1777 976 1842 tradidi
992 1777 1172 1860 hujusmodi
1184 1778 1338 1842 hominem
1353 1791 1486 1842 setuaae
1502 1777 1533 1838 ιἰι

420 1880 585 1946 interitum
604 1877 726 1955 corum,
747 1890 782 1941 ut
798 1878 934 1960 spiritur
951 1881 1149 1960 rolons'fiut:
1165 1903 1182 1942 ιι
1200 1880 1294 1946 Vides
1308 1899 1404 1962 erqo,
1420 1881 1529 1962 iuquit,

423 1985 501 2066 quia
521 2001 585 2046 uon
604 1982 713 2046 solum
734 2000 793 2062 per
815 1983 981 2062 apostolos
1001 2002 1077 2048 suos
1100 1981 1186 2048 Heus
1203 1984 1333 2047 tradidit
1349 1983 1534 2064 deliuquen-

424 2095 471 2150 tes
491 2086 523 2148 in
544 2103 656 2148 manns
677 2085 896 2158 inimicorum,
918 2086 972 2148 sed
988 2094 1022 2148 et
1037 2103 1096 2164 per
1110 2104 1178 2158 eos,
1191 2087 1247 2166 qui
1264 2084 1433 2151 Ecclesiae
1448 2101 1532 2166 prae·

422 2189 539 2264 sident,
554 2197 586 2251 et
601 2193 791 2267 potestatem
807 2187 926 2249 habeut
940 2204 1002 2250 uou
1017 2189 1123 2250 solum
1139 2187 1300 2264 solvendi,
1318 2189 1376 2252 sed
1393 2197 1426 2251 et
1439 2187 1533 2266 liqua-

423 2289 468 2364 di,
491 2290 666 2353 traduntur
687 2297 872 2368 peccatores
897 2287 929 2352 iu
950 2290 1117 2351 interitum
1139 2291 1256 2364 caruis,
1279 2308 1437 2371 cumpro
1458 2287 1530 2350 deli·

423 2392 483 2456 ctis
503 2394 570 2454 suis
589 2409 607 2452 a
629 2389 748 2455 Christi
770 2407 910 2470 corporo
929 2401 1135 2470 separantur.
1159 2389 1212 2464 Et,
1230 2401 1269 2455 ut
1289 2392 1369 2453 milri
1394 2389 1528 2462 ridetur,

423 2493 599 2575 dupliciter
618 2493 715 2556 etiam
728 2510 815 2555 nuuc
827 2491 1002 2556 traduntur
1026 2493 1170 2555 domines
1184 2493 1224 2554 de
1240 2490 1387 2556 Ecclesia
1403 2493 1437 2555 in
1451 2501 1532 2572 pote·

422 2603 538 2659 statem
560 2592 696 2658 zabuli:
721 2612 787 2657 uuo
808 2595 924 2668 modo,
947 2611 1015 2673 quo
1035 2595 1187 2674 superius
1207 2595 1365 2668 diximus,
1390 2612 1464 2658 cum
1484 2593 1532 2656 da·

421 2696 535 2760 lictum
556 2695 628 2777 ejus
649 2694 853 2757 mauilastum
882 2693 918 2756 llt
941 2692 1126 2772 Ecclesiae;
1150 2701 1183 2757 et
1203 2712 1262 2775 per
1288 2695 1477 2758 sacerdotes
1494 2692 1530 2756 de

422 2796 568 2864 Ecclesia
590 2797 737 2878 pellitur,
759 2806 796 2859 ut
821 2804 949 2860 notatus
971 2795 1011 2858 ab
1033 2796 1194 2872 omuibus,
1210 2796 1398 2870 erubescat,
1415 2805 1447 2860 et
1461 2813 1529 2858 cou-

426 2917 519 2962 rerso
540 2901 668 2961 eveniat
688 2897 757 2969 illi,
778 2897 866 2978 quod
887 2898 1058 2977 sequitur,
1084 2906 1120 2959 ut
1139 2895 1274 2977 spiritua
1294 2896 1409 2960 solues
1427 2896 1483 2978 fiat
1500 2894 1531 2958 ιἰι

422 3001 473 3064 die
494 2997 623 3062 Βιιιιιιιι
643 2997 747 3061 nostri
766 2996 840 3062 Jcau
866 2996 996 3062 Christi.
1020 3017 1038 3058 ι

501 3099 581 3164 ltem
602 3103 633 3163 in
654 3099 760 3181 Caput
781 3097 898 3166 xxiii.
920 3098 950 3166 l.
981 3098 1165 3164 Hieremiae
1196 3101 1363 3182 praelatos
1387 3097 1529 3181 Apostoli

421 3219 533 3266 sensus
553 3201 756 3276 discurrens,
778 3219 944 3281 uunquam
965 3213 1182 3283 apeccatore,
1201 3205 1350 3284 quamvis
1371 3204 1415 3265 ala
1434 3200 1529 3266 ecole-

419 3305 466 3366 sia
488 3303 602 3384 pulsus
622 3303 675 3373 sit,
699 3303 840 3382 praecidi
862 3304 908 3364 ait
927 3303 1042 3366 salutis
1063 3319 1174 3384 spemr
1192 3325 1209 3363 ιι
1224 3301 1310 3370 Sciat
1326 3312 1451 3378 autem,
1467 3301 1529 3382 qui·

423 3423 564 3485 cumque
584 3403 626 3464 alr
644 3401 849 3467 Hierusalem
869 3404 1013 3484 ejicitur,
1035 3423 1082 3480 se,
1099 3406 1159 3468 uisi
1181 3406 1375 3484 competenti
1391 3413 1527 3484 tempore

420 3516 515 3571 satra
539 3503 738 3579 Ecclesiam,
760 3523 846 3584 quae
866 3507 987 3586 agenda
1008 3515 1103 3580 suut,
1128 3506 1246 3583 lactat,
1269 3507 1301 3568 iu
1327 3504 1525 3569 Hierusalem

422 3627 486 3671 uon
507 3607 700 3671 rediturum.
724 3605 863 3687 Hjicitur
886 3625 985 3683 vero,
1008 3609 1064 3689 qui
1087 3617 1220 3688 peceat,
1243 3608 1320 3672 licet
1339 3608 1381 3671 alr
1402 3604 1527 3672 homini·

423 3712 484 3774 laus
503 3727 566 3771 uou
587 3707 748 3789 ejiciatur.
770 3709 910 3789 Oportet
929 3720 1039 3774 autem
1060 3712 1188 3790 ipsum,
1210 3711 1288 3773 dum
1309 3719 1404 3772 extra
1425 3707 1524 3786 degit·

422 3828 553 3885 curare,
576 3818 613 3874 ut
633 3810 765 3873 domum
785 3810 946 3887 aedificet,
964 3811 1141 3891 hortosque
1162 3810 1296 3890 plantet:
1314 3827 1413 3889 quae,
1427 3809 1452 3871 si
1467 3823 1522 3868 uou

423 3913 558 3986 lecerit,
579 3930 685 3992 oeque
704 3911 921 3995 symbolicum
943 3928 1115 3975 numerum
1144 3911 1347 3991 septuaginta
1374 3923 1521 3973 aneorum

421 4014 645 4095 compleverit,
666 4015 724 4095 qui
744 4015 784 4076 ad
805 4012 976 4077 sabbatum
1000 4015 1210 4093 quietemque
1231 4019 1377 4092 spectat,
1400 4027 1458 4073 nou
1479 4025 1522 4068 re

424 4116 506 4179 dibit
518 4117 818 4180 communicaturus
831 4111 995 4176 Ecclesiae
1009 4113 1063 4176 sed
1077 4113 1308 4176 condemnatus
1321 4121 1358 4174 ut
1368 4119 1457 4174 extra
1470 4105 1523 4170 Hc·

423 4217 553 4281 clesiam
567 4214 678 4295 degatr
694 4235 711 4272 ι
728 4213 843 4278 Haleis
863 4214 1014 4287 deduces,
1029 4213 1202 4293 Origenem
1227 4231 1290 4276 nou
1315 4212 1521 4275 considerasse

423 4325 454 4382 lu
477 4317 574 4383 Libro
590 4315 633 4378 ue
654 4313 824 4390 Οιιιιιιιιιι,
848 4316 1083 4380 absolutionem
1104 4314 1278 4378 cbristiano
1299 4310 1518 4393 denegandam.

419 4422 476 4502 qui
505 4419 770 4491 tornicatiouem,
786 4416 998 4491 adulterium,
1023 4415 1240 4479 idololatriam
1262 4424 1433 4495 ceteraque
1449 4408 1518 4472 laci·

423 4541 501 4587 nora
516 4521 694 4585 admisisset
711 4530 782 4599 post
797 4520 1014 4600 baptismum:
1031 4527 1064 4584 et
1078 4519 1152 4582 laiac
1170 4517 1289 4594 rideas,
1304 4536 1369 4598 qua
1392 4520 1514 4579 meataa
