3375 5567
415 661 430 732 l
455 666 475 731 d

416 660 579 850 egmpoti,
601 772 825 851 superuenisse
857 773 910 836 six
931 772 1129 837 credendum
1151 781 1208 838 est.
1232 771 1384 840 Ceterum
1404 783 1505 855 quantu

411 870 489 951 jure
511 870 697 951 hujusmodi
717 873 887 952 antiloglas
905 873 937 934 in
960 873 1100 937 themate
1116 875 1156 936 de
1177 871 1334 937 Trinitate
1345 874 1508 938 sustulisset

415 969 576 1047 llnilinns,
598 976 719 1054 quippe
740 974 1012 1054 interpolatorum
1035 993 1268 1055 perversorum
1293 974 1447 1049 laborem,
1467 975 1507 1037 ul·

419 1075 520 1138 terius
540 1073 693 1154 patefiet,
717 1076 851 1140 testibus
878 1076 1029 1140 adbibitls
1051 1076 1215 1153 Patribus,
1238 1077 1294 1158 qui
1317 1077 1415 1157 ipsios
1438 1077 1510 1138 testi·

418 1175 523 1237 monia
545 1174 585 1238 de
600 1176 797 1240 divinissimo
809 1178 872 1240 boa
888 1177 1043 1257 mysterio
1063 1179 1207 1241 nitarunt
1224 1179 1254 1240 in
1271 1177 1447 1240 haereticos
1459 1175 1511 1238 dis·

417 1281 576 1353 putantes.
596 1273 710 1355 quue
730 1279 830 1358 magis
851 1277 937 1358 quod
954 1276 1102 1341 llulliuus
1123 1278 1258 1342 snbdats
1275 1275 1446 1358 quidquam
1463 1273 1513 1336 rili

416 1374 574 1440 uideretur
593 1374 759 1442 dissonum
778 1379 820 1440 ab
841 1389 1046 1460 argumento,
1063 1388 1226 1455 mutasse,
1251 1399 1310 1444 sen
1334 1379 1443 1461 eliqua
1458 1393 1514 1438 cer·

419 1478 458 1543 bc
485 1478 649 1543 incautius
668 1480 780 1559 posite
803 1479 896 1559 Quae
926 1483 1056 1562 quidem
1087 1499 1149 1546 nnn
1173 1482 1314 1546 indicant
1341 1481 1396 1546 eai
1421 1497 1514 1543 omnes

420 1581 634 1660 blaspbemias
654 1592 688 1644 et
707 1583 848 1646 absurda
871 1586 902 1646 in
925 1583 1067 1664 Epistola
1090 1585 1128 1647 ad
1153 1583 1308 1657 Auitum,
1330 1591 1364 1647 et
1385 1598 1516 1663 praescr·

421 1683 476 1746 tim
498 1685 530 1745 in
553 1682 681 1747 Litteris
693 1682 859 1769 synodicis
880 1695 912 1748 et
928 1684 1140 1750 Pasebalibus
1151 1683 1322 1766 l'benpbili
1338 1686 1435 1759 lecta,
1450 1701 1518 1765 qno-

422 1802 496 1847 rum
517 1795 635 1847 auctor
659 1788 789 1864 praeter
819 1785 986 1865 omacius
1011 1785 1046 1848 tlt
1068 1787 1245 1865 Origenes,
1273 1803 1311 1848 ac
1338 1785 1436 1852 simul
1458 1783 1518 1846 ideo

420 1887 594 1965 impiorum
615 1884 802 1965 dogmatum
831 1886 990 1950 adsertor.
1017 1883 1156 1962 Quando
1184 1887 1214 1948 in
1242 1887 1304 1951 hac
1332 1887 1518 1967 impietatum

421 1999 513 2051 strue
538 1989 645 2067 potius
670 1987 791 2068 perlida
823 1990 1011 2054 occultator
1045 2006 1158 2053 manns
1180 1989 1350 2070 cujusdam
1380 1985 1519 2050 baeretici

325 2073 330 2082 ’
421 2088 601 2152 catholicae
628 2089 755 2152 veritati
781 2089 916 2170 inlensi3
932 2099 963 2154 et
988 2109 1103 2154 corum
1129 2091 1341 2172 peculiariter
1364 2091 1434 2172 qui,
1458 2105 1520 2152 eum

421 2192 530 2255 adbuc
552 2192 650 2254 vitam
670 2191 825 2270 degeret,
848 2193 975 2271 experti
1005 2203 1081 2257 sunt
1103 2191 1221 2267 iidem,
1248 2193 1476 2267 constantiam,
1495 2197 1522 2251 ct

423 2302 692 2372 argumentorum
709 2295 791 2367 vim,
811 2291 1006 2372 quibuscum
1028 2311 1083 2357 ens
1105 2292 1298 2358 debellaritc
1315 2311 1360 2356 cx
1378 2291 1416 2356 iis
1436 2290 1522 2362 torte,

423 2413 506 2475 qnos
528 2392 667 2458 llomilia
689 2392 788 2456 xxv.
803 2393 839 2457 io
859 2393 976 2458 Lucam
997 2397 1216 2476 redarguens:
1231 2394 1325 2459 aaut
1349 2413 1427 2458 nero
1446 2402 1524 2466 sont,

423 2499 481 2573 ait,
497 2497 554 2577 qui
570 2503 727 2560 tractatus
748 2505 877 2562 nostros
897 2497 1143 2575 calumniantes,
1158 2515 1195 2561 ea
1215 2498 1334 2562 sentire
1352 2515 1409 2561 nos
1426 2494 1522 2558 crimi-

302 2653 306 2661 .
425 2606 566 2673 uantur,
593 2615 678 2679 quae
702 2615 881 2679 numquam
902 2601 1036 2663 sensisse
1066 2618 1122 2662 tros
1144 2601 1303 2664 norimus.
1323 2617 1342 2658 a
1364 2599 1466 2662 Porro
1490 2595 1524 2656 tle

426 2701 587 2764 creaturis
610 2702 832 2779 rationalibus,
849 2701 903 2764 ubi
919 2699 1067 2766 Rudinus
1083 2709 1208 2766 textum
1230 2719 1384 2782 graecum
1405 2715 1526 2781 prorsas

424 2810 558 2866 secutus
574 2810 637 2877 est,
651 2805 730 2880 quin
751 2803 874 2882 aliquid
890 2802 1093 2864 demutaret:
1110 2811 1141 2864 et
1157 2803 1323 2882 inquibus
1344 2800 1470 2882 pateliet
1488 2797 1527 2860 ni·

427 2903 473 2968 bil
488 2907 590 2968 inesse
605 2905 753 2978 nonium,
770 2902 855 2965 unde
876 2902 1030 2983 culpetur
1043 2899 1212 2985 Origenes,
1226 2906 1256 2968 in
1278 2905 1384 2986 capite
1403 2917 1525 2982 sequen

430 3007 452 3069 ti
474 3006 611 3069 dicetur.

506 3105 689 3170 Novissimo
710 3106 812 3170 relate
833 3107 873 3168 ad
895 3127 947 3178 ea,
970 3127 1054 3188 quae
1075 3109 1156 3171 dixit
1177 3125 1214 3170 ac
1236 3104 1312 3169 lecit
1339 3103 1480 3168 Rudinus
1500 3103 1526 3163 in

427 3209 477 3273 bis
498 3210 589 3272 libris
620 3208 870 3284 transterendis,
896 3228 934 3274 ac
964 3208 1001 3270 iis
1030 3209 1195 3289 speciatim
1218 3207 1345 3270 divinae
1375 3201 1527 3267 Trinitatis

428 3318 656 3390 argumentum
677 3311 908 3389 spectantibus,
923 3316 956 3372 ot
978 3309 1031 3372 ubi
1053 3311 1099 3372 ait
1119 3328 1154 3372 sc
1180 3308 1334 3372 monella
1356 3303 1528 3370 emendasse

428 3413 589 3475 incautius
610 3413 726 3490 posita3
746 3429 805 3473 seu
827 3427 913 3490 quae
933 3410 1058 3472 dissona
1081 3409 1123 3472 ab
1138 3411 1286 3488 Origenis
1308 3410 1468 3490 proposito
1479 3421 1529 3483 ap

428 3513 609 3592 parebant;
631 3512 789 3574 neminem
811 3512 910 3575 lateat
926 3513 1123 3591 quaestionis
1140 3511 1237 3590 buius
1258 3519 1464 3582 momentum,
1476 3508 1528 3568 bn·

430 3629 543 3676 manae
562 3611 693 3692 quidem
715 3621 880 3690 praestans
901 3613 1142 3691 intelligentiam
1165 3611 1271 3690 qualis
1283 3627 1361 3674 saue
1380 3619 1427 3674 est
1443 3607 1527 3690 nojm

430 3715 575 3799 mysterii
597 3722 765 3776 tractatus.
791 3713 824 3775 lu
845 3731 913 3794 qno
934 3713 1041 3793 quivis
1063 3711 1296 3776 accuratissimi
1318 3729 1356 3772 ac
1377 3711 1529 3774 subtilissi-

431 3818 474 3878 mi
496 3815 612 3893 ingenii
634 3815 834 3878 laboresant
854 3812 1139 3878 incunabulorum
1163 3831 1237 3887 usu,
1253 3819 1313 3876 aut
1333 3813 1364 3874 in
1388 3807 1527 3876 sermonis

431 3916 553 3990 studio,
570 3924 627 3979 ant
648 3919 680 3978 in
698 3917 860 3997 cuiusque
882 3916 1008 3995 generis
1028 3915 1275 3979 similitudinum
1298 3909 1528 3993 investigationi·

431 4019 503 4091 bns,
526 4021 633 4080 minua
653 4031 834 4098 semperne
857 4018 993 4095 babent;
1016 4037 1074 4081 nec
1097 4033 1238 4097 unquam
1261 4023 1482 4095 assequentur,
1502 4013 1532 4071 nt

432 4119 514 4183 illud
536 4117 764 4182 convenienter
783 4119 926 4199 satisque
948 4119 1133 4199 explanent.
1158 4115 1299 4180 llumani
1326 4118 1408 4180 enim
1434 4127 1532 4177 conec·

433 4230 509 4301 ptus
531 4221 610 4282 illuc
631 4227 802 4300 penetrare
817 4221 904 4283 band
930 4221 1048 4295 valent,
1074 4239 1132 4283 nec
1146 4217 1340 4296 intelligere,
1363 4233 1464 4295 neque
1483 4211 1535 4272 bu·

433 4322 488 4405 jus
509 4321 613 4405 abyssi
636 4322 913 4402 comprehendere
934 4323 1199 4386 immensitatem:
1226 4337 1285 4381 nec
1307 4318 1380 4380 ideo
1401 4327 1534 4379 sermone

434 4434 509 4504 apte
525 4423 707 4486 describere
721 4424 848 4486 uicinae
863 4425 1018 4488 essentiae
1033 4422 1285 4502 simplicitatem,
1301 4419 1396 4483 sicuti
1412 4436 1465 4480 oen
1481 4423 1536 4474 tres

437 4523 593 4588 Personas
616 4524 647 4584 in
665 4541 727 4587 una
750 4534 865 4587 natura
887 4527 1010 4604 pariter
1023 4523 1160 4604 simplici
1182 4529 1216 4586 ot
1236 4523 1425 4600 incorporea
1440 4513 1536 4576 distin·

439 4633 520 4698 ctas,
542 4641 647 4703 noque
668 4623 829 4705 cuiusque
851 4629 984 4690 seorsim
1008 4624 1183 4705 explanare
1204 4621 1416 4702 operationes.
