3375 5567
175 811 211 872 iii
228 810 317 890 igitur
335 816 448 872 contra
473 808 643 885 rationem,
667 808 749 871 uiitii
771 813 886 871 contra
900 806 1040 889 seipsum
1062 808 1192 873 edicere
1210 828 1266 890 po·

173 920 229 971 test.
250 930 266 967 a
288 909 408 972 inieras
429 909 505 971 iude
537 925 641 989 quare
662 908 877 971 Adamantius
900 914 965 972 tarn
994 906 1132 972 sollicite
1154 910 1194 973 de
1215 929 1267 974 re-

171 1014 349 1074 surreetione
364 1012 471 1073 carnis
484 1011 600 1091 egerit,
616 1028 654 1074 ea
670 1010 853 1090 disquirens
865 1020 1069 1089 argumenta,
1084 1019 1119 1074 ui
1133 1028 1274 1101 omnem·

170 1115 202 1175 ai
215 1114 402 1175 adversariis
429 1111 618 1176 secluderet
639 1113 758 1176 nedum
780 1111 941 1191 negandi,
964 1130 1077 1177 rerum
1105 1114 1202 1176 etiam
1224 1112 1264 1176 da

171 1234 197 1276 ea
222 1214 383 1278 dubitandi
408 1214 490 1275 siam
503 1233 514 1291 ;
537 1232 612 1276 cum
637 1214 699 1277 anit
727 1213 785 1276 iila
808 1214 888 1293 iguis
917 1211 1134 1276 consumentis
1159 1213 1264 1293 ligura

170 1314 254 1378 θιιιιιι
274 1323 534 1394 repraesentaret
557 1314 772 1378 resolventem
795 1318 827 1378 in
850 1315 1051 1377 humanitate
1073 1322 1182 1377 nostra
1198 1316 1264 1394 pia-

170 1417 261 1479 rainm
284 1416 327 1479 oit
342 1424 612 1496 protoparentum
635 1417 766 1496 cuipam
788 1422 1003 1479 contractum.
1028 1414 1123 1491 Quod
1144 1415 1268 1496 perspi-

169 1537 217 1581 me
230 1517 412 1581 lactantius
429 1517 473 1579 lie
493 1516 562 1580 Vite
576 1517 677 1583 Beato
696 1538 725 1581 c.
743 1516 813 1581 vil.
831 1515 882 1583 ut.
906 1527 1069 1597 utsupra,
1085 1516 1264 1587 deciamrit

170 1622 308 1699 inquiens:
331 1642 351 1679 ιι
372 1618 416 1682 lit
437 1627 543 1682 tamen
564 1638 627 1682 unu
647 1621 710 1681 erit
724 1638 802 1683 earo
824 1619 899 1692 iiia,
922 1636 1020 1697 quem
1043 1615 1130 1682 iieus
1145 1617 1265 1679 homiui

169 1720 369 1800 superjecerit
388 1720 465 1781 ituic
487 1728 635 1781 terrenae
658 1720 792 1795 similis,
814 1720 869 1782 sed
900 1718 1101 1790 insolubilis,
1123 1734 1160 1779 ac
1191 1734 1266 1797 per·

168 1822 334 1883 maurusia
356 1830 551 1891 aeteruum,
572 1830 609 1883 ut
627 1821 778 1885 sufficere
799 1821 900 1901 possit
919 1820 1120 1883 cruciatibus
1148 1828 1180 1880 ei
1202 1817 1265 1896 igni

168 1922 361 2002 sempiterno.
377 1941 395 1977 n
416 1918 460 1984 Et
479 1938 519 1982 en
544 1920 740 1984 adamussim
763 1920 1029 2001 regenerationis,
1051 1921 1119 1981 aire
1140 1927 1265 1981 restau-

170 2022 287 2084 rationis
306 2039 464 2101 seopum,
486 2038 585 2101 quem
606 2022 823 2085 intenderunt·
833 2021 1012 2102 Origenes,
1034 2012 1070 2085 et'
1087 2018 1265 2099 Gregorius

170 2119 334 2206 Nyssenus.

238 2222 354 2304 itaque
376 2243 415 2287 ne
437 2225 577 2290 ulterius
598 2227 630 2289 in
651 2226 713 2290 hoc
727 2233 955 2307 argumentum
977 2227 1138 2306 progressi
1152 2225 1271 2289 limites

166 2331 260 2386 certos
280 2326 587 2404 praetervehamnr,
608 2328 686 2390 satis
717 2327 807 2402 liant,
830 2344 916 2407 quae
938 2327 978 2389 de
1006 2327 1199 2390 universalis
1220 2344 1269 2389 re-

165 2426 367 2503 generationis
387 2428 577 2489 necessitate
597 2444 657 2506 pet·
676 2428 865 2510 hujusmodi
889 2429 1007 2509 ignem,
1031 2428 1186 2493 malitiam
1213 2444 1268 2490 na-

164 2534 249 2588 turae
269 2528 431 2590 humanae
451 2537 714 2604 consumentem,
737 2531 911 2610 nucusque
933 2530 1056 2594 ostendi
1068 2549 1080 2609 3
1102 2530 1155 2592 cui
1179 2546 1268 2609 rege.-

165 2626 334 2701 aerationi‚
356 2644 446 2701 cum,
467 2626 594 2691 nemine
614 2638 776 2708 excepto,
799 2631 944 2693 homiues
971 2629 1134 2711 cuiusque
1155 2627 1269 2692 aetatis

164 2728 249 2806 proni
263 2727 463 2808 repandique
476 2729 666 2811 subjiciendi
680 2732 755 2807 sint,
777 2730 1011 2804 conciudatur,
1025 2730 1105 2793 niiaii
1126 2729 1269 2810 dogmati

162 2829 288 2893 allicere
307 2829 348 2893 de
370 2832 561 2895 aeternitate
582 2850 774 2912 poenarum,
795 2850 893 2913 quae,
912 2840 1036 2897 veteres
1056 2840 1089 2895 et
1110 2832 1269 2895 recentio-

163 2952 210 2995 res
229 2932 378 3013 Origenis
397 2934 499 2995 libros
520 2933 616 2996 aliter
637 2934 856 3015 interpretati,
878 2952 1135 3015 praesumpsere.

235 3033 467 3099 Verumtamen
488 3038 550 3100 iaec
572 3037 687 3100 ultimo
706 3037 781 3101 loco
800 3057 863 3102 nou
880 3038 937 3099 abs
959 3056 995 3100 re
1017 3037 1092 3112 erit,
1108 3038 1134 3100 ai
1150 3038 1268 3101 hucus-

161 3154 224 3215 que
241 3154 381 3216 expensa
400 3138 441 3199 de
462 3140 714 3217 regenerationis
731 3158 841 3215 aenan,
858 3140 1045 3202 necessitate
1067 3147 1098 3201 et
1113 3148 1270 3217 tempore,

161 3234 294 3313 taturi,
316 3236 512 3302 Tertulliani
532 3249 565 3301 et
577 3239 752 3304 Cienteutis
770 3239 982 3303 Alexandrini
1003 3241 1168 3320 speciatim
1186 3240 1272 3301 testi·

161 3342 264 3401 aronio
284 3339 529 3402 adauxerimua.
548 3338 699 3414 Quorum
720 3342 913 3414 sententiae,
927 3358 1001 3403 cum
1023 3356 1203 3421 poenarum
1218 3356 1270 3405 ae·

161 3443 300 3505 teruitati
325 3442 496 3521 perspicue
514 3442 749 3523 suffragentur,
772 3444 953 3525 quaestioni
976 3452 1107 3505 nostrae
1132 3440 1272 3520 amplius

161 3552 305 3619 prosunt;
328 3545 372 3602 ita
396 3548 434 3604 ui
452 3544 565 3621 siquae
586 3544 673 3622 apud
694 3542 868 3624 Origenem
882 3554 914 3606 et
935 3541 1117 3628 Nysaeuum
1130 3543 1268 3607 obscura

162 3644 224 3705 sire
245 3643 346 3705 dubia
369 3643 552 3718 videantur,
574 3664 616 3707 ex
639 3646 688 3708 iris
709 3648 809 3725 magis
820 3645 990 3725 explanari
1012 3654 1042 3706 et
1067 3652 1184 3707 mutuo
1209 3643 1273 3705 iui-

162 3746 216 3822 giri
236 3756 370 3826 queant.
394 3744 548 3810 latienus
569 3749 602 3808 in
621 3746 779 3810 Oratione
807 3755 920 3810 contro
943 3744 1101 3821 Graecos,
1125 3762 1272 3807 resuere

161 3848 273 3909 ationis
303 3849 419 3928 dogma
440 3848 613 3912 adstruens
642 3850 827 3929 etquidem
856 3850 952 3912 aliter
983 3866 1082 3928 quam
1114 3853 1271 3927 putarunt

162 3949 267 4021 stoici,
282 3950 313 4008 in
328 3949 390 4011 dne
402 3949 502 4029 hujus
522 3950 626 4013 seculi
644 3960 781 4025 tantum,
793 3950 872 4013 dicit
888 3950 1018 4012 humani
1039 3948 1185 4027 corporis
1202 3946 1272 4009 deri

160 4048 322 4119 manaem
340 4060 374 4112 et
392 4046 662 4122 ἀιιοκαταστᾶσιν
685 4051 947 4115 constitutionem
977 4058 1010 4112 et
1036 4048 1272 4111 restitutionem

163 4152 407 4233 inpristinum‚
432 4170 584 4232 quaeque
614 4168 691 4212 saue
715 4149 878 4229 judicium
903 4148 1111 4212 notissimum
1135 4162 1270 4225 praeve-

163 4256 257 4314 nient.
276 4252 397 4317 Seriitit
416 4254 501 4316 enim
523 4271 554 4315 u.
576 4250 615 4317 iis
639 4272 656 4310 ιι
680 4249 903 4327 Quamobrem
924 4266 1101 4330 corporum
1126 4264 1272 4312 resurre-

163 4356 297 4417 ctionem
321 4354 392 4416 iore
410 4353 574 4416 eredimus
596 4362 668 4433 post
688 4353 833 4415 omnium
859 4350 1190 4421 consummationem,
1208 4363 1271 4415 nou

163 4472 234 4517 sane
250 4463 287 4516 nt
306 4455 417 4517 stoicis
441 4452 560 4533 placet,
581 4452 761 4518 secundum
783 4452 942 4534 quosdam
955 4451 1087 4514 orbium
1109 4449 1190 4515 coeii
1207 4448 1268 4509 cir·

163 4558 279 4631 cuitus,
295 4555 409 4621 iisdem
428 4572 557 4637 semper
571 4554 669 4623 renna
689 4554 729 4619 ad
751 4555 880 4637 nullum
899 4554 1016 4618 utilem
1033 4550 1128 4615 inem
1142 4566 1272 4616 nascen
