3375 5567
433 792 582 847 struatur
600 800 642 848 ox
669 782 826 851 Tractatu
850 784 900 851 33.
932 802 963 847 n.
985 780 1036 851 70.
1063 783 1099 847 in
1120 782 1336 865 uestinum,
1358 792 1531 873 etquidem

432 902 475 946 ex
497 884 605 949 tlictis:
628 895 705 950 tunc
724 885 999 966 congregabuntur
1018 895 1091 949 nate
1117 906 1187 951 enat
1210 904 1314 953 omnes
1340 900 1462 971 penna,
1484 896 1533 958 nbi

432 985 474 1049 tle
492 985 635 1050 adventu
655 988 806 1067 loquitur
829 988 1003 1052 christiin
1029 990 1132 1067 gloria
1155 990 1329 1072 majestatis
1358 1012 1446 1058 snae.
1476 994 1533 1072 Qui

434 1086 565 1166 quidem
586 1088 805 1152 universalem
825 1097 985 1169 aequetur
1008 1092 1305 1168 resurrectionem,
1328 1094 1382 1157 ulti
1404 1096 1533 1159 humana

434 1195 551 1251 natura
574 1187 613 1249 atl
637 1206 734 1252 suurn
750 1191 943 1270 principium
959 1200 1153 1267 restaurata,
1177 1194 1208 1255 in
1230 1195 1355 1257 animae
1376 1204 1409 1259 et
1429 1216 1534 1277 corpo-

433 1288 478 1351 ris
496 1288 711 1369 integritatem
735 1290 896 1366 restitute,
914 1298 1014 1371 atque
1034 1292 1088 1355 ubi
1111 1300 1216 1356 morte
1230 1293 1408 1372 destructa,
1424 1298 1536 1359 malitia

434 1390 568 1463 attolite,
592 1399 724 1471 peccato
744 1392 776 1453 in
798 1409 896 1454 cerne
918 1392 1082 1473 dissipato,
1105 1403 1138 1457 et
1160 1395 1367 1458 tenebrarum
1389 1408 1537 1477 potestate

393 1511 398 1519 ·
434 1492 562 1571 penitus
582 1509 695 1555 eversa
706 1534 718 1565 ,
738 1492 806 1571 ipse
827 1491 921 1555 ‘solos
943 1492 1090 1557 Christus
1112 1494 1234 1575 ubique
1255 1495 1475 1575 triumphator
1494 1518 1538 1562 re-

436 1592 555 1672 gnabit.
577 1593 695 1659 Scribit
712 1593 821 1655 enim:
844 1614 863 1651 a
887 1592 1044 1658 Existimo
1066 1612 1144 1675 ergo
1164 1596 1317 1676 quoniam
1339 1598 1402 1661 erit
1422 1608 1538 1678 tempus

435 1694 592 1757 adventus
614 1694 744 1769 Christi,
767 1696 899 1774 quando
916 1704 1001 1757 tanta
1024 1696 1239 1771 maniiestatio
1254 1696 1365 1761 lutura
1387 1707 1437 1761 est
1455 1698 1539 1764 Clari·

436 1795 488 1872 sti,
511 1804 544 1858 et
565 1795 739 1859 divinitatis
760 1795 848 1876 ejus,
872 1804 908 1861 ui
938 1814 1001 1859 non
1020 1798 1128 1861 solnm
1151 1798 1261 1861 nullus
1279 1798 1466 1880 justornm,
1487 1800 1536 1864 sed

437 1912 497 1960 nec
511 1897 630 1977 aliquis
646 1904 855 1978 peccatorum
870 1900 996 1978 ignoret
1010 1894 1174 1961 Christum
1189 1898 1367 1962 secuudum
1383 1900 1470 1979 qnod
1485 1910 1539 1979 est3

387 1988 391 1994 ’
437 1998 567 2079 qnando
588 2007 621 2061 et
641 2007 827 2078 peccatores
847 2006 1043 2079 cognoscent
1063 2000 1095 2060 in
1117 2006 1291 2077 conspecto
1313 2018 1374 2063 sno
1395 2018 1454 2064 ana
1468 2000 1540 2063 tleli·

436 2107 487 2163 cta
500 2119 510 2177 3
533 2105 566 2161 et
583 2100 662 2181 jnsti
693 2102 862 2164 manifeste
886 2099 1040 2164 videbunt
1069 2102 1189 2163 semina
1209 2100 1354 2182 justitiae
1374 2119 1471 2177 ause,
1501 2101 1536 2161 etl

437 2200 567 2281 qualem
582 2218 639 2264 eos
654 2201 866 2280 pertinxerint
882 2200 987 2265 linem.
1005 2200 1047 2265 Et
1061 2203 1122 2266 hoc
1136 2201 1285 2284 estquod
1303 2201 1403 2265 dixit:
1419 2220 1539 2282 conpre-

434 2301 682 2383 patentes-esne
703 2320 772 2365 eum
791 2321 897 2365 omnen
915 2311 1026 2382 pentes.
1051 2299 1083 2364 Si
1105 2304 1188 2366 enim
1212 2303 1321 2379 modo,
1342 2303 1474 2383 qnando
1487 2320 1540 2364 uec

437 2419 548 2468 ornnes
561 2411 762 2483 cognoscunt
780 2402 947 2467 Christum
960 2403 1139 2467 secundnm
1151 2403 1239 2484 quod
1254 2410 1314 2479 eet,
1330 2420 1389 2465 nec
1407 2403 1478 2485 ipsi,
1490 2403 1539 2483 qui

435 2502 590 2567 vitientur
608 2519 816 2583 cognoscere,
830 2504 939 2584 palam
954 2521 1029 2567 eum
1050 2510 1262 2584 cognoscunt,
1277 2502 1332 2566 setl
1355 2505 1388 2567 in
1403 2503 1467 2567 fide
1481 2509 1541 2564 ιιιι-

441 2613 509 2669 ιιιιιι
523 2607 646 2669 intrant
665 2605 812 2669 homines
831 2607 864 2667 in
885 2613 1094 2686 conspectum
1106 2605 1190 2685 ejus,
1212 2604 1343 2685 quando
1354 2605 1540 2685 agnitionem

436 2706 509 2787 eins
528 2706 686 2788 accipient
706 2724 766 2787 per
785 2706 894 2782 fidem,
917 2708 1002 2771 sicut
1022 2707 1180 2787 scriptum
1201 2714 1261 2769 est:
1284 2704 1402 2769 intrate
1422 2706 1459 2767 ιἰι
1478 2722 1543 2767 con·

435 2816 542 2887 spectu
555 2808 623 2889 ejus
637 2806 674 2870 ιἰι
693 2804 908 2881 ιωιιὶιιιίοιιιι
923 2809 1155 2888 quantomagis
1169 2816 1258 2873 recte
1271 2807 1429 2871 dicuntur
1442 2826 1543 2873 omnes

437 2917 546 2988 gentes
560 2917 634 2972 ante
654 2928 730 2973 euna
745 2909 1003 2989 congregandae,
1025 2915 1058 2971 et
1071 2908 1328 2989 constituendam
1352 2910 1482 2989 qnando
1497 2926 1544 2989 pa·

439 3010 506 3074 lam
527 3011 676 3074 omnibns
700 3017 765 3073 tam
786 3010 880 3074 bouis
901 3018 965 3074 um
988 3011 1093 3085 malis,
1117 3018 1182 3073 tam
1198 3009 1347 3073 fidelibus
1367 3027 1467 3090 qnam
1482 3007 1544 3070 inii-

438 3110 565 3175 oettnns
588 3111 688 3175 luerit
709 3110 815 3175 iactus
837 3110 1038 3187 manilestns,
1060 3119 1134 3174 ante
1162 3110 1276 3175 oculos
1298 3112 1412 3173 mentis
1434 3126 1543 3173 eorum

436 3212 503 3293 iam
525 3231 588 3276 non
609 3211 683 3275 fidel
704 3218 762 3275 ani
783 3211 967 3293 diligentiae
986 3212 1127 3294 alicujus
1157 3212 1363 3292 inquisitione
1384 3219 1542 3293 repertus,

437 3312 493 3376 eetl
516 3314 616 3394 ipsius
636 3312 814 3375 divinitatis
842 3330 922 3376 snae
944 3313 1202 3377 manifestatione
1233 3312 1390 3392 prolatus.
1414 3331 1432 3369 a
1459 3309 1545 3388 Quae

439 3432 516 3478 sane
537 3422 613 3478 tnnc
636 3414 845 3477 numanitatis
866 3422 996 3477 nostrae
1016 3414 1158 3479 conditio
1181 3414 1220 3477 ia
1242 3414 1482 3476 resurrectione
1500 3428 1545 3472 as·

438 3524 608 3595 aequetur,
626 3515 756 3595 quando
776 3514 884 3576 divina
902 3515 1025 3579 virtute
1043 3500 1138 3594 'quasi
1155 3517 1226 3594 igne
1246 3514 1440 3590 devorante,
1453 3512 1545 3577 inerit

440 3618 473 3679 io
495 3617 624 3681 homine
638 3624 898 3680 consummatum
919 3616 1146 3680 malitiositatis
1161 3632 1309 3696 germen,
1325 3615 1470 3679 omnium
1484 3630 1545 3675 rna·

441 3718 551 3783 lorum
572 3736 681 3783 cansa.

519 3818 562 3882 Et
583 3824 615 3883 in
637 3822 699 3882 lenc
719 3821 860 3883 maxime
881 3820 1045 3883 laborarit
1065 3818 1234 3899 Origenes,
1255 3820 1370 3898 dogma
1392 3817 1432 3881 tle
1446 3834 1547 3880 ruar-

441 3921 585 3983 rectione
598 3938 776 4001 corporum
799 3938 1006 4003 propugnans
1022 3928 1134 3984 contra
1158 3920 1337 3983 haereticos
1348 3926 1382 3981 ot
1395 3917 1546 3980 iolitlelas:

442 4042 459 4081 a
475 4021 633 4102 liquidem
657 4018 755 4084 Libro
773 4018 811 4083 V.
836 4040 865 4085 c.
881 4020 932 4092 ll.
955 4022 1104 4087 couiulat
1116 4018 1247 4085 Celsum
1269 4019 1449 4083 dicentem:
1466 4014 1547 4080 aaut

442 4121 547 4187 ileum
568 4124 754 4203 negaverim
779 4123 905 4187 animae
928 4124 1026 4185 sitam
1049 4122 1161 4203 largiri
1184 4138 1276 4202 posse
1300 4120 1545 4200 sempiternam:

443 4226 603 4289 adurere
625 4234 755 4300 antean,
776 4226 883 4305 inquit
904 4223 1111 4299 Heraclitus,
1132 4216 1186 4286 'vel
1215 4222 1415 4286 stercoribus
1437 4221 1546 4285 viliora

440 4338 529 4392 snut.
550 4325 642 4393 Untle
652 4329 741 4390 carni
764 4328 803 4391 iis
816 4327 967 4391 sordibus
987 4327 1144 4399 reiertae,
1160 4342 1241 4405 quas
1255 4324 1424 4405 appellare
1439 4320 1546 4403 pudet,

444 4428 543 4491 vitans
564 4438 728 4491 aeternam
752 4436 864 4492 contra
887 4430 1047 4491 rationem
1079 4427 1235 4502 tribuere,
1259 4425 1346 4490 Deus
1366 4442 1425 4487 nec
1452 4422 1546 4491 volet,

443 4529 653 4608 nee-poterit.
676 4527 803 4593 Etenim
824 4538 873 4592 est
893 4528 960 4610 ipse
982 4528 1138 4604 omnium,
1161 4532 1354 4606 quaesunt,
1377 4524 1483 4600 ratio;
1504 4520 1547 4581 ni·
