3375 5567
182 748 309 817 rnna
323 754 485 835 inseripti,
497 754 596 819 verba
613 756 845 837 interpretatus
859 752 971 819 melior
982 762 1028 818 ert
1041 773 1109 819 ene
1121 753 1202 820 loru
1215 776 1290 821 eum

179 853 392 936 resipiscentia
416 858 457 920 ad
480 858 710 937 poenitentiam
733 859 889 938 agendum
909 874 1007 939 queat
1026 866 1093 921 tete
1110 856 1180 921 ritu
1197 877 1292 925 men·

179 955 215 1016 di
230 956 347 1037 futuri,
367 960 446 1037 qnia
468 960 574 1039 inquit
593 960 625 1021 in
644 959 765 1023 mundo
787 959 902 1023 tuturo
916 976 975 1021 nee
994 961 1210 1039 poenitentiae
1229 977 1291 1023 nee

181 1056 266 1121 bonis
283 1060 442 1138 operibus
462 1060 557 1122 loeus
576 1068 646 1123 est:
670 1060 747 1139 quia
767 1060 910 1125 mundns
931 1059 1066 1123 lntnrns
1088 1067 1213 1124 uotum
1234 1060 1289 1123 de·

178 1160 311 1222 stinatns
332 1168 384 1223 est
404 1161 586 1223 mercedem
607 1160 839 1241 accipientibus
855 1178 915 1239 pro
933 1179 974 1223 eo
995 1160 1083 1239 quod
1100 1159 1237 1223 iecerint
1256 1163 1289 1223 in

179 1258 237 1323 boe
254 1261 387 1323 mundo.
406 1259 477 1323 line
489 1261 573 1324 idem
588 1260 683 1325 donet
698 1257 1135 1340 ltaimoatdeszavropterea
1149 1261 1289 1341 requiri·

182 1367 234 1420 tar
248 1369 282 1421 nt
296 1361 397 1423 bomo
410 1360 443 1421 in
462 1361 524 1423 boe
539 1359 727 1423 brevissimo
744 1360 897 1440 temporis
912 1367 1076 1423 momento
1089 1358 1287 1440 diligentiam
1336 1380 1341 1387 ’

178 1460 348 1539 adbibea13
371 1472 404 1525 et
433 1471 532 1525 totam
553 1479 644 1525 suam
670 1463 768 1525 vitam
789 1464 823 1523 in
854 1464 1028 1527 virtutibus
1057 1463 1288 1543 conquirendis

177 1561 337 1639 impendet
358 1580 418 1643 per
439 1563 525 1625 eiam
547 1562 675 1637 bonam,
697 1563 773 1641 qnia
797 1563 950 1626 damnum
972 1562 1062 1626 illius
1081 1561 1193 1642 ingens
1216 1571 1288 1637 est,

178 1678 250 1723 enm
272 1661 403 1725 nullum
426 1662 606 1741 exungitari
629 1664 730 1742 possit
742 1663 935 1728 remedium.
950 1683 968 1721 a
985 1661 1027 1727 lit
1040 1663 1121 1725 baeu
1133 1664 1291 1728 saliebant

179 1780 219 1823 ea
238 1758 407 1843 Sgnagnga
431 1764 599 1843 desumpta
623 1765 815 1828 testimonia.

256 1862 353 1938 Quod
377 1872 489 1927 antem
508 1867 586 1927 satis
607 1865 741 1929 interest
762 1881 822 1944 pro
844 1866 1048 1943 quaestione,
1073 1867 1160 1929 eirea
1182 1865 1293 1928 Plato·

179 1981 224 2025 nra
246 1965 390 2027 vertitur
408 1965 622 2042 sententiam
644 1965 765 2045 qnippe
794 1965 937 2044 dogmati
963 1963 1134 2029 Catbolieo
1160 1966 1291 2042 (neseio

180 2083 243 2144 qna
264 2063 410 2142 ratione)
432 2068 617 2129 contrarius
639 2065 841 2145 proindeque
854 2067 980 2129 erroris
994 2084 1091 2129 musa
1104 2069 1137 2129 in
1150 2066 1292 2145 Origene

181 2164 318 2227 erasisse
340 2164 442 2244 rnlgo
461 2166 681 2229 existimatur.
700 2165 1030 2231 Attamenlatendnm
1051 2172 1113 2243 eei,
1126 2166 1292 2241 eumdem,

179 2282 250 2327 enm
270 2266 313 2329 de
332 2266 461 2329 animae
482 2266 728 2329 immortalitate
749 2266 856 2347 deque
872 2268 936 2329 rita
953 2267 1066 2331 lutura
1081 2267 1294 2347 postobitnnr

181 2364 327 2439 disserat,
345 2366 577 2431 vetustissimas
591 2368 736 2447 gentium
758 2374 1002 2447 perscrutatum
1018 2367 1220 2442 traditiones,
1240 2367 1295 2431 lu·

182 2464 400 2529 ealmtnsime
420 2474 455 2529 et
473 2469 600 2529 animae
621 2466 923 2543 immortalitatem,
944 2483 984 2531 ae
1003 2468 1215 2547 sempiternas
1234 2466 1295 2531 inr-

185 2566 311 2643 pioruut
336 2584 456 2645 poenas
486 2566 656 2640 docuisse,
679 2583 717 2627 an
738 2566 871 2645 insuper
896 2569 1015 2647 scripta
1044 2584 1104 2629 sua
1131 2584 1171 2627 ea
1198 2584 1296 2646 saepe

184 2666 369 2744 inspersisse
389 2666 549 2745 opinione.
571 2663 611 2728 Et
632 2665 712 2727 baeo
732 2665 1296 2747 eatqueobstasnn1‚qniejnsdem

183 2762 288 2845 Opera
312 2765 365 2828 rel
385 2765 503 2829 leviter
533 2773 718 2846 percurrat.
746 2762 782 2825 ln
804 2763 977 2829 l'baedone
1006 2766 1136 2829 scribit:
1161 2786 1178 2825 a
1198 2762 1296 2842 Quod

182 2868 207 2930 si
227 2876 365 2945 propter
385 2874 593 2946 pennatorum
617 2865 871 2945 magnitudinem
901 2866 1094 2929 insanabiles
1116 2884 1187 2929 esse
1213 2865 1300 2927 vide·

183 2976 296 3041 antur,
319 2969 514 3047 perpetratis
535 2975 594 3030 ant
613 2966 791 3045 sacrilegiis
813 2966 927 3030 multis
945 2975 979 3030 et
999 2970 1144 3046 magnis,
1165 2985 1205 3029 ae
1226 2983 1298 3029 ene·

183 3068 277 3131 dibns
298 3068 428 3149 injustis
448 3074 481 3131 et
501 3068 684 3147 exlegibus,
706 3076 765 3132 ant
786 3067 984 3131 iecinoribus
1004 3067 1193 3149 hujusmodi
1210 3084 1299 3129 eom·

186 3170 299 3241 musis,
316 3169 375 3233 bos
386 3176 599 3233 censentanea
615 3186 687 3233 sors
699 3166 829 3249 projicit
849 3169 884 3229 ln
901 3176 1073 3244 tartarum,
1091 3168 1177 3233 nude
1191 3161 1302 3235 inem
1379 3167 1383 3176 '

183 3270 398 3349 egrediuntur
425 3286 602 3349 nunquam.
626 3289 643 3327 s
666 3266 747 3333 ltent
778 3269 810 3331 in
832 3266 983 3332 drioebo
1012 3270 1079 3331 aits
1103 3288 1121 3329 s
1146 3266 1299 3344 Quorum

187 3370 249 3431 vita
271 3386 332 3448 per
352 3368 479 3432 seelera
502 3369 652 3432 traducta
674 3375 775 3439 esset,
798 3367 873 3431 illos
894 3367 1017 3448 raptari
1038 3385 1057 3430 a
1079 3367 1172 3431 furiis
1193 3366 1234 3429 ad
1261 3363 1303 3429 Ε·

187 3468 300 3532 rebnm
321 3478 354 3531 et
375 3465 483 3533 Cbaos
504 3486 562 3550 per
591 3478 726 3532 tartara.
755 3466 828 3530 illie
851 3468 1028 3547 impiorum
1055 3476 1089 3531 et
1116 3465 1302 3547 prodigatu-

188 3587 260 3632 rnm
281 3570 391 3633 aedem
412 3588 482 3633 esse
502 3570 715 3645 destinatam,
733 3616 741 3631 .
760 3614 770 3631 .
788 3614 796 3631 .
814 3569 858 3630 ibi
876 3588 933 3633 eos
948 3568 1095 3633 ferarum
1116 3569 1242 3632 laniatu
1267 3575 1303 3630 et

188 3670 268 3749 ignis
288 3669 425 3735 llammie
444 3672 605 3752 supplicio
624 3670 756 3735 allectos
776 3666 903 3750 ἀϊδίοις
922 3671 1125 3749 sempiternis
1144 3670 1254 3750 poenis
1268 3678 1301 3733 et

82 3774 83 3781 ’
188 3772 388 3837 eruciatibus
410 3774 534 3835 venari.
551 3791 567 3829 a
593 3769 627 3835 ln
641 3771 761 3851 Gorgia
778 3790 881 3851 prope
895 3770 991 3833 tinem
1006 3777 1137 3850 peeeata
1152 3787 1238 3849 qnae
1251 3786 1301 3831 sa·

192 3872 306 3935 nabilia
322 3872 415 3947 dicit,
430 3880 498 3937 tum
513 3874 566 3936 bie
581 3882 650 3935 tum
666 3874 697 3935 in
717 3872 821 3935 ultera
839 3873 904 3934 rita
920 3888 980 3951 per
991 3870 1208 3951 expiationem
1230 3868 1300 3932 fleri

192 3971 336 4048 ebullis,
357 3990 444 4052 qnae
465 3972 652 4035 insanabilia
674 3979 762 4048 sunt,
785 3972 965 4051 distinguit,
983 3970 1121 4049 ideoque
1143 3978 1303 4049 perpetuo

194 4073 388 4136 mulctanda:
412 4094 429 4131 a
451 4070 493 4135 lli
516 4073 689 4145 videlieet,
709 4074 765 4153 qui
787 4092 830 4135 ex
851 4073 917 4134 illis
936 4070 1106 4152 suppliciis
1129 4068 1302 4131 utilitatem

195 4176 338 4253 sapiunt,
362 4182 396 4237 et
417 4174 476 4237 diis
497 4182 531 4238 et
551 4175 735 4238 bominibus
755 4174 832 4237 dant
854 4190 986 4254 poenas,
1007 4172 1155 4244 bisunt,
1178 4170 1234 4250 qni
1255 4185 1306 4231 sa·

194 4275 305 4337 nabilis
326 4284 462 4357 pennata
483 4276 727 4339 enmmisernnb
746 4275 822 4355 ipsis
841 4281 952 4338 antem
970 4271 1216 4336 edoloribnset
1228 4286 1306 4333 ern·

194 4374 324 4439 eiatibns
347 4384 419 4441 tuna
442 4375 494 4441 bie
515 4383 584 4439 tum
605 4375 693 4456 apud
715 4375 836 4438 interos
857 4374 983 4439 utilitas
1004 4373 1114 4437 existit
1141 4381 1193 4434 eto
1195 4412 1304 4431 .....

196 4470 244 4541 Er
265 4476 328 4541 illis
350 4484 477 4553 autem,
493 4476 549 4557 qui
565 4483 734 4543 extremae
749 4474 922 4557 cniusdam
936 4472 1114 4555 iniustitiae
1127 4469 1307 4537 sceleribus
