3375 5567
156 805 186 849 ss
202 786 253 858 iis.
272 802 355 866 oure
373 791 486 852 eontra
507 787 638 854 Celsum
658 786 796 864 dirsrit,
816 789 956 850 animam
976 785 1099 850 seiiiost
1118 802 1138 848 a
1159 802 1233 850 oor·

154 905 216 966 pore
232 886 361 952 divisam
375 888 416 952 sd
436 889 545 954 oedem
558 906 737 971 corporum
752 888 924 970 puriorum
944 887 1090 963 evolare,
1112 886 1168 950 bie
1182 903 1233 950 ro·

150 985 211 1050 iisia
227 1003 331 1054 enno
350 1005 508 1070 corpore,
529 991 624 1070 qussi
643 1002 744 1072 trous
763 987 929 1068 quoddam
949 985 1097 1067 eorporis
1124 993 1233 1050 uris·

150 1095 189 1152 ret
203 1085 350 1168 brianus
362 1093 488 1154 suimus
502 1090 664 1165 rationali,
686 1089 861 1170 distisuust
877 1096 983 1152 tameo
1004 1087 1045 1150 rb
1065 1105 1119 1162 so,
1140 1086 1229 1168 quod

150 1203 216 1252 mos
233 1191 394 1268 nomos,
415 1191 617 1273 oramusque
644 1189 899 1272 eomorsbeudas
918 1187 1083 1270 quomodo
1106 1188 1233 1267 ossius

149 1283 298 1378 deditam
318 1296 544 1371 incorpoream
567 1292 694 1356 roravit
714 1292 864 1354 ammam.

210 1389 266 1454 Sed
286 1391 327 1454 de
342 1394 489 1470 eorporis
509 1391 637 1457 subtilis
656 1391 803 1466 uotious,
818 1400 856 1453 ot
876 1391 992 1454 meiius
1006 1389 1159 1453 Auctoris
1174 1405 1231 1451 oo·

147 1488 294 1554 bisseusus
315 1497 448 1570 pateat,
463 1499 592 1571 praesto
612 1503 710 1568 suut,
726 1509 811 1575 quse
832 1492 864 1554 in
886 1488 1090 1555 Praelatiooe
1105 1487 1235 1553 Periur-

144 1587 207 1654 Μ
223 1605 253 1653 a.
271 1587 304 1654 8.
324 1589 357 1658 it
379 1593 515 1656 uotrvit.
537 1592 586 1655 ibi
603 1593 811 1672 armonedo
827 1591 972 1680 betam
991 1590 1109 1664 aalma,
1125 1601 1235 1654 aeus

146 1690 206 1754 tsrir
224 1691 432 1758 rationalibus
452 1695 638 1756 summatim
658 1707 773 1772 ageas,
795 1691 1009 1756 differentiam
1029 1691 1145 1754 staioit
1163 1703 1235 1752 eor·

144 1790 215 1866 soris
230 1794 328 1858 enisi
349 1800 383 1854 et
405 1792 552 1866 risibilis,
568 1793 609 1854 ab
630 1811 684 1866 eo,
705 1792 794 1872 quod
814 1811 856 1856 su
878 1791 1040 1856 oommaui
1057 1798 1134 1854 tuoe
1156 1797 1234 1854 tem·

145 1892 216 1968 poris
239 1893 390 1970 ooioioue
409 1893 579 1961 diosboror
605 1891 726 1958 subtile
745 1875 903 1956 ao'teuue
931 1892 1016 1954 sieut
1036 1907 1115 1953 aar:
1137 1887 1233 1952 oieb

145 1989 192 2053 ise
209 2010 227 2054 s
245 1993 439 2072 quibusdam
460 1993 492 2055 id
516 1980 938 2072 vorabaturismporsrtm.
962 1989 1083 2054 Deinde
1105 1989 1136 2051 iu
1151 2005 1184 2052 e.
1209 1987 1232 2050 1.

144 2087 215 2156 liirt
228 2091 254 2155 i.
272 2111 304 2156 ι.
324 2093 537 2174 beautron,
560 2093 646 2157 onds
667 2093 739 2157 tuiis
759 2091 920 2156 derivavit
940 2089 1086 2171 eorporis
1107 2087 1235 2152 subtilis

142 2208 270 2258 rrrssso
299 2194 536 2276 discrepantis,
557 2201 590 2256 et
615 2196 683 2259 siir
707 2215 724 2253 s
752 2191 815 2258 Ssd
835 2200 870 2256 st
889 2193 960 2268 bis,
983 2193 1039 2273 qui
1068 2208 1127 2270 per
1148 2189 1233 2260 boo.

140 2292 210 2369 qood
230 2293 354 2359 dietum
373 2301 436 2370 esi,
455 2295 609 2374 quostiam
628 2290 711 2356 mm
732 2290 866 2372 spirituo
887 2300 945 2366 ert,
959 2307 1081 2370 eorpus
1101 2307 1169 2352 esse
1184 2305 1236 2350 ar·

142 2386 282 2458 idmtur
303 2392 423 2471 Deum,
445 2396 508 2459 boo
521 2394 619 2458 modo
632 2411 694 2474 ego
710 2394 855 2457 arbitror
874 2413 943 2455 esse
966 2389 1233 2472 respondendum.

141 2486 330 2556 mastalo
351 2499 402 2556 esi
421 2491 613 2572 Scriptum
631 2501 773 2569 noctae,
795 2511 871 2556 eum
891 2491 1014 2572 aliquid
1035 2488 1236 2555 eontrarium

141 2592 253 2668 eoruori
282 2593 364 2658 boio
381 2594 535 2658 crassiori
553 2602 587 2657 et
606 2592 751 2658 solidiori
779 2592 947 2674 designare
973 2591 1065 2666 ruli,
1084 2590 1234 2669 spiritum

141 2693 301 2769 mmiosre,
321 2693 410 2758 siout
427 2692 516 2757 dicit:
536 2693 644 2758 litters
663 2689 937 2773 desidie-spiritus
957 2699 1064 2756 autem
1081 2685 1234 2768 mrim.

140 2787 243 2872 loquo
260 2795 332 2858 sios
353 2793 453 2857 dubio
473 2811 532 2872 per
544 2793 689 2860 litteram
708 2795 894 2874 corporalia
911 2793 1080 2874 siguificat,
1102 2789 1235 2871 perspi·

139 2888 219 2956 ritum
233 2892 482 2970 intellectualia
495 2909 583 2972 queo
602 2903 636 2958 et
647 2894 830 2974 spiritualia
845 2893 993 2958 dicimus.
1009 2911 1028 2952 a
1049 2888 1138 2954 Uotis
1156 2890 1236 2954 boor

140 2990 245 3068 Mem,
265 2993 328 3057 sisi
349 3011 424 3056 eom
438 2993 479 3055 de
492 2991 563 3059 beo
575 2995 758 3086 loquimur,
777 3011 905 3059 samma
918 2991 1098 3058 differentia
1119 2989 1234 3054 cousti-

141 3091 240 3155 {moda
258 3097 317 3168 sit,
338 3101 480 3156 attamen
501 3097 714 3176 proportione
733 3095 874 3178 quadam
893 3096 1018 3158 animas
1039 3097 1167 3156 nostrae
1186 3089 1234 3154 io·

138 3190 212 3266 dtas
228 3195 298 3258 sive
328 3194 480 3258 rationaii
501 3197 584 3274 (aut
604 3215 694 3262 meos
715 3203 774 3260 sut
799 3196 934 3276 spiritus
955 3193 1107 3269 dicatur)
1128 3191 1234 3272 aptari

140 3301 340 3372 montoso
357 3297 540 3359 eommunis
560 3297 790 3377 intelligentiae
810 3315 872 3361 usu
881 3318 894 3376 ;
917 3297 1020 3360 veluti
1040 3302 1073 3358 et
1097 3291 1233 3375 ipse·0·

139 3389 245 3468 rigensi
264 3396 352 3474 egit,
375 3397 524 3473 quamvis
544 3397 603 3459 sibi
625 3414 817 3478 persuasam
840 3397 945 3472 iuret,
968 3396 1054 3459 bunc
1083 3394 1234 3474 spiritam

137 3497 214 3554 suisa
233 3511 479 3575 quamcumque
492 3499 639 3577 eorporis
659 3497 763 3560 ideam
782 3497 1049 3560 considerandum
1064 3504 1105 3580 et¹
1117 3493 1234 3556 boban-

138 3585 199 3654 dou
219 3609 298 3658 esso.
323 3591 366 3659 Et
385 3595 429 3658 ob
449 3596 511 3659 boe
532 3596 563 3658 ia
581 3596 732 3677 oraeiato
753 3613 781 3660 e.
805 3597 829 3660 i.
852 3593 941 3660 Libri
964 3594 988 3658 i.
1012 3612 1042 3660 u.
1058 3593 1089 3658 t.
1112 3593 1231 3674 siebatr

138 3684 280 3754 «Verum
301 3692 434 3773 qualem
456 3695 600 3759 colorem
622 3697 736 3760 meotis
752 3696 931 3762 seeundum
954 3697 1015 3760 boo
1035 3695 1122 3774 qood
1145 3705 1233 3758 meos

137 3794 191 3864 iti,
209 3800 242 3855 et
260 3793 511 3873 intelligibiliter
531 3806 706 3872 moretur,
726 3796 912 3862 desuribsre
932 3796 1007 3876 quis
1025 3801 1155 3877 posset,
1176 3800 1234 3858 aut

138 3882 247 3966 iibere,
268 3910 335 3958 uon
357 3895 462 3958 rideo.
485 3914 503 3952 i

201 3986 287 4056 {iseo
310 3994 490 4072 praelibata
513 3996 611 4062 modo
630 3997 791 4061 sufficiant
813 3998 854 4062 ds
876 3997 1017 4076 generali
1035 3998 1161 4060 animae
1175 3995 1234 4060 bo·

138 4101 233 4153 uuas
251 4092 396 4167 uotioue,
419 4093 460 4156 ab
486 4093 629 4176 Orisseue
648 4098 806 4178 exposita.
832 4096 925 4177 Opus
945 4094 1059 4162 deiude
1086 4102 1233 4159 nostrum

138 4189 308 4265 tutelari,
331 4207 416 4270 quae
436 4192 593 4260 adsersus
614 4213 691 4264 eum
711 4195 784 4261 ideo
804 4197 1012 4261 oooeiunatao
1031 4200 1118 4267 suot,
1134 4209 1234 4270 opoe-

137 4285 249 4360 sitiones
268 4295 329 4354 sot
353 4290 602 4368 stimulorum,
625 4314 683 4360 seo
706 4295 960 4370 malevolorum,
982 4295 1051 4360 sire
1071 4291 1232 4358 librorum

137 4399 256 4452 narum
278 4390 470 4456 iaisaterom
491 4395 599 4459 studio
615 4393 723 4474 (uode
737 4394 886 4475 talassos
901 4394 1004 4461 bouso
1025 4391 1099 4456 fidei
1119 4390 1180 4456 viri
1194 4389 1232 4454 ii·

136 4478 188 4553 issi
204 4486 381 4557 duetorem
405 4495 642 4574 reprobarunt)
664 4503 818 4565 recursio
839 4495 1043 4576 brertigare.

247 4686 310 4750 Voi.
334 4687 380 4753 11.
1074 4691 1115 4760 16
