3375 5567
169 845 201 911 te
217 844 303 911 torio
324 843 423 927 puisi,
444 842 479 904 iu
499 841 605 922 ignom
627 838 766 921 nonieott
785 845 874 916 aunt,
893 836 963 920 qni,
982 844 1020 901 ut
1039 837 1085 901 eit
1103 836 1266 916 Christus,

165 956 283 1026 porum
309 954 355 1006 ert
375 943 501 1007 dioioto
528 952 558 1004 et
585 940 708 1022 nopotis
729 941 807 1024 einr.
838 939 1050 1023 Quapropter
1073 925 1273 1023 etamplius

167 1046 262 1112 nitunt
282 1044 483 1126 Gregorium
505 1043 634 1106 minimo
654 1046 686 1107 in
699 1044 796 1106 oitrtr
818 1060 837 1105 r
861 1041 995 1106 Petusio
1010 1045 1162 1124 perieope
1181 1053 1215 1106 et
1231 1042 1272 1105 rb

168 1148 237 1223 attis,
256 1149 310 1228 qui
333 1148 400 1210 tate
423 1145 569 1229 Nyssono
590 1144 783 1226 objiciebant
804 1152 966 1219 erratum,
988 1144 1119 1207 minime
1139 1146 1272 1225 inquam

167 1250 198 1312 ie
210 1250 401 1313 doemonum
413 1249 522 1313 sainte
533 1246 776 1328 pronunciasse,
790 1262 850 1309 nec
865 1244 1130 1329 animadvertisse
1142 1246 1274 1326 quidem

168 1350 319 1429 protutor.

231 1450 286 1515 His
306 1451 396 1515 oiror
421 1449 519 1513 verbu
541 1451 718 1530 apostoliea
740 1468 759 1514 a
780 1447 865 1512 Divo
886 1448 1054 1528 expositis,
1076 1448 1116 1510 ad
1147 1452 1272 1529 proeci-

167 1570 247 1631 puanr
268 1553 497 1633 quaestionem
514 1552 669 1615 tectorem
686 1558 831 1625 revocat,
848 1568 913 1629 qna
928 1550 1109 1625 dicebatur,
1122 1550 1202 1613 nihii
1216 1553 1276 1614 irn-

167 1655 272 1734 petire
287 1657 468 1736 quominus
481 1654 522 1717 sit
540 1653 791 1717 communicatio
806 1654 966 1733 quaedam
981 1653 1136 1733 simplicis
1149 1664 1182 1716 et
1195 1655 1276 1716 invi·

167 1756 251 1819 sititis
277 1758 410 1819 animae
432 1774 507 1817 enm
536 1754 715 1817 substantia
737 1772 845 1817 orasse
876 1762 910 1816 et
930 1772 1111 1835 eorporea;
1134 1755 1274 1836 ideoque

168 1858 250 1918 etsir
280 1874 427 1936 corpore
448 1855 552 1919 enimn
584 1862 723 1929 secreta,
746 1856 892 1917 eamdent
913 1854 1081 1921 elementis
1109 1860 1276 1938 corporeis

169 1958 260 2021 aitrus
274 1958 382 2022 inesse
394 1975 454 2038 per
474 1956 637 2037 quoddam
655 1960 960 2037 contemperationis
974 1976 1084 2037 penus.
1103 1956 1275 2035 Quocirca,

167 2060 270 2135 subiit,
291 2078 385 2123 roem
412 2056 547 2138 eoeperit
565 2058 622 2120 orei
651 2054 853 2140 infernorum
874 2058 998 2121 nomine
1017 2059 1111 2121 tutem
1137 2059 1278 2142 inteiiipi

168 2161 394 2224 niteremur
416 2159 534 2233 locum,
556 2159 633 2222 lieet
656 2159 758 2223 veluti
779 2177 928 2224 seorsum
949 2162 1175 2239 coustitutum,
1195 2164 1278 2229 desi-

170 2263 246 2338 pnrri
267 2271 376 2325 umen
397 2278 443 2323 ex
464 2258 610 2341 praefato
632 2261 900 2341 interpretatione
914 2262 1116 2339 universum,
1137 2282 1178 2325 en
1199 2283 1277 2345 qno,

169 2360 400 2444 orennqnuan
412 2378 485 2423 nere
503 2361 605 2423 oriem
619 2370 777 2424 terrorum
797 2360 1003 2442 circumfuso,
1020 2366 1114 2430 odio
1123 2366 1279 2448 ejoepm

168 2463 198 2523 ri
219 2462 298 2526 neris
318 2462 478 2544 amplexu
497 2462 587 2525 endo
608 2481 647 2525 oe
666 2481 771 2527 oneun
792 2463 1055 2543 demetenditun
1079 2468 1122 2531 itu
1145 2471 1278 2533 conotu-

169 2562 243 2641 iens,
258 2565 414 2646 Apostoli
430 2564 528 2628 oitata
551 2562 662 2641 verba,
677 2581 770 2642 suae,
785 2581 885 2646 quatu
896 2569 1025 2640 statuit,
1046 2570 1278 2637 sententiando

170 2666 338 2747 hujusmodi
352 2668 486 2731 animae
501 2682 577 2730 oum
593 2666 727 2730 motoria
743 2676 968 2747 postmortem
982 2673 1279 2752 contemperatione

171 2784 221 2831 ron
237 2770 420 2835 adversari.
