3375 5567
512 775 587 839 Pari
599 776 687 856 juro,
711 777 853 857 inspecta
870 773 968 839 Verbi
991 778 1021 839 iu
1034 792 1131 841 carne
1152 775 1395 857 dispensatione,
1409 795 1522 843 sumeu-

431 876 492 941 dae
512 886 587 941 suut
601 879 684 941 aliae
703 877 864 956 quaedam
881 877 1035 941 Auctoris
1056 878 1223 956 dictionem
1241 878 1358 957 quihus
1378 896 1466 959 saepe
1480 877 1526 941 ii·

363 1025 367 1042 .
429 978 511 1041 lium
533 988 710 1060 nuncupat,
734 981 816 1043 idest
829 997 892 1043 uon
915 986 1038 1043 tantum
1054 976 1270 1054 Medintcrern,
1292 987 1325 1041 et
1338 975 1526 1051 scenicum

428 1081 485 1143 sed
506 1088 538 1144 et
559 1079 837 1155 williermum,
860 1089 930 1143 eta
955 1079 1050 1144 Putre
1063 1080 1247 1158 recundurq
1268 1079 1464 1160 proindeque
1477 1098 1527 1143 uec

430 1180 504 1246 ideo
515 1182 583 1261 ipsc
595 1183 699 1248 veluti
710 1180 830 1247 Christi
841 1180 1000 1245 divinitati
1016 1182 1222 1246 adversarius
1238 1180 1416 1259 habendum
1429 1197 1529 1259 quam·

432 1282 481 1345 vis
501 1282 648 1347 nonnulli
669 1286 703 1345 et
724 1280 855 1361 quidem
876 1282 1038 1345 immerito
1060 1282 1100 1345 de
1121 1300 1160 1345 eo
1181 1281 1406 1345 existimarint.
1430 1278 1485 1343 Ex.
1505 1298 1530 1359 g.

430 1380 552 1462 legitur
571 1385 604 1446 iu
625 1381 725 1447 Libro
746 1382 788 1446 ll.
810 1383 967 1447 adversus
989 1381 1119 1449 Celsum
1135 1401 1165 1445 n.
1187 1379 1217 1447 9.
1241 1382 1296 1445 uhi
1317 1380 1470 1461 Origenes
1487 1379 1532 1460 ju·

430 1480 519 1545 dacis
538 1484 718 1563 exprobrat
738 1482 973 1560 infidelitatem,
997 1482 1084 1563 quod
1100 1482 1263 1547 Christum
1281 1480 1385 1568 Deum
1412 1498 1536 1561 negare·

431 1582 517 1643 riut:
534 1579 613 1645 «lta
632 1582 812 1647 secuudum
834 1599 892 1645 uos
913 1579 1057 1646 Verbum
1078 1580 1165 1645 Deus
1186 1589 1219 1645 et
1238 1578 1296 1643 Dei
1318 1583 1536 1645 universorum

432 1680 537 1745 Filius
558 1682 640 1747 dixit
661 1684 692 1746 in
712 1682 813 1747 Jesur
837 1701 897 1763 ego
918 1700 990 1747 sum
1015 1684 1078 1757 via,
1104 1685 1223 1747 veritas
1243 1688 1276 1745 ct
1298 1682 1364 1745 rita
1383 1727 1391 1744 .
1407 1726 1415 1743 .
1434 1726 1442 1743 .
1460 1727 1467 1741 .
1482 1679 1535 1741 lla·

431 1800 504 1847 mus
525 1784 626 1864 igitur
644 1784 772 1865 judaeis
793 1784 943 1859 crimini,
966 1784 1053 1864 quod
1072 1782 1185 1849 lesum
1206 1801 1270 1847 uon
1291 1782 1537 1851 existimaverint

433 1881 539 1948 Deum
553 1903 635 1958 csse,
651 1903 670 1948 a
691 1886 858 1965 prophetis
874 1887 1002 1965 saepius
1024 1884 1228 1949 testificatum
1250 1886 1465 1963 utimrgnsns
1478 1883 1537 1945 exi·

428 1990 565 2049 stentem
587 1986 761 2067 potentiam
775 1991 809 2048 et
823 1983 940 2062 Deum,
959 1986 1187 2050 universorum
1204 1982 1308 2047 Deum
1323 1990 1357 2047 et
1372 1984 1507 2048 Putrem.
1522 2000 1535 2037 s

431 2085 497 2149 Alii
520 2088 552 2149 iu
572 2086 622 2149 his
643 2085 750 2150 rerhis
777 2084 998 2149 universorum
1023 2095 1148 2165 putrem
1177 2104 1218 2149 cx
1241 2081 1369 2149 Codicis
1392 2084 1537 2146 varietata

429 2186 545 2250 additis
565 2180 651 2256 sard
673 2184 753 2264 τὸν,
775 2185 980 2267 interpretati
994 2193 1071 2249 sunt
1085 2184 1206 2249 Filium
1228 2182 1287 2251 Dei
1300 2181 1399 2247 Petri
1419 2180 1538 2265 inferio·

428 2305 517 2363 rem,
539 2288 592 2351 rel
612 2288 749 2351 secundo
767 2286 836 2349 loco
853 2284 1003 2366 positum.

509 2384 729 2453 Nihilominus
749 2387 1058 2467 quomodocumque
1077 2386 1118 2449 ibi
1140 2388 1283 2467 legatur,
1300 2393 1334 2450 et
1356 2387 1539 2466 interpretes

428 2505 467 2553 er
486 2486 584 2551 rerha
609 2488 843 2568 exposuerint,
866 2487 912 2550 nil
936 2488 1024 2552 ultra
1050 2486 1156 2551 soluit
1180 2487 1359 2568 Origenes,
1376 2487 1436 2550 nisi
1461 2481 1538 2565 qnod

426 2588 556 2669 saepius
575 2606 619 2651 ex
638 2586 816 2670 Scripturis
837 2594 906 2651 tum
930 2590 1049 2651 soteris
1071 2593 1140 2653 tum
1162 2590 1239 2651 nori
1260 2586 1406 2652 foederis
1429 2588 1537 2651 instau-

427 2689 514 2751 rarit
532 2688 572 2751 do
592 2688 724 2756 Christo
746 2687 830 2751 Filio
852 2686 924 2765 Dei,
947 2689 1004 2768 qui
1025 2689 1107 2753 adeo
1128 2708 1163 2753 sc
1186 2688 1273 2751 Patri
1297 2686 1485 2751 inferiorem
1500 2684 1539 2747 ia·

428 2788 494 2862 cit,
516 2796 554 2853 ut
583 2789 730 2870 ejusdem
751 2787 857 2853 Patris
889 2790 1075 2853 mandatum
1097 2808 1135 2853 ac
1166 2791 1368 2855 voluntatem
1392 2788 1538 2870 perficiat.

428 2886 536 2965 Quem
556 2888 629 2953 ideo
651 2890 747 2954 Pater
759 2888 923 2952 constituit
944 2890 1105 2954 haeredem
1119 2887 1340 2953 uniuersorum
1349 2908 1366 2962 ‚·
1388 2904 1540 2969 perquem

428 2990 504 3071 iecit
523 2999 552 3053 et
571 2990 690 3053 seculo:
713 3008 810 3071 quern
833 2992 919 3057 misit
938 2992 978 3073 iu⁸
1001 2994 1113 3057 muudi
1140 2992 1301 3055 salutem:
1328 2993 1388 3071 qui
1417 2998 1488 3054 orat
1506 2986 1540 3051 ad

426 3088 573 3166 Patrem,
590 3099 621 3153 et
643 3099 751 3154 cetera
775 3090 973 3170 hujusmodi.
997 3089 1125 3167 Quibus
1146 3093 1251 3171 palam
1274 3092 1417 3155 ostendit
1431 3088 1540 3153 Filium

429 3207 506 3253 curu
528 3189 625 3256 Patre
646 3200 762 3255 nutura
783 3192 915 3271 quidem
937 3209 1055 3267 unum,
1076 3210 1114 3255 ac
1136 3195 1235 3258 simul
1255 3193 1432 3257 abeodem
1455 3190 1541 3255 Patre

429 3292 642 3356 constitutum
658 3292 833 3357 voluntatis
847 3311 926 3358 suae
946 3294 1152 3373 ministrnm
1171 3294 1309 3375 ideoque
1324 3294 1389 3357 dici
1412 3292 1470 3357 lici
1491 3292 1541 3355 Pa·

426 3392 486 3453 tris
501 3390 729 3468 Sacerdotem,
746 3390 979 3467 Mediatorem,
996 3394 1205 3475 Ministrum3
1221 3404 1253 3459 et
1267 3396 1310 3459 oh
1325 3396 1391 3459 hoc
1411 3394 1542 3459 ministr⁴

429 3494 517 3557 rium
533 3495 564 3556 iu
578 3504 743 3574 assumpta
759 3512 880 3568 carue,
898 3496 987 3561 Petri
1003 3497 1197 3561 ‚interiorem
1213 3498 1397 3577 nuncupari
1416 3494 1441 3559 F
1445 3495 1540 3557 ilium:

425 3590 523 3655 Pater
543 3592 602 3670 qni
621 3592 709 3657 misit
734 3612 803 3672 ore,
824 3594 929 3675 major
947 3615 994 3659 rne
1017 3606 1084 3675 est,
1110 3599 1210 3663 veluti
1231 3600 1272 3661 eh
1293 3596 1443 3663 Ecclesia
1464 3594 1541 3659 caui·

427 3701 484 3755 tur
499 3693 530 3755 iu
544 3692 698 3777 symbolo
713 3695 789 3758 diro
810 3695 987 3760 Athanasio
1003 3698 1169 3778 inscripto:
1183 3697 1289 3761 minor
1308 3697 1412 3762 Putre
1423 3704 1542 3777 propter

421 3792 669 3883 'humanitatem
693 3792 883 3861 Necessario
898 3798 981 3861 euim
996 3816 1039 3861 cx
1053 3799 1114 3863 hac
1138 3799 1285 3863 missione
1299 3808 1432 3863 emanat
1446 3794 1541 3876 etqui

428 3896 539 3971 mittit,
555 3902 590 3959 et
608 3897 665 3975 qui
687 3897 827 3961 mittitur
836 3918 849 3976 3
865 3898 922 3977 qui
938 3898 1078 3974 mandat,
1095 3906 1127 3963 ot
1147 3900 1203 3977 qui
1227 3900 1378 3963 mandato
1400 3894 1543 3977 obsequi·

428 4005 503 4069 tur,
526 4014 586 4059 ceu
608 3996 693 4077 apud
716 3995 875 4061 ioannem
897 3998 996 4063 dicit:
1016 3999 1094 4081 qnia
1112 4019 1152 4062 ex
1171 4018 1219 4063 nre
1239 4000 1309 4080 ipso
1328 4018 1396 4061 non
1416 4017 1486 4062 surr
1504 3996 1543 4056 lc·

426 4094 676 4175 cntur;sedqui
697 4094 783 4159 misit
804 4115 851 4159 me
864 4096 974 4177 Pater,
989 4098 1055 4179 ipre
1069 4096 1148 4163 mihi
1168 4100 1355 4161 mondmum
1376 4094 1461 4159 dedit
1473 4090 1543 4177 quid

426 4195 530 4262 dicum
550 4206 580 4260 et
599 4195 678 4277 quid
698 4199 822 4279 loquor.

504 4296 652 4379 Denique
672 4301 698 4363 si
723 4299 880 4379 Origenes
901 4298 940 4363 de
961 4297 1081 4364 Christi
1103 4296 1200 4363 Verbi
1225 4296 1283 4361 Dei
1306 4295 1535 4375 dispensatione

426 4396 512 4461 iuter
529 4397 674 4463 homiues
694 4400 848 4475 locutus,
871 4400 947 4464 istus
969 4400 1072 4465 eidem
1093 4400 1257 4482 aptaverit
1288 4399 1537 4477 nuncupationes

427 4498 612 4578 etquidem
638 4499 736 4579 iuxta
758 4496 926 4579 Evangelii
955 4501 1165 4579 locutiones3
1188 4498 1316 4563 minime
1339 4504 1446 4561 tamen
1467 4493 1539 4557 inte
