3375 5567
419 634 481 709 tre

502 739 626 813 Verum
646 759 710 816 neu
729 760 825 809 nemo
845 742 1003 810 aduersus
1028 763 1085 810 uos
1106 760 1288 824 exurgens,
1310 740 1406 822 gratis
1429 737 1518 812 tueri

423 845 520 919 diuet,
532 841 768 929 Hieronymum
782 844 906 911 scilieet
917 843 1088 928 Diatognm
1103 845 1303 912 consuluisse
1314 842 1461 906 tumtum
1472 859 1520 920 po·

423 949 586 1026 tiusquam
605 946 769 1010 sincerum
789 944 940 1028 origenis
959 945 1051 1028 Opus
1060 967 1072 1025 3
1085 947 1154 1010 'nisi
1167 947 1375 1012 characteres
1391 944 1520 1022 interpo-

422 1049 551 1119 tationis
572 1048 791 1128 designentur,
812 1057 872 1114 aut
893 1051 925 1114 ni
952 1057 1047 1115 testes
1067 1048 1285 1123 uddneantur,
1308 1064 1419 1126 reapse
1435 1043 1522 1108 tatem

421 1151 557 1216 subiisse
576 1159 698 1216 sortem
721 1150 876 1216 Auctoris
897 1151 1145 1231 disputationem
1159 1169 1235 1214 oum
1257 1147 1400 1214 Candido
1427 1145 1525 1212 saiso·

425 1251 556 1314 tiniauo.
578 1248 665 1314 Huic
685 1249 905 1330 respondens,
931 1253 990 1316 etsi
1020 1269 1038 1316 e
1064 1251 1214 1333 pturtbus
1234 1253 1432 1331 argumentis
1456 1246 1526 1310 ssli-

425 1351 541 1431 disque
561 1353 662 1431 ipsius
691 1350 841 1432 origenis
872 1351 1150 1418 obtestationibus·
1169 1370 1230 1433 pro
1259 1367 1319 1416 sua
1339 1345 1527 1414 orthodoxia

426 1472 502 1535 erga
525 1453 599 1521 rue
621 1454 822 1517 divinitatem
850 1463 999 1535 putarem
1021 1455 1098 1518 satis
1118 1473 1136 1516 a
1160 1473 1210 1516 me
1232 1471 1301 1520 esse
1323 1451 1467 1519 tastum
1488 1457 1528 1510 ta·

425 1577 498 1624 men
519 1567 551 1620 et
572 1558 603 1621 in
626 1557 688 1622 boe
707 1573 769 1622 suo
788 1556 954 1637 obsequar
974 1555 1093 1622 studio.
1117 1554 1276 1636 Superius
1295 1563 1406 1620 notum
1429 1559 1475 1615 ast
1494 1549 1528 1616 dt

426 1659 569 1734 Litteris,
585 1677 666 1740 quas
687 1656 760 1721 ideo
781 1659 820 1719 ad
842 1659 963 1722 eminus
977 1658 1204 1723 alexandrinos
1222 1657 1319 1732 misit,
1336 1655 1529 1736 potissimum

426 1769 562 1842 questus
583 1760 622 1826 de
643 1761 965 1841 interpretationibus
986 1759 1090 1833 taleis,
1113 1761 1232 1840 quibus
1255 1774 1442 1822 sermonu-
1464 1771 1531 1818 suo

427 1881 501 1928 rum
524 1879 651 1929 sensura
673 1861 903 1925 adulterarunt
924 1860 1092 1940 nonnulli;
1107 1877 1145 1924 ae
1165 1861 1222 1926 ubi
1239 1860 1406 1941 speciatim
1421 1856 1531 1936 reperi·

380 1961 386 1970 '
428 1971 664 2044 torquentum
686 1962 724 2024 ad
749 1962 856 2028 bostes
877 1960 1015 2026 sufficiat
1037 1961 1250 2039 retettendos,
1272 1962 1328 2042 qui
1350 1978 1412 2041 pro
1442 1957 1532 2039 ipsius

427 2066 632 2133 damnatione
651 2063 859 2128 contendunt.

489 2167 524 2232 tn
546 2167 595 2231 bis
620 2184 697 2230 saun
719 2162 848 2229 Litteris
870 2165 985 2243 (sicuti
1014 2172 1046 2229 et
1069 2163 1222 2240 aliunde)
1245 2163 1375 2242 vestigia
1398 2160 1532 2242 praeuia·

429 2286 466 2332 ra
488 2268 733 2347 dignoscuntur,
760 2266 846 2328 unde
866 2266 1099 2345 suspicandum.
1117 2267 1171 2340 sit,
1198 2263 1370 2345 tttatogum
1391 2265 1423 2327 in
1444 2281 1531 2343 qnae·

427 2369 530 2431 stione
559 2383 673 2430 revers
698 2366 796 2430 inisse
827 2365 990 2431 intratum.
1014 2364 1067 2430 Ait
1090 2367 1197 2430 euim:
1221 2387 1238 2426 ιι
1268 2364 1407 2442 Quidam
1428 2374 1534 2430 auctor

429 2469 622 2540 haereseos,
648 2487 723 2533 enm
744 2468 807 2530 sub
835 2467 1015 2547 praesentia
1040 2466 1219 2532 multorum
1242 2466 1350 2530 babitu
1381 2467 1465 2530 inter
1483 2481 1533 2528 nos

431 2571 543 2635 inisset
563 2571 752 2650 disputatio,
774 2578 807 2632 et
828 2568 1002 2650 descriptam
1024 2570 1182 2649 accipiens
1203 2569 1244 2630 ab
1265 2569 1325 2643 bis,
1346 2569 1405 2648 qni
1425 2565 1534 2630 deseri·

430 2680 561 2752 pserunt
581 2671 736 2744 oudinum,
760 2687 844 2749 quae
869 2669 973 2732 uoluit
993 2669 1127 2742 addidit,
1151 2679 1182 2732 et
1204 2688 1288 2750 quae
1311 2670 1417 2733 rotnit
1435 2668 1535 2730 abatu-

301 2833 305 2840 ,
430 2773 467 2834 lit
473 2793 485 2852 3
507 2781 540 2836 et
553 2771 640 2850 quot
662 2771 692 2832 ei
710 2769 812 2832 visum
833 2778 894 2847 est,
911 2771 1120 2850 permutavit,
1143 2769 1376 2836 circumferens
1394 2779 1535 2849 uuquam

431 2894 473 2938 ex
495 2874 622 2941 nomine
643 2879 766 2944 nostro,
788 2871 959 2943 insultans,
976 2881 1008 2935 et
1022 2871 1191 2939 osteudens
1214 2889 1265 2946 ea,
1281 2889 1367 2951 qnae
1386 2872 1452 2952 ipse
1468 2885 1535 2933 eun·

430 2975 569 3054 scripsit.
602 2973 665 3036 Pro
686 2972 806 3052 quibus
834 2971 1032 3052 indignantes
1055 2971 1174 3034 tratres
1204 2981 1265 3036 eto.
1290 2991 1307 3030 e
1329 2971 1411 3038 Cum
1432 2963 1534 3036 uute'rn

433 3076 589 3156 adjecerit
608 3093 644 3138 se
665 3074 737 3141 ideo
762 3075 949 3138 convenisse
972 3074 1181 3151 falsatorem,
1203 3080 1235 3137 et
1256 3075 1342 3138 buno
1363 3073 1534 3137 contessum

432 3195 513 3254 esse,
534 3195 569 3240 se
591 3175 652 3238 boo
671 3173 796 3248 iecisse,
813 3181 851 3236 nt
872 3175 970 3254 magis
985 3174 1233 3254 disputationem
1251 3183 1396 3252 ornaret,
1414 3173 1536 3240 maein-

432 3278 501 3341 dit:
524 3299 541 3340 u
564 3274 647 3340 Nam
667 3277 751 3339 siout
772 3275 819 3334 itti
840 3275 1075 3352 (marcionitae)
1102 3276 1337 3340 subverterunt
1363 3274 1536 3354 Scriptura·

433 3392 509 3444 rum
532 3379 727 3443 veritatem:
750 3376 796 3438 sio
817 3383 850 3438 et
871 3376 942 3451 ista,
964 3376 1113 3453 sublatis,
1135 3395 1220 3457 quae
1250 3395 1325 3439 anea
1347 3376 1534 3448 dictasunt,

433 3483 475 3546 ob
495 3482 597 3546 nostri
617 3478 872 3543 criminationem
895 3477 1031 3542 inseruit
1044 3496 1128 3558 quae
1151 3478 1231 3542 tatsa
1245 3486 1331 3546 sunt.
1356 3477 1534 3556 alueoque,

434 3599 510 3646 oum
531 3599 573 3643 ex
599 3581 647 3643 bis
668 3586 792 3642 constet
812 3577 852 3641 de
874 3580 1076 3644 mutilatione
1098 3577 1236 3661 Dialogi,
1258 3601 1357 3664 quem
1387 3585 1451 3664 ipse
1469 3578 1537 3644 Ori·

435 3697 530 3760 genes
559 3679 671 3744 hebuit
691 3699 765 3744 unm
792 3679 936 3757 quodum
958 3680 1144 3757 haeretico,
1169 3684 1446 3750 verosimillimum
1472 3689 1535 3750 est,

434 3779 607 3859 Diaiognm
630 3779 815 3860 hujusmodi
836 3779 970 3842 iudicari
986 3789 1018 3842 et
1039 3781 1150 3845 baberi
1172 3783 1334 3860 eumdem,
1359 3786 1398 3848 de
1412 3801 1473 3864 que
1494 3780 1536 3844 lo·

434 3880 550 3961 quitur
570 3877 800 3960 Hieronymus,
823 3880 920 3960 impia
941 3880 1179 3961 continentem
1201 3903 1309 3963 eoque
1337 3887 1437 3969 magis
1455 3879 1535 3964 quud

436 3999 602 4061 uunquam
624 3982 667 4044 ita
695 3981 926 4060 blasphemerit
949 3981 1171 4046 Adamantius.
1194 3983 1321 4052 Centies
1341 3989 1426 4050 euim
1449 3986 1471 4048 is
1492 3980 1537 4046 Fi·

436 4083 517 4146 tium
537 4079 634 4172 λόγον
655 4073 734 4150 Θεὸν
762 4079 890 4144 Verbum
913 4079 1009 4144 Deum
1031 4084 1222 4158 nominavit,
1237 4091 1352 4152 natura
1374 4087 1495 4168 quidem
1510 4086 1539 4144 et

436 4200 500 4248 uon
528 4183 702 4263 adoptione
723 4180 843 4245 Filium
866 4183 1031 4248 consessus
1053 4194 1123 4258 est,
1145 4195 1179 4250 et
1202 4183 1319 4253 Filium
1341 4206 1358 4250 a
1383 4189 1472 4252 Patre
1496 4185 1538 4244 in·

432 4282 666 4362 separabilem
690 4289 849 4362 perpetuo
864 4285 1041 4348 excludens
1062 4304 1080 4347 a
1099 4284 1181 4350 Filio
1203 4295 1444 4368 temporaneam
1456 4301 1535 4352 orea-

437 4383 554 4447 tionem
560 4403 572 4462 3
590 4384 693 4462 ipsum
707 4401 725 4446 ι
747 4386 909 4448 creaturis
923 4386 1071 4450 omuibus
1091 4387 1159 4452 siae
1176 4391 1384 4454 terrestribus
1397 4393 1461 4454 sire
1474 4405 1538 4450 roe·

438 4482 574 4549 testibus
595 4503 785 4564 secerneus;
807 4493 906 4563 atque
927 4487 958 4552 in
980 4488 1105 4552 eunetis
1126 4507 1160 4552 se
1181 4488 1359 4560 doctrinae,
1373 4491 1537 4556 eatboticae
