3375 5567
438 800 525 854 rens,
540 782 666 862 inquit:
683 779 786 845 «lino
807 781 930 862 pariter
943 780 1076 856 iaciens,
1093 789 1125 845 et
1147 781 1266 861 gratias
1286 796 1380 861 agens
1401 781 1526 861 probis,

434 900 518 962 qnae
539 882 577 945 sle
601 882 724 946 Laruro
745 892 913 947 assecutus
934 883 1055 957 luerat,
1077 891 1110 945 ιι
1124 883 1384 947 circumstantem
1402 882 1457 945 sibi
1470 890 1530 945 tur·

437 984 509 1045 bam
531 983 734 1047 conlirmaus.
760 980 898 1046 Volebat
917 984 1001 1046 enirn
1025 981 1143 1058 lesus,
1167 994 1204 1047 nt
1225 985 1257 1047 bi
1277 982 1485 1057 admitterent,
1501 998 1532 1045 ss

437 1102 454 1145 a
478 1082 546 1147 lleo
568 1086 723 1160 missum,
746 1085 784 1147 ad
809 1085 891 1148 bano
914 1086 1011 1148 sitam
1032 1086 1210 1148 advenisse.
1232 1104 1250 1143 ι
1273 1078 1530 1147 bellassent.

435 1185 544 1247 addit:
568 1208 585 1245 ι
607 1184 751 1249 Lazarus
774 1203 853 1264 ergo
873 1188 902 1251 ei
928 1202 1029 1248 curae
1051 1186 1126 1259 luit,
1148 1185 1230 1248 idest
1249 1184 1392 1261 Christo,
1416 1192 1533 1265 propter

435 1290 697 1351 circumstantem
714 1288 865 1366 tnrbam3
889 1295 926 1349 ut
941 1287 1036 1351 multi
1055 1287 1266 1367 jodaeorum,
1282 1290 1339 1367 qni
1360 1288 1398 1349 ad
1412 1286 1532 1349 llarism

437 1398 603 1463 reuerent,
626 1392 748 1469 quique
772 1387 935 1465 viderunt,
959 1406 1044 1469 quae
1059 1388 1186 1453 lecisset
1205 1387 1315 1465 lesus,
1329 1389 1492 1452 crederent
1507 1388 1533 1448 in

435 1508 551 1570 rosum.
574 1510 590 1547 ι

514 1591 595 1656 Corn
618 1608 718 1672 porro
739 1592 817 1655 item
841 1591 998 1672 corripiat
1018 1610 1043 1655 ι.
1065 1592 1236 1673 episcopus
1256 1589 1442 1673 origenem,
1460 1587 1534 1671 qnod

437 1691 598 1756 Lazarum
613 1696 753 1757 amicum
771 1692 900 1757 Domini
915 1694 1132 1757 consideravit
1145 1695 1176 1756 in
1190 1696 1331 1774 peccetis
1349 1693 1534 1757 laborantem

433 1814 471 1858 uc
487 1797 518 1857 iu
541 1796 616 1877 ipsis
634 1804 814 1869 mortuum,
837 1794 923 1858 istud
940 1813 1003 1857 uon
1017 1813 1121 1875 prope
1133 1812 1262 1859 sensnm
1275 1794 1450 1859 litteralem
1462 1810 1537 1855 eon·

435 1898 698 1975 prehendendum
721 1906 791 1970 est,
816 1914 931 1959 rernm
953 1896 1050 1977 Juxta
1071 1898 1305 1977 anagogicum
1329 1896 1430 1959 veluti
1450 1893 1537 1975 probe

436 1999 553 2061 ibidem
577 2018 606 2061 ιι.
628 1996 658 2062 5.
681 2000 804 2061 notarit
823 1996 1047 2072 Adamantius,
1063 2001 1208 2078 exposita
1229 1999 1354 2061 littera:
1372 1994 1485 2059 «llaec
1495 2012 1536 2056 ss·

432 2119 471 2163 ne
484 2103 568 2164 circa
591 2109 780 2164 contextum
795 2106 827 2163 et
850 2098 964 2162 Lazari
981 2102 1252 2164 resurrectionem
1269 2098 1470 2161 tradidimus.
1487 2093 1537 2158 Ge·
1604 2181 1605 2184 Ἴ

434 2209 541 2267 terum
555 2218 667 2265 sensns
683 2202 781 2280 bujus
795 2200 860 2264 loci
873 2204 1067 2282 isagogicus
1084 2218 1124 2265 ax
1141 2203 1203 2277 bis,
1218 2217 1304 2280 qnae
1318 2198 1536 2280 explicui-ns,

436 2304 522 2368 baud
543 2311 592 2367 est
612 2302 760 2366 difficilis.
784 2300 881 2366 Petiit
900 2305 984 2367 enim
1006 2301 1115 2378 lesus,
1138 2311 1176 2368 nt
1195 2301 1252 2383 qui
1274 2305 1539 2380 peceaveratpost

431 2404 618 2478 amicitiam,
640 2420 740 2483 quum
761 2420 837 2482 erga
858 2421 893 2465 se
923 2403 1096 2478 babuerat,
1118 2413 1269 2467 mortuus
1284 2401 1393 2466 lactus
1413 2400 1490 2476 Deo,
1499 2398 1538 2461 di·

433 2507 505 2567 vlna
527 2507 648 2567 rirtnte
670 2506 791 2568 rediret
811 2505 919 2568 denno
940 2506 978 2566 ad
1004 2507 1113 2568 vitam.
1127 2503 1270 2586 votique
1290 2522 1426 2585 compos
1440 2505 1534 2567 lectas

431 2616 502 2680 est,
528 2606 606 2667 vidit
634 2608 664 2667 iu
688 2606 874 2687 hujusmodi
901 2607 1029 2669 bomine
1051 2606 1164 2669 vitales
1186 2616 1317 2682 motus,
1341 2624 1405 2686 pro
1429 2604 1535 2685 quibus

431 2706 551 2787 gratias
572 2708 636 2787 agit
660 2706 758 2770 Patri.
780 2707 874 2772 Circa
906 2708 1094 2789 hujusmodi
1114 2716 1224 2771 sutem
1247 2716 1418 2771 mortuum
1444 2704 1538 2769 stsbrt

435 2808 528 2871 turba
552 2808 693 2871 nondum
715 2808 929 2882 credentium,
946 2807 1059 2872 lesum
1080 2825 1099 2869 a
1120 2806 1189 2871 Deo
1205 2810 1337 2895 missum
1357 2807 1476 2885 inisse3
1489 2821 1539 2868 nee

432 2904 544 2989 loono
564 2907 754 2973 Sermonem
777 2910 863 2973 bone
885 2910 1038 2971 divinitus
1058 2910 1097 2970 ad
1121 2910 1267 2971 homines
1287 2911 1469 2973 accessisse.
1490 2906 1537 2967 lt·

431 3026 496 3089 qne
519 3013 640 3075 utinam
674 3012 754 3073 bueo
777 3010 872 3074 turba
894 3012 1035 3074 miretur
1063 3011 1299 3083 circumstans,
1318 3010 1411 3089 qnod
1433 3008 1539 3085 aliquis

433 3109 517 3173 adeo
531 3108 673 3174 loetidus
690 3110 794 3175 lactus
816 3111 859 3173 ob
873 3117 1004 3191 peecata
1025 3110 1065 3171 ad
1079 3119 1230 3186 mortem,
1253 3118 1471 3189 mortuusque
1485 3107 1539 3167 vir·

434 3212 508 3287 tuti,
530 3212 638 3277 denuo
651 3211 691 3274 ad
716 3212 813 3275 sitam
835 3213 983 3291 redierit;
1005 3228 1147 3291 comque
1168 3212 1285 3274 mirata
1307 3211 1423 3285 luerit,
1441 3207 1541 3276 credat

430 3308 516 3392 Loco
538 3311 645 3377 Verbo
666 3316 770 3394 ipsum
792 3313 970 3394 aliqnando
986 3312 1204 3389 ririlicaturo,
1227 3311 1315 3393 quod
1337 3312 1491 3375 divinitus
1502 3308 1537 3370 nd

433 3412 577 3477 homiues
597 3414 774 3479 advenerit.
798 3438 814 3475 ι

511 3511 573 3577 Ubi
593 3516 694 3595 igitur
719 3517 797 3580 dicit
817 3514 998 3598 Origenes,
1020 3536 1077 3593 ιι,
1101 3519 1213 3580 relicta
1234 3516 1365 3591 littera,
1388 3530 1539 3596 quaerere

434 3613 646 3693 anagogicum
660 3632 802 3692 sensum,
819 3634 883 3679 non
904 3619 1037 3698 proprie
1052 3616 1212 3681 Lazarum
1227 3614 1345 3678 ibidem
1361 3616 1479 3695 carpit,
1492 3610 1540 3677 sed

434 3713 608 3791 bominem,
632 3716 685 3779 rel
705 3736 816 3781 omnes
838 3718 983 3783 bomines
1004 3727 1139 3800 peccato
1152 3724 1312 3790 mortuos,
1333 3734 1399 3781 non
1410 3731 1539 3797 corpore

432 3814 487 3877 sed
508 3816 624 3894 spiritu
635 3836 647 3896 ι
669 3826 817 3883 mortuos
837 3821 963 3885 scilicet
984 3838 1047 3884 non
1067 3820 1110 3882 ab
1131 3821 1193 3883 boc
1211 3819 1326 3882 seculo
1345 3817 1539 3889 decedentes,

434 3932 546 3980 rerum
564 3914 632 3982 Deo
652 3918 877 3985 ‹leluuctosob
898 3922 1042 4003 culpam.
1061 3920 1089 3985 E
1110 3940 1174 4002 qua
1189 3928 1226 3983 nt
1247 3926 1467 3999 resurgerent,
1483 3931 1541 3980 nos

433 4034 492 4096 ner
511 4038 545 4083 ιι
567 4020 711 4085 bomines
731 4022 813 4086 illud
830 4025 973 4104 potuisse
993 4024 1061 4085 ait:
1083 4022 1264 4103 quinimmo
1277 4037 1408 4085 necesse
1425 4019 1539 4083 eisdem

435 4117 535 4184 luisse
548 4118 646 4185 Verbi
670 4120 728 4185 Del
741 4122 930 4189 descensum
947 4124 1093 4199 ecoelis,
1110 4125 1195 4204 ipsos
1217 4120 1413 4186 rirltlcstnri
1431 4132 1541 4183 nnsor-

435 4229 465 4284 te
485 4222 622 4301 spiritali
632 4242 644 4303 ι
665 4239 740 4285 cnm
754 4223 863 4287 adbuc
885 4225 1015 4289 vidisset
1031 4221 1188 4288 Dominus
1207 4223 1241 4285 ln
1261 4220 1325 4285 illls
1339 4230 1446 4285 nsotns
1466 4218 1540 4281 rita·

434 4321 494 4398 los‚
511 4330 548 4388 nt
568 4324 675 4389 denuo
691 4332 898 4405 resurgentes
919 4328 1019 4391 sitam
1033 4330 1288 4405 assequerentur
1305 4322 1449 4401 spiritns.
1464 4318 1539 4383 ltere

432 4424 731 4505 comprehendenda
755 4434 853 4502 sunt,
877 4446 962 4510 quae
982 4427 1055 4491 dein
1076 4426 1190 4489 scribit
1211 4423 1274 4486 sub
1293 4421 1406 4485 eadem
1429 4435 1538 4498 ιιιςι·

433 4523 497 4603 ιιι,
512 4524 639 4605 aliquos
652 4523 793 4590 Lanaros
807 4528 984 4592 etiamnum
998 4546 1080 4607 asse,
1096 4529 1154 4607 qui
1166 4532 1241 4605 post
1259 4529 1537 4588 monetaneum
