3375 5567
177 828 260 907 ptnris
276 831 433 908 sancitos,
462 841 493 896 et
527 853 669 916 quorum
697 839 839 901 rationes
863 837 1054 917 inaesttpans
1077 835 1256 920 Origenes,

176 945 257 1008 prope
274 930 412 994 divinam
434 930 532 996 Verbi
554 937 776 1000 oeconomiam
797 937 1046 1002 inhumanitate
1064 955 1139 1014 sna,
1154 939 1262 1020 singu

174 1029 213 1091 ios
234 1033 408 1108 conloco,
431 1041 463 1097 et
485 1037 622 1115 tempori
647 1048 679 1100 et
700 1036 950 1101 circumstantiis
978 1037 1259 1114 accommodavit,

173 1133 236 1206 nain
253 1140 355 1195 tamen
377 1134 478 1212 ipsius
498 1136 604 1197 divina
625 1138 761 1201 essentia
783 1138 1046 1216 imminuerctnr3
1068 1139 1111 1201 ita
1132 1137 1173 1200 de
1194 1136 1263 1217 Spi-

172 1229 224 1291 ritn
242 1230 355 1295 Sancto
377 1234 485 1297 varias
505 1237 536 1297 in
561 1237 682 1300 eisdem
703 1236 816 1302 Biniiis
835 1238 973 1317 seligens
995 1237 1261 1318 praerogativas,

171 1332 351 1410 nugularum
372 1351 506 1415 quoquc
526 1345 691 1401 scrutatus
710 1346 760 1401 est
783 1355 908 1402 causae.
930 1335 1022 1402 Unde
1044 1323 1258 1418 factumest,

171 1441 199 1495 ιι
215 1434 275 1512 ipse
293 1436 490 1515 quandoque
509 1435 655 1500 divinum
676 1435 834 1518 Spiritum
860 1456 958 1520 snpra
983 1437 1103 1502 Filium
1124 1439 1262 1502 extoile-

170 1541 219 1610 ret,
238 1536 410 1616 riiqnando
431 1535 516 1600 iiiiio
537 1541 708 1614 minorem,
729 1539 810 1602 aiios
831 1555 942 1619 parem
964 1540 1023 1618 ipai
1047 1539 1129 1603 Fiiio
1153 1541 1263 1604 existi·

168 1645 264 1699 naret.
285 1635 328 1699 lit
350 1638 430 1714 itoc,
447 1646 486 1700 ut
506 1638 595 1715 dixi,
617 1640 683 1718 agit
703 1649 939 1719 consequenter
958 1639 1094 1706 dirersis
1116 1639 1261 1721 ejusdem

166 1733 286 1816 Spiritus
307 1737 615 1818 nuncupationibus,
637 1739 705 1803 sive
722 1742 912 1806 muneribus
933 1742 1026 1822 ipsta
1048 1729 1214 1822 prophetia
1230 1750 1265 1804 ct

166 1837 313 1918 Apostoiis
332 1839 476 1916 creditis,
500 1849 537 1903 ut
558 1841 678 1904 norum
698 1845 845 1907 omnium
865 1859 1020 1906 consum
1042 1842 1202 1922 reperiret
1216 1845 1262 1905 in·

167 1941 418 2018 terpretationee,
441 1941 500 2002 etsi
520 1941 553 2001 in
571 1940 634 2004 ddc
653 1958 807 2019 manens,
828 1949 864 2006 ct
885 1950 994 2007 tenens
1022 1944 1120 2006 trinua
1149 1939 1262 2006 Perso-

166 2057 266 2104 aarnnt
286 2043 446 2105 unitatem
465 2041 560 2104 sicuti
581 2040 727 2108 camdem
750 2051 913 2120 naturam,
935 2043 1137 2124 sapientiam,
1157 2050 1262 2106 aeter·

164 2143 280 2204 nitatem
300 2149 364 2205 etc.
387 2141 429 2205 iit
448 2141 534 2204 istud
560 2158 755 2223 magnopere
774 2143 818 2206 ob
838 2144 954 2208 ocuioa
975 2143 1094 2207 nabere
1116 2145 1211 2226 iuvat
1232 2147 1263 2207 in

163 2243 203 2305 iis
220 2253 251 2306 et
269 2244 344 2305 aitis
362 2243 532 2306 carneadia
551 2243 814 2322 origenianorum
835 2243 983 2326 Operum
1003 2243 1157 2310 sensibus.

230 2343 288 2407 iix.
310 2361 344 2423 g.
359 2342 464 2407 Temo
485 2343 526 2406 ΙΙ.
548 2360 578 2405 n.
600 2341 631 2408 ti.
654 2342 691 2405 in
709 2343 877 2421 Ioannem,
899 2346 999 2410 acrba
1013 2345 1179 2412 iilustrans
1199 2365 1265 2413 ortt·

161 2442 208 2505 aie
220 2443 405 2525 peripsum
422 2446 510 2524 sacto
528 2453 616 2520 cont,
640 2444 819 2522 rideretur,
836 2445 953 2526 inquit,
974 2446 1112 2525 Spiritus
1130 2446 1266 2514 Sanctus

161 2547 243 2608 ctiam
264 2547 384 2613 dactus.
407 2546 452 2611 lit
471 2547 545 2610 hinc
564 2547 644 2611 citat
662 2546 731 2610 dno
751 2549 956 2621 testimonia,
978 2565 1080 2613 nnnm
1100 2569 1142 2615 ex
1164 2549 1266 2616 laniae
1352 2558 1356 2564 '

160 2665 183 2708 c.
200 2647 258 2718 itis
280 2658 312 2711 ct
331 2665 421 2710 nnnc
442 2646 598 2711 Dominus
625 2646 713 2711 nisit
730 2665 778 2711 mc
801 2657 831 2711 ct
852 2645 992 2728 ἒρὶνιιιιι
1013 2651 1102 2733 cion
1125 2659 1166 2725 et,
1186 2654 1274 2717 nite>

161 2753 318 2812 toramen
352 2747 542 2813 Matthaeoz
563 2747 619 2830 qni
643 2758 748 2812 nutent
766 2749 1024 2830 iiorpdcmoocrit
1048 2750 1085 2814 in
1110 2749 1267 2832 Spiritum

157 2841 324 2924 Sanctum
345 2865 411 2913 non
430 2848 518 2913 tator
542 2847 759 2913 remissionem
786 2867 885 2931 acqua
904 2848 940 2912 ia
960 2849 1018 2912 tce
1042 2851 1144 2914 aconio
1169 2869 1268 2932 nepae

157 2945 185 3008 ia
211 2951 335 3029 futuro.
358 2949 452 3026 Quae
484 2949 583 3013 rerba
606 2967 667 3029 pro
698 2967 790 3014 more
812 2966 875 3014 auo
904 2951 1071 3015 subtiliter
1094 2949 1267 3016 discutiens

155 3049 266 3125 studet,
287 3067 416 3132 parem,
437 3052 664 3130 sinceramque
684 3049 815 3114 tradere
835 3051 1108 3131 explanationem,
1130 3053 1212 3116 adeo
1228 3071 1268 3115 nc

158 3146 287 3229 Spiritus
308 3150 449 3215 Sanctus
470 3148 554 3214 Fiiio
574 3149 711 3213 inferior
731 3151 894 3226 videatur,
910 3153 1007 3215 sicuti
1028 3171 1085 3216 nec
1099 3155 1263 3233 superior:

156 3254 295 3329 quamvis
316 3271 361 3315 ex
382 3252 489 3314 allatis
512 3252 646 3315 testibus
676 3254 829 3331 superior
851 3254 1074 3317 tantummodo
1100 3260 1266 3334 appareat.

157 3348 371 3426 onanonre·
396 3353 440 3416 ita
456 3352 665 3432 argunnae-s
680 3351 787 3418 uanos
810 3361 920 3417 autem
943 3353 1190 3429 dubitationem,
1207 3355 1267 3433 (ex

155 3451 347 3530 quaomnia
363 3469 423 3531 per
442 3451 547 3532 ipsam
567 3452 654 3530 sacto
673 3461 770 3526 rent,
795 3463 829 3514 et
849 3461 1086 3533 cousequenter
1105 3454 1267 3535 Spiritus,

155 3567 220 3616 cnm
240 3556 297 3629 sit,
324 3571 383 3632 per
403 3550 549 3616 Verbum
570 3555 736 3629 extiterit)
758 3554 923 3632 quomodo
938 3555 964 3616 is
983 3551 1123 3634 Spiritus
1138 3553 1270 3619 Christo

157 3654 403 3734 inquinandam
424 3653 602 3731 scripturis
622 3662 851 3734 anteponatur,
883 3668 959 3718 oum
980 3652 1129 3718 Christus
1152 3655 1218 3734 ipsc
1239 3655 1270 3716 in

155 3751 227 3816 isaia
249 3754 385 3835 quidem
407 3771 442 3816 re
456 3769 527 3828 ‚non
546 3753 653 3816 soiurn
675 3771 692 3815 a
718 3752 882 3818 Patrcsed
903 3755 1034 3817 etiamn
1056 3751 1181 3835 Spiritu
1195 3752 1271 3817 San·

155 3859 201 3916 cto
222 3856 360 3917 misaam
380 3871 450 3917 ease
471 3853 623 3917 iateatnr.
646 3850 819 3917 diresin:
849 3862 879 3916 ct
898 3871 987 3916 nunc
1009 3851 1163 3916 Dominam
1182 3851 1271 3916 arisit

153 3969 194 4013 ne
210 3964 242 4015 at
256 3951 402 4034 Spiritui
420 3953 499 4035 cjarr.
519 3952 554 4016 in
576 3952 753 4033 Evangelio
770 3964 881 4018 antem
902 3954 1125 4020 remissionem
1140 3955 1273 4034 promit·

155 4061 196 4114 tat
215 4063 370 4134 peccato,
390 4054 479 4134 quod
499 4055 532 4116 in
552 4053 658 4132 ipsam
672 4054 899 4117 committitur:
924 4056 1117 4134 pronunciet
1140 4071 1217 4116 aero
1233 4055 1273 4116 dc

157 4152 357 4235 niaspitcmis
378 4156 411 4216 in
431 4154 585 4218 Sanctum
605 4153 774 4233 Spiritum,
796 4172 860 4218 non
876 4153 947 4217 iore
966 4163 1003 4218 ut
1017 4159 1125 4235 pateat
1145 4170 1207 4217 non
1222 4171 1272 4216 eo·

152 4253 217 4318 inm
238 4258 272 4317 in
295 4257 361 4318 hoc
380 4256 517 4330 scenio,
539 4254 595 4316 sed
616 4257 713 4318 etiam
734 4256 767 4318 in
788 4254 904 4319 intnro
930 4256 971 4317 ad
991 4255 1063 4336 ejus
1094 4255 1219 4318 veniam
1240 4260 1274 4316 et

153 4355 375 4418 remissionem
395 4355 503 4419 aditus
522 4354 566 4428 ci,
587 4357 645 4433 qni
666 4356 698 4416 in
719 4355 813 4419 iilum
835 4354 1117 4435 blasphemaverit.
1141 4352 1183 4416 iit
1205 4352 1271 4417 ior·

156 4459 234 4516 tanae
253 4471 323 4518 non
345 4459 516 4533 propterea
538 4444 582 4529 ei,
599 4455 660 4533 oui
682 4455 714 4516 in
734 4454 892 4535 Spiritum
913 4452 1067 4518 Sanctum
1087 4452 1270 4531 pecoaaerit

152 4571 212 4616 uon
232 4555 427 4636 ignoscitur,
449 4555 538 4634 quod
558 4556 628 4634 ipse
647 4552 778 4620 Christo
797 4556 839 4620 sit
860 4554 1071 4631 honoratior,
1093 4555 1189 4633 eique
1215 4571 1270 4617 an·
