3375 5567
160 794 240 857 studit
258 794 297 856 ab
317 796 378 859 noe
398 793 576 858 certamine
590 794 731 874 primum
753 798 785 855 ct
805 790 1004 855 secuudums
1027 791 1070 853 ita
1096 795 1132 853 ut
1153 792 1251 855 modo

158 913 202 957 nec
217 903 338 957 unone
361 896 499 958 virtutes
521 894 561 956 nd
583 893 753 967 maiitiam,
775 910 835 956 nec
856 892 962 956 maiae
982 893 1021 953 nd
1048 894 1251 955 sanctitatem

159 996 271 1057 tussire
290 997 433 1076 possint;
451 992 653 1075 proindeque
671 994 805 1073 spiritus
825 996 982 1057 coelestes
1002 1004 1161 1073 perpetuo
1185 1010 1253 1055 rua·

157 1104 265 1158 manto
288 1096 403 1175 quavis
423 1096 520 1176 culpe
550 1097 719 1159 immunes.
744 1094 787 1159 tn
805 1096 850 1158 ob
871 1096 932 1157 troc
960 1094 1138 1173 plurimum
1157 1094 1252 1177 juvat

156 1195 225 1273 prod
244 1196 273 1257 in
294 1195 394 1259 Libro
415 1195 455 1259 V.
476 1216 509 1259 n.
531 1196 562 1267 d
584 1194 616 1261 5.
638 1196 809 1278 praestare
822 1196 954 1261 discutit
981 1204 1094 1259 contro
1116 1196 1250 1261 Ceisnur

157 1305 314 1374 mantem,
334 1301 468 1378 quinam
489 1308 606 1370 erant,
626 1300 683 1379 qni
706 1298 937 1363 descenderunt
960 1298 998 1360 sd
1022 1298 1192 1372 homines,
1214 1316 1253 1359 so

156 1398 240 1476 rugeli
253 1416 292 1459 nn
306 1399 350 1459 dii
368 1399 419 1462 voi
436 1400 618 1463 daemones.
633 1399 728 1464 Subit
741 1399 921 1479 Origenes:
942 1418 959 1458 r
974 1396 1064 1463 Unde
1077 1398 1166 1478 qnod
1182 1394 1256 1463 Cel-

94 1485 96 1552 t
155 1496 381 1577 correspondet
401 1499 462 1561 sibi
483 1499 575 1578 quasi
602 1499 855 1575 semisomnis,
877 1499 1006 1579 soprius
1026 1498 1084 1581 qui
1102 1499 1146 1563 od
1162 1512 1255 1578 prur-

93 1607 95 1688 ᾗ
154 1598 248 1659 riardo
264 1594 610 1679 remissionnem
629 1599 834 1670 descendunt,
855 1614 919 1659 esre
938 1594 1067 1679 otipuod
1086 1617 1185 1678 genus
1206 1598 1257 1661 di·

156 1716 259 1762 mesas
277 1699 402 1776 odiis,
422 1720 535 1781 corque
550 1699 757 1780 predodiir'ter
774 1719 838 1763 erse
857 1701 1042 1779 doemones,
1064 1702 1094 1765 id
1118 1703 1255 1767 itomiuis

156 1802 404 1882 enumerem
425 1804 612 1882 Scripturas
632 1820 696 1866 noo
715 1801 805 1882 legit.
828 1802 912 1871 Ὀυκ
946 1797 1040 1901 ὀρῶν,
1064 1798 1114 1871 ὅτι
1137 1796 1175 1870 τὲ
1197 1800 1258 1875 τῶν

157 1899 303 1993 neporus
326 1899 434 1994 ὄνομα
456 1898 533 1973 soti
553 1901 656 1996 μέσον
677 1894 784 1991 ἐστὶν,
810 1897 854 1984 ὣς
875 1898 915 1973 ro*
938 1904 998 1975 τῶν
1020 1900 1201 2006 ἀνθρώπων,
1223 1906 1257 1979 ἐν
1326 1960 1329 1967 -

155 1996 193 2089 οἷς
210 2028 286 2089 τινες
300 2000 363 2101 μὲν
385 2006 520 2092 ἀστεῖοι,
543 2004 627 2091 τινὲς
649 2002 822 2101 ripensi
845 2007 942 2080 irco.
960 2006 1050 2081 'Ovr’
1072 2008 1260 2097 moriemi-

156 2112 234 2183 rirdr
248 2114 321 2185 ἐστι
338 2107 377 2183 ro'
397 2114 459 2184 reio
471 2116 562 2199 isin,
576 2112 780 2207 τασσόμενον
802 2106 931 2185 donini
953 2116 1081 2207 pudico
1104 2117 1260 2212 δαιμονί-

154 2220 224 2303 onsi
235 2220 508 2315 intepentem,
524 2220 549 2305 ἦ
564 2220 619 2292 ert
633 2221 722 2309 com
736 2222 812 2293 ἀλλ’
825 2216 886 2293 ὑπὸ
897 2222 960 2293 τῶν
974 2214 1017 2294 τὰ
1029 2224 1109 2295 erio
1123 2224 1263 2319 ipored-

155 2350 209 2401 rm,
228 2324 276 2398 tui
299 2328 366 2399 τῶν
387 2326 521 2411 ἀληθῶς
541 2322 710 2428 &surripui
733 2327 795 2399 reri
816 2328 1000 2430 μακαρίων.
1015 2334 1037 2395 i.
1058 2350 1086 2395 e.
1110 2330 1174 2408 Qui
1195 2352 1258 2396 non

159 2429 225 2493 ridet
245 2430 442 2495 daemonnm
462 2448 579 2495 nomen
600 2448 705 2509 neque
723 2431 866 2494 medinm
889 2448 972 2508 esse,
995 2431 1079 2493 sicut
1092 2430 1258 2495 nominum

159 2546 253 2594 rouen
271 2539 323 2595 est
332 2552 347 2611 3
369 2532 401 2594 in
422 2533 542 2611 quibus
564 2532 665 2612 aliqui
686 2532 761 2595 boni
781 2539 883 2605 suut,
904 2532 1007 2612 aliqui
1028 2539 1137 2595 sutem
1159 2530 1259 2594 muli:

159 2631 381 2711 reqnebonum
403 2642 465 2711 est,
487 2634 646 2713 quateret
668 2632 957 2708 monendomum,
980 2630 1067 2712 quod
1083 2631 1263 2713 imponitur

159 2748 206 2793 rou
222 2751 321 2814 super
335 2734 439 2799 maios
459 2734 644 2811 daemones,
660 2743 718 2799 rut
738 2752 838 2814 super
858 2733 1048 2807 simulacro,
1070 2734 1139 2797 sive
1160 2750 1262 2813 super

159 2834 309 2899 animantia
320 2856 334 2916 3
355 2836 411 2899 sed
433 2837 475 2899 ei)
494 2838 546 2913 iis,
568 2838 639 2917 qui,
665 2853 752 2917 quur
773 2833 833 2897 Osi
855 2843 944 2907 sunt,
968 2842 1180 2915 cognoscunt,
1202 2835 1261 2897 im·

161 2936 272 3010 punitur
300 2954 405 3017 super
437 2956 516 3014 eos,
547 2940 606 3019 qui
640 2954 756 3000 revera
789 2945 865 2999 suut
897 2935 1074 2998 diviniores
1105 2946 1134 2997 et
1163 2934 1261 2997 beati.

160 3032 400 3117 Seuperrutem
420 3058 522 3120 anper
541 3039 705 3103 mnieiicns
724 3046 819 3103 extre
842 3056 989 3102 crassum
1014 3054 1135 3116 corpus
1159 3038 1265 3099 virtu·

161 3145 196 3198 tes
212 3140 388 3222 inponitur
411 3142 604 3205 doemonum
626 3158 766 3216 nomm,
787 3159 872 3221 qoue
895 3140 1039 3203 homines
1062 3141 1092 3201 in
1115 3156 1263 3205 errorem

161 3234 297 3305 inducunt
310 3249 348 3305 et
362 3252 585 3307 transvertunt
603 3253 692 3305 etc.»
706 3242 919 3322 Quapropter
930 3242 961 3303 in
981 3242 1190 3321 sequentibus
1205 3260 1266 3305 oo·

161 3340 575 3409 senoniensium„
598 3344 744 3426 ejusdcm
758 3342 844 3407 Celsi
869 3343 990 3407 reieitit
1014 3342 1053 3405 de
1068 3344 1189 3424 engolis
1212 3362 1263 3407 se-

163 3442 270 3519 saginis
292 3454 353 3507 aut
373 3447 589 3527 septuaginta,
613 3464 710 3526 quos,
727 3447 919 3526 priusquam
941 3442 1090 3509 Christus
1105 3444 1145 3507 do
1166 3444 1265 3509 coriis
1294 3512 1302 3524 ,

163 3538 373 3623 descenderet,
396 3548 428 3608 in
450 3556 571 3611 terram
604 3550 727 3611 venisse
756 3547 905 3627 putavitr
939 3562 1069 3623 eosque,
1091 3564 1163 3608 cum
1183 3544 1265 3627 sorti

162 3641 386 3725 personuerit,
401 3646 540 3712 morulis
553 3648 610 3711 aud
624 3646 718 3712 terris
733 3646 930 3723 constrictos,
946 3666 1077 3709 suornm
1098 3646 1266 3710 criminum

164 3740 280 3809 inituros
298 3766 437 3828 poenum·
457 3750 554 3813 sicuti
584 3766 719 3831 quoqne
739 3749 823 3812 ridet
843 3746 1013 3828 Origenes,
1037 3748 1124 3827 quod
1147 3749 1190 3809 ibi
1211 3748 1264 3809 sd·

165 3843 200 3906 tit
216 3848 338 3926 Oriens,
361 3853 494 3931 eogeios
517 3870 536 3914 e
557 3853 652 3916 coeio
674 3851 858 3932 proiectos,
874 3868 1049 3932 corporeos
1070 3849 1207 3913 tonuere
1221 3850 1269 3913 ia·

97 3983 98 3986 =
169 3962 278 4028 rrpnras
299 3952 448 4015 numanis
467 3954 600 4017 similes.
633 3950 724 4017 Unde
745 3953 907 4034 conjicere
929 3952 1023 4025 iicet,
1047 3968 1132 4030 qnae
1154 3968 1267 4031 reapse

167 4052 281 4113 tenuerit
293 4052 452 4131 Origenes
465 4054 506 4117 de
521 4055 656 4136 sugetis,
668 4062 701 4117 et
712 4054 879 4133 quomodo
895 4053 1078 4131 arripiendo
1091 4054 1165 4127 sint,
1181 4070 1266 4132 quur

168 4144 198 4209 ts
213 4151 283 4231 ipsis
297 4155 342 4216 sit
352 4174 364 4233 ;
386 4173 503 4234 quum,
526 4164 626 4237 prout
645 4156 824 4219 adversarii
847 4154 1074 4235 praetendunt,
1088 4154 1264 4233 otiqnsndo

169 4264 325 4328 corporeos
345 4258 552 4333 existimarit,
571 4258 651 4321 etius
671 4256 795 4331 tientes,
810 4258 890 4319 atius
912 4272 1030 4337 poenas
1046 4256 1172 4318 insistes
1193 4274 1267 4317 cnm

170 4357 388 4433 tenuioribus,
407 4357 542 4423 iliorum
562 4359 730 4423 custodiae
750 4360 937 4423 commissis.

233 4452 385 4519 Ceterum
407 4459 450 4522 ob
469 4476 507 4522 ea
529 4476 614 4540 quae
634 4460 719 4523 dicta
740 4466 817 4523 snut
836 4458 877 4523 de
902 4456 1101 4523 obscuritate
1120 4460 1154 4536 jn
1180 4474 1272 4536 prae·

172 4546 231 4615 istis
247 4554 371 4623 duobus
391 4557 542 4640 Origroia
562 4556 725 4636 Homiiiia,
749 4560 833 4625 unde
858 4558 947 4625 risus
969 4566 1016 4623 est
1039 4561 1106 4641 ipse
1127 4556 1272 4640 procudi·
