3375 5567
149 768 279 846 dicatur,
300 771 332 832 in
352 771 423 837 solo
446 771 571 834 hdsmo
593 778 670 836 tune
690 773 859 852 inspirasse
882 767 986 835 Deum
1007 773 1160 834 animam:
1185 755 1243 832 neo

148 877 173 934 is
190 873 320 952 posteris
339 873 428 948 suis,
451 890 513 937 uon
534 874 642 938 adbuc
662 874 895 950 existentibus,
920 873 983 934 tale
1005 873 1158 935 infudisse
1178 877 1240 951 spi·

149 975 294 1049 menium,
315 991 375 1038 nec
388 993 480 1038 suam
496 975 644 1040 indidisse
657 976 828 1055 imaginem
843 985 875 1038 et
896 975 1147 1038 similitudinem.
1164 976 1243 1040 Suc-

146 1076 251 1138 cessire
265 1077 350 1138 enirn
373 1077 404 1136 in
430 1076 541 1138 hdami
558 1079 692 1155 posteris
714 1085 747 1138 et
768 1078 799 1137 in
813 1076 889 1138 atro
911 1085 1057 1139 materno
1080 1078 1164 1140 hunc
1179 1080 1241 1157 spi·

147 1181 231 1238 ritnra
252 1177 369 1239 inludit
391 1175 490 1251 Deus,
514 1179 615 1240 ueluti
639 1179 775 1257 sparsim
798 1178 1086 1256 comprehenditur
1102 1179 1131 1239 in
1157 1179 1243 1258 eius·

146 1281 205 1340 dean
223 1276 373 1359 Origenis
403 1279 541 1358 seriptis.
571 1277 611 1339 Et
632 1280 781 1358 quamvis
812 1279 938 1341 diversa
973 1279 1241 1359 pbilosophorum

145 1380 245 1457 placita
260 1380 301 1440 de
322 1381 427 1441 enimn
449 1381 645 1460 quarsdoque
660 1381 830 1442 citaverit:
854 1389 994 1442 attamen
1010 1383 1113 1461 ipsum
1132 1383 1243 1460 potius

146 1483 328 1544 recensuisse
349 1482 396 1543 uti
411 1481 615 1553 historicam,
637 1499 735 1562 qnam
758 1491 793 1544 ut
814 1498 851 1543 ea
871 1490 1055 1560 acceptaret
1075 1501 1113 1545 ae
1130 1482 1245 1562 proba·

145 1589 195 1655 ret,
215 1581 386 1645 dicendum
406 1590 466 1646 est.

209 1682 254 1746 lle
273 1685 418 1766 reliquo,
436 1697 521 1765 quse
537 1682 748 1748 Adamantius
769 1689 896 1766 putavit
916 1693 949 1748 et
969 1687 1096 1766 scripsit
1117 1686 1157 1749 de
1178 1690 1244 1750 ani·

142 1802 201 1846 uae
218 1788 344 1864 origiue
365 1794 398 1849 et
418 1788 589 1850 creationis
609 1795 765 1868 tempore,
790 1788 886 1851 rerba
906 1787 1066 1851 Geneseos
1087 1791 1244 1869 interpre-

142 1999 195 2060 tas,
213 1989 291 2050 nibil
312 2006 391 2051 sane
412 1992 487 2052 novi
502 1990 594 2052 dixit.
621 1987 706 2052 lstud
729 1991 814 2052 enim
828 1991 859 2052 in
881 1992 996 2052 veteris
1017 2009 1198 2074 synagogae
1213 1999 1244 2056 et

144 2088 292 2153 Ecclesiae
314 2089 515 2154 Christianae
545 2091 715 2155 traditione
739 2093 940 2172 designatum
975 2101 1054 2154 crat.
1080 2091 1241 2174 ideoque,

142 2199 171 2252 ut
187 2191 297 2255 sileam
321 2202 469 2257 veterum
493 2193 710 2255 hebraeorum
729 2208 841 2256 sensus
863 2193 902 2255 de
925 2194 984 2255 hac
1007 2212 1055 2267 re,
1075 2195 1139 2258 illis
1160 2214 1245 2276 quae
1298 2255 1302 2260 .

144 2293 247 2356 dicturi
266 2313 400 2368 sumus,
421 2297 624 2369 conformes,
647 2296 802 2358 audiatur
822 2294 906 2358 inter
935 2296 1057 2376 priscos
1080 2297 1246 2361 Ecclesiae

142 2397 323 2474 scriptores,
340 2394 488 2459 Clemens
502 2395 639 2460 Scholao
656 2396 895 2458 Alexandrinae
918 2415 1059 2478 praeses,
1079 2399 1244 2479 ipsiusque

141 2496 275 2574 ttrigeuis
298 2504 503 2577 praeceptor.
528 2495 556 2559 ls
577 2498 687 2576 itaque
709 2499 739 2559 in
762 2496 859 2559 Libro
877 2495 912 2557 V.
937 2494 1130 2560 stromatum
1152 2499 1247 2562 doce

140 2597 196 2660 brt:
209 2621 225 2658 ι
240 2596 366 2662 blerito
380 2617 459 2679 ergo
473 2618 516 2662 ex
532 2605 618 2660 terra
634 2599 764 2679 quidem
780 2617 899 2680 corpus
915 2601 991 2661 dicit
1007 2601 1141 2663 lormari
1155 2599 1245 2682 bloy-

140 2717 182 2760 ses
200 2702 307 2780 (quod
324 2700 402 2764 dicit
424 2710 588 2764 terrenum
613 2701 705 2764 Plato
721 2702 966 2764 tabernaculum
980 2703 1011 2780 l:
1034 2705 1172 2766 animam
1188 2723 1246 2767 au·

142 2809 193 2863 teu
212 2801 354 2882 logicam
375 2801 583 2864 alteratione
604 2803 781 2884 praeditam
798 2803 942 2882 desuper
963 2804 1150 2884 inspiratam
1169 2805 1244 2867 iuis·

140 2921 198 2965 sea
214 2902 331 2967 llenin
347 2903 472 2967 tactem.
496 2924 513 2962 a
534 2903 756 2967 Tertullianus
771 2906 802 2965 in
819 2903 917 2966 Libro
938 2900 981 2966 De
995 2905 1113 2968 Anima
1134 2926 1164 2967 n.
1185 2905 1241 2968 lll.

143 3003 286 3070 adeamus
310 3003 571 3086 Hermogenem:
595 3027 611 3063 a
634 3004 731 3081 Quia,
754 3007 871 3086 iuquit,
887 3007 1024 3068 animam
1047 3026 1087 3069 ex
1112 3004 1168 3069 llei
1190 3006 1247 3069 lla-

143 3114 182 3180 to,
196 3125 255 3169 non
276 3127 322 3170 ex
339 3107 472 3168 materia
497 3108 710 3179 vindicamus,
724 3109 839 3170 muniti
861 3115 893 3169 et
913 3107 980 3168 illic
996 3106 1121 3168 divinae
1138 3107 1245 3170 deter-

142 3209 310 3272 minationis
333 3209 562 3272 inobscurabili
585 3207 698 3284 regula
710 3227 722 3286 ;
754 3219 783 3269 et
801 3206 891 3286 tluoit
903 3252 915 3282 ,
936 3209 1009 3282 ot'l,
1033 3207 1113 3271 Deua
1134 3209 1245 3288 dotum

123 3308 211 3370 mitae
229 3308 264 3371 s'n
278 3309 397 3391 semem
415 3309 562 3384 leomims,
578 3319 606 3370 st
625 3312 730 3390 sectus
749 3318 792 3370 sat
807 3309 897 3371 domo
911 3309 946 3371 iu
966 3310 1106 3372 animum
1127 3311 1246 3383 civem,

142 3412 243 3490 ntique
263 3431 308 3474 ex
331 3410 388 3473 Dei
410 3410 500 3474 datu.
525 3431 541 3468 a
564 3411 605 3474 llt
620 3412 758 3492 amplius
773 3413 805 3474 in
824 3431 855 3472 ιι.
873 3410 979 3475 xxii.
995 3413 1122 3474 subdit:
1146 3433 1162 3471 ι
1187 3409 1246 3474 lle-

143 3509 257 3575 inimus
277 3513 419 3574 animam
437 3510 494 3573 Dei
515 3510 593 3575 datu
617 3522 742 3585 natam,
759 3513 975 3574 immortalem
992 3521 1052 3574 eto.
1077 3534 1093 3570 n
1115 3512 1146 3575 Si
1169 3510 1247 3576 Ter-

143 3611 285 3678 tullianus
307 3616 434 3677 auimae
455 3624 565 3676 ortum
587 3615 712 3676 admisit
734 3614 765 3675 in
786 3612 865 3676 ilatu
889 3612 967 3689 bot,
992 3615 1138 3695 prolecto
1162 3616 1245 3677 hda-

144 3715 178 3773 mi
190 3718 286 3778 aetati
310 3731 373 3776 nen
395 3715 631 3796 praeexistebat
646 3715 749 3776 anima
771 3715 871 3794 ipsius
880 3733 891 3792 ;
907 3734 964 3776 nec
987 3716 1058 3778 ideo
1074 3727 1146 3778 ante
1162 3717 1243 3780 illud

145 3824 257 3896 tempus
280 3835 417 3898 peecare
438 3817 553 3897 potuit.
579 3813 641 3879 llic
661 3823 769 3879 sutem
790 3816 890 3886 scito,
914 3813 1151 3880 Tertullianum
1174 3817 1247 3880 Ori-

144 3919 218 3992 genis
232 3920 335 3981 instar
350 3917 444 3998 plura
462 3917 729 3997 pbilosophorum
746 3917 862 3996 placita
885 3918 924 3978 de
946 3919 1070 3981 animae
1092 3920 1246 3981 conditio-

147 4017 392 4089 nedisoussisse,
412 4018 490 4097 quin
515 4023 620 4077 tamen
635 4033 671 4078 ea
694 4016 866 4096 probaret,
890 4035 947 4078 uec
970 4018 1075 4079 multo
1091 4019 1194 4078 minus
1213 4037 1247 4080 o-

146 4117 294 4192 pinionem
316 4119 355 4181 de
377 4135 491 4181 earum
513 4119 759 4196 praeexistentia
782 4135 820 4180 ac
841 4119 992 4197 peccatis,
1018 4117 1101 4180 unde
1123 4119 1152 4178 in
1175 4137 1247 4181 enr-

147 4236 214 4294 pora
230 4222 370 4284 bumana
387 4237 404 4280 a
420 4220 513 4283 coelo
531 4219 675 4299 dejectae
693 4219 840 4281 luissent.
860 4215 898 4282 Et
920 4220 950 4279 in
973 4219 1033 4281 hnc
1054 4219 1164 4280 eadem
1181 4222 1247 4297 opi-

146 4323 228 4383 nione
248 4322 440 4400 Scripturas
462 4319 599 4384 oraculo
619 4319 760 4396 subniti,
784 4327 1005 4382 convenerunt
1024 4319 1247 4399 Athenagoras
1316 4355 1319 4362 ·

145 4429 172 4481 et
190 4418 351 4486 latianus.
