3375 5567
160 811 307 889 pnettts,
329 810 539 874 nibilominus
560 827 636 874 cnm
657 811 725 890 ipsa
746 827 806 873 nec
826 809 950 873 malum
970 808 1098 884 sentiat,
1121 825 1180 873 nec
1205 827 1260 887 pe·

162 922 231 987 reat,
253 931 361 993 neque
380 912 420 973 ud
441 911 523 974 iilud
545 919 746 990 provocetur
764 929 783 974 e
801 909 1051 976 circumstantiis
1066 912 1256 985 contrariis,

159 1031 206 1075 nec
224 1013 359 1093 proinde
380 1013 547 1087 decertet,
569 1030 628 1075 nec
649 1013 778 1087 vincat,
799 1011 854 1074 sed
877 1013 908 1072 iu
929 1010 1043 1074 sedern
1072 1021 1260 1090 permaneat

158 1123 231 1177 statu
251 1114 524 1177 inconvertibilis:
548 1131 654 1194 neque
673 1113 747 1176 ideo
769 1113 897 1193 pluris,
920 1129 979 1175 nee
1000 1111 1170 1191 ignominia
1193 1111 1260 1176 nid·

158 1219 258 1278 rietur.
273 1213 334 1280 Cui
349 1216 488 1278 illationi
507 1217 689 1278 occesserio
703 1213 913 1278 Adamantius
928 1214 1071 1288 accedet,
1087 1220 1262 1295 quantuni·

159 1321 198 1381 ris
215 1319 340 1381 arbitrii
361 1326 455 1398 putet
474 1318 543 1380 sive
563 1317 789 1380 rationalitatis
810 1325 975 1381 astrorum
997 1318 1164 1380 animabus
1186 1335 1261 1382 con-

157 1419 321 1482 cedendum
343 1437 430 1498 esse;
451 1417 727 1498 quemadmodum
748 1418 889 1480 ulterius
910 1417 1052 1496 prindei.

227 1521 361 1583 iuterim
374 1527 593 1599 exponamur,
610 1537 694 1600 quse
709 1521 742 1585 la
757 1519 1074 1583 Commentariorum
1086 1517 1189 1584 Tomo
1202 1519 1262 1584 lll.

159 1621 190 1682 ed
208 1640 237 1684 c.
254 1619 278 1684 Ι.
305 1641 335 1683 ι.
352 1619 383 1685 l.
417 1619 454 1682 ιἰι
482 1616 626 1683 Gemsiut
650 1619 764 1684 aeribit
789 1627 901 1684 contra
930 1622 1087 1700 quosdam
1114 1622 1265 1684 christid-

156 1724 254 1786 mter:
278 1745 295 1782 s
317 1723 374 1802 qui
396 1730 564 1803 anguntur
582 1722 716 1798 sciuris,
738 1739 778 1785 ιιι
799 1722 960 1785 numanae
981 1739 1032 1785 res
1053 1725 1134 1787 eden
1156 1739 1265 1788 uoces-

156 1824 239 1886 sitate
270 1831 464 1897 teneantur,
486 1831 524 1885 ut
545 1823 642 1885 oliter
660 1839 760 1902 quam
791 1825 904 1887 rarius
923 1831 1088 1887 astrorum
1110 1826 1211 1898 slius,
1235 1834 1266 1886 et

156 1925 321 1988 collocatio
337 1923 465 2004 iubent,
487 1922 559 1986 lieri
579 1941 643 1986 uon
665 1923 797 2004 possint.
823 1921 896 2000 Qua
911 1924 1043 2005 quidem
1058 1942 1100 1987 ex
1115 1928 1266 2006 opinione

158 2041 347 2107 mnseqneus
361 2027 444 2087 iitud
466 2031 527 2100 est,
543 2031 581 2088 ut
601 2025 747 2090 ineditus
761 2025 903 2090 liberum
926 2032 1073 2089 nostrum
1088 2027 1262 2089 arbitrium

157 2131 296 2206 tollatur;
317 2129 482 2207 simulque
503 2127 639 2208 proinde
660 2128 731 2192 iam
751 2129 855 2190 omnis
876 2135 909 2191 et
925 2130 1133 2209 vituperatio,
1158 2137 1189 2191 et
1215 2146 1265 2190 re-

157 2247 221 2294 rum
237 2231 289 2294 rei
302 2229 537 2309 opprobatione
552 2229 724 2308 dignarum
736 2230 806 2291 stro
820 2226 1068 2308 reprehensione
1080 2229 1261 2292 discrimen.

158 2331 238 2396 lineo
256 2349 359 2413 porro
370 2331 498 2395 sublata
519 2333 546 2393 si
559 2330 660 2394 semel
680 2337 790 2404 eruut,
806 2337 977 2393 evanescat
1000 2331 1262 2410 paritcrnecesse

156 2444 197 2497 est
215 2433 373 2514 quidquid
403 2432 446 2496 de
461 2432 576 2514 iudicii
599 2432 697 2493 divini
719 2433 884 2513 aequitute
905 2433 1073 2514 jactatum
1095 2432 1265 2496 concident

158 2536 202 2596 rel
221 2538 396 2598 intentatae
423 2534 591 2597 sceleratis
612 2549 792 2613 poenarum
824 2539 859 2596 ei
878 2535 1115 2614 suppliciorum
1136 2535 1266 2608 minae,

157 2637 202 2698 rel
222 2638 378 2716 promissa
399 2635 543 2698 redieris
564 2636 800 2715 sanctioritque
822 2636 908 2698 vitro
930 2635 1181 2714 proiassoribus,
1197 2635 1266 2715 plo·

157 2737 218 2798 rire
244 2745 277 2798 et
297 2736 460 2800 ielicitatis
481 2734 635 2816 proemia.
659 2733 748 2799 iltuit
777 2735 863 2798 euim
884 2735 992 2800 udituc
1021 2735 1166 2814 ipsorum
1189 2753 1264 2800 eum

159 2839 276 2900 ratione
296 2837 363 2900 det.
384 2853 403 2894 ι
426 2833 477 2899 lix
498 2835 546 2899 bis
572 2836 734 2916 percipito
754 2835 920 2916 quomodo
941 2835 1097 2916 Origenes
1125 2835 1266 2900 liberum

160 2938 289 3000 beminis
307 2938 480 3000 arbitrium
500 2936 643 3011 dedolat,
661 2935 799 3016 ejusque
820 2937 1028 3012 exercitium,
1051 2955 1091 3000 er
1113 2954 1180 3016 quo
1196 2937 1269 2998 dein

161 3038 227 3101 laus
245 3041 313 3102 rive
333 3039 494 3117 probrum
515 3044 758 3117 comparantur.
784 3035 888 3100 Paulo
904 3047 976 3118 posi
995 3045 1198 3101 cumcontra
1219 3053 1271 3100 er·

161 3159 245 3203 rores
263 3140 305 3203 de
324 3140 394 3203 iato
415 3147 536 3220 pugnet
550 3157 611 3216 pro
623 3139 775 3202 libertate
797 3139 1098 3217 rationaliumque
1120 3155 1137 3200 a
1154 3141 1271 3202 ceteris

161 3242 312 3304 creaturis
326 3241 607 3320 augmentenda
623 3248 788 3304 astrorum
803 3247 955 3304 naturum
971 3239 1093 3315 debuit,
1107 3247 1144 3303 ut
1157 3242 1198 3302 ab
1212 3241 1272 3303 eis·

160 3343 227 3405 dem
239 3343 470 3423 quodcumque
483 3342 661 3406 arbitratus
675 3343 828 3406 iudicium
843 3341 986 3419 erimat3
997 3359 1180 3422 eorumque
1194 3359 1271 3406 cou-

162 3443 308 3506 ditionem
330 3451 457 3507 tautum
480 3451 513 3504 et
536 3451 701 3518 naturum,
722 3451 760 3506 ut
776 3451 898 3506 terram
920 3443 1115 3518 illuminent,
1138 3463 1155 3506 ι
1173 3443 1271 3510 Gren-

162 3554 228 3608 tore
241 3546 405 3608 ordicutrs
418 3545 519 3607 icisse
531 3543 665 3607 asserat.

234 3645 311 3710 idco
331 3641 474 3710 studiose
489 3647 569 3708 boec
584 3650 727 3709 truciacs
748 3665 778 3710 ι.
801 3643 832 3710 5,
858 3650 903 3710 ιιι
917 3669 925 3709 ι
940 3667 956 3708 e
971 3647 1102 3711 iurent
1124 3649 1273 3728 deinceps

163 3746 430 3825 quenadmodum
450 3754 538 3808 estre
552 3744 719 3824 signorum
740 3745 815 3809 loco
829 3747 975 3808 instituta
998 3747 1072 3822 siut,
1091 3749 1268 3826 explicere.

161 3843 369 3910 §intuendum
389 3848 423 3908 iu
443 3845 555 3925 primis
575 3853 637 3919 est,
661 3844 818 3925 ejusmodi
840 3846 1001 3909 sideribus
1022 3851 1218 3927 assignatum
1233 3865 1271 3910 ac

164 3947 323 4012 delinitum
338 3967 408 4012 esse
424 3954 562 4022 motum,
582 3953 621 4010 ιιι
635 3963 720 4025 quae
733 3947 876 4010 errantia
892 3947 990 4027 vulgo
1004 3947 1171 4023 dicuutur,
1189 3951 1274 4012 siam

165 4045 231 4110 iris
243 4049 307 4110 illis
319 4056 420 4126 utque
441 4048 663 4110 coorientibus
676 4047 771 4126 plane
787 4049 985 4110 contrariam
1002 4058 1138 4112 teneant.
1154 4067 1169 4107 ι
1187 4048 1272 4124 Quid

165 4165 238 4227 ergo
258 4149 422 4212 cicestrie
442 4165 546 4228 prope
566 4148 728 4228 cuiusque
747 4158 868 4213 statum
893 4151 944 4212 rel
965 4167 1098 4214 cursum
1114 4160 1272 4230 perpetuo

164 4249 233 4327 ipsis
246 4253 456 4328 resignatum,
474 4251 555 4312 adeo
575 4259 789 4328 utnusquam
804 4249 845 4310 ‘rb
861 4267 901 4312 eo
917 4258 1037 4325 errent,
1052 4249 1274 4329 spondendum

166 4354 211 4410 ssi
228 4350 387 4429 praemii,
408 4365 485 4412 cum
515 4349 715 4412 voluntatem
738 4348 814 4410 buic
838 4347 944 4412 ordini
971 4351 1184 4414 reluctantem
1212 4367 1275 4410 uon

166 4449 342 4516 mmerinti
355 4449 546 4515 blandulum
568 4449 700 4529 quidem
715 4449 821 4512 sidere
841 4449 925 4512 coeli
944 4461 1138 4532 acceperunt
1159 4467 1175 4512 a
1193 4448 1276 4520 lico,

166 4555 343 4618 mundatum
373 4554 505 4632 iuquam
525 4552 669 4630 logicum
689 4551 758 4615 sire
782 4550 963 4626 rationale,
989 4561 1022 4616 ut
1055 4553 1178 4613 orbitus
1200 4570 1274 4614 suas
