3375 5567
446 775 586 837 versioni
610 769 803 838 Perinrclosr
823 773 1018 838 obtestatio:
1041 791 1105 855 qua
1128 773 1255 850 asserit,
1277 791 1311 836 se
1333 773 1457 853 praeter
1476 785 1543 832 nou·

445 874 535 938 nulla
551 875 591 937 de
611 871 779 950 Trinitate,
796 876 876 937 nttstt
898 876 937 938 de
960 878 1075 940 ceteris
1092 876 1358 956 praetermisisse,
1373 891 1430 936 uec
1449 889 1542 935 emen·

440 977 532 1041 dasse
552 979 741 1059 quidquam.
762 978 887 1042 ldcirco
907 980 938 1041 io
954 979 1016 1042 hoc
1038 979 1254 1060 paragrapho,
1270 997 1368 1059 quem
1383 995 1423 1040 ex
1438 991 1542 1055 graeco

444 1077 593 1158 Origenis
615 1088 706 1142 textu
729 1079 895 1142 transtulit
916 1079 1014 1142 latine
1036 1077 1201 1153 Rudinus,
1224 1080 1386 1143 sincerum
1405 1077 1543 1140 Auctoris

442 1199 586 1254 sensnm,
608 1181 919 1261 quomodocunque
939 1184 992 1255 sit,
1015 1183 1153 1260 exprimi
1176 1181 1348 1244 tenendum
1371 1188 1429 1242 est.

524 1281 599 1346 Post
621 1283 694 1356 troc,
718 1283 891 1362 utriusque
912 1290 945 1345 et
966 1280 1154 1365 Hieronymi
1172 1293 1204 1346 et
1228 1282 1345 1346 llullini
1368 1280 1544 1361 perquiren-

443 1393 489 1447 tes
510 1384 782 1463 interpretationis
797 1384 979 1458 discrimen,
1004 1386 1204 1464 reperiemus
1224 1383 1320 1464 justa
1344 1381 1463 1446 Hnlllni
1484 1397 1544 1442 rer·

439 1489 575 1559 sionem,
592 1485 765 1564 Origenern
782 1503 843 1565 pro
866 1502 956 1548 more
971 1502 1032 1547 suo
1048 1486 1159 1564 plures
1181 1485 1380 1566 interjicere
1395 1483 1543 1565 quaeatio·

440 1605 497 1650 nes
517 1586 558 1650 de
579 1587 711 1661 mundo,
727 1587 833 1667 deque
855 1587 992 1650 lisinec
1013 1588 1211 1662 extantibus,
1232 1589 1302 1650 sire
1321 1585 1543 1654 materiatum,

440 1692 509 1752 alre
528 1689 810 1752 intellectualibus.
837 1685 950 1751 Utrum
970 1706 1023 1751 ex.
1046 1705 1075 1768 q.
1098 1698 1172 1751 onte
1191 1687 1275 1751 tene
1296 1688 1471 1759 mendum,
1498 1681 1545 1765 psi

438 1809 528 1854 ιιιιιιι
548 1801 614 1864 ιιι,
642 1792 780 1854 mundus
800 1786 888 1853 etius
907 1788 1028 1869 suerit,
1061 1799 1094 1852 et
1114 1802 1221 1852 cetera
1250 1792 1297 1853 nti
1318 1792 1481 1870 superius.
1502 1784 1544 1850 Hs

438 1893 578 1956 adverso
600 1911 699 1974 porro
721 1891 952 1978 Hieronymus,
978 1903 1013 1955 ut
1036 1893 1186 1966 vidimus,
1203 1911 1265 1956 ιιοιι
1286 1893 1441 1974 proponit
1460 1905 1544 1970 quse·

437 1997 585 2068 ationem,
599 1995 654 2057 sed
669 1997 890 2057 assertionem.
911 1993 995 2056 ldest
1010 2011 1094 2056 onus
1115 2013 1158 2058 ιι
1173 1994 1321 2074 Origenis
1337 2005 1446 2056 mento
1459 2007 1545 2072 quse·

441 2097 503 2159 rite
536 2097 620 2158 alter
641 2097 722 2159 idest
743 2093 964 2179 Hieronymus
991 2095 1126 2173 asserlt;
1158 2113 1243 2176 quae
1265 2095 1399 2176 quidem
1422 2097 1501 2158 inter
1516 2110 1544 2156 ra

440 2196 710 2261 raldedillernnt.
728 2197 826 2260 dliud
850 2199 933 2260 enim
955 2205 1003 2260 est
1017 2215 1190 2277 quaerere,
1208 2196 1296 2259 aliud
1312 2214 1470 2259 asserere.
1486 2191 1544 2256 Pri·

436 2317 508 2362 runs
529 2299 683 2379 supponit
703 2299 734 2360 in
757 2298 902 2361 Auctore
923 2298 1081 2376 dubium3
1104 2299 1265 2362 secundus
1287 2297 1426 2361 dubium
1449 2295 1542 2372 toltit,

437 2401 519 2464 adeo
541 2411 576 2464 nt
594 2401 690 2480 justa
714 2399 880 2464 Rudinum
900 2398 1057 2479 Origenes
1088 2401 1237 2480 quamvls
1264 2399 1343 2462 ialsa
1366 2408 1544 2480 repraeter

436 2519 565 2566 sensum
580 2500 791 2577 catholicum,
808 2501 976 2582 proierat3
995 2511 1099 2566 tamen
1121 2504 1167 2566 sic
1181 2519 1320 2581 arguens
1334 2501 1374 2564 ad
1390 2515 1543 2566 summum

438 2603 586 2682 insipieus
610 2602 789 2675 rideretur,
808 2604 864 2665 sed
881 2601 1004 2664 nullius
1018 2601 1147 2683 culpae,
1163 2612 1220 2666 aut
1236 2603 1409 2666 haereseos
1425 2602 1545 2664 liabere-

441 2712 497 2766 tur
519 2723 605 2768 reos.
621 2701 681 2768 Sed
703 2721 766 2766 non
779 2705 825 2766 sic
840 2723 881 2767 ιι
904 2713 995 2784 parte
1010 2701 1212 2786 Hieronymi,
1229 2706 1349 2785 quippe
1371 2704 1543 2768 innumera·

436 2805 517 2868 biles
540 2805 677 2868 mundos
697 2823 736 2869 ac
751 2823 851 2869 unum
876 2814 947 2885 post
967 2805 1069 2868 alium
1084 2818 1309 2870 asseveranter
1330 2815 1461 2885 putasse
1480 2801 1544 2868 Ori·

437 2921 548 2984 genem
570 2907 636 2969 ait:
660 2907 691 2967 ln
705 2923 768 2986 qne
793 2905 963 2988 hypothesi
979 2912 1035 2968 aut
1057 2905 1192 2979 erroris,
1208 2915 1265 2970 aut
1287 2907 1478 2969 temeritatis
1497 2923 1539 2966 re·

434 3007 642 3086 darpueodus
660 3007 737 3088 jure
757 3014 851 3069 meet.
880 3003 1098 3068 Nihilominus
1122 3006 1183 3070 hoc
1203 3025 1267 3070 nen
1288 3007 1378 3082 dicit,
1401 3027 1461 3072 nee
1482 3005 1543 3068 rult

435 3104 614 3187 Origenes3
635 3125 710 3168 curn
733 3107 760 3168 is
780 3125 821 3169 ιι
837 3123 929 3169 ιιιοιι
951 3123 1012 3168 oon
1036 3107 1094 3169 nisi
1115 3109 1259 3186 quaesita
1276 3109 1428 3190 proponit
1449 3108 1543 3170 discn-

438 3207 556 3282 tlenda,
572 3207 708 3288 seligens
730 3207 802 3271 inde
821 3209 922 3288 megin
937 3207 1182 3287 scripturarum
1203 3210 1309 3272 sensui
1330 3209 1543 3274 accommoda·

439 3317 483 3383 ta,
504 3317 562 3372 ent
579 3327 675 3373 sanae
697 3309 946 3388 intelligentiam
963 3317 1070 3372 cetera
1089 3326 1241 3389 respuens
1262 3329 1322 3374 eeu
1345 3313 1452 3376 miuus
1467 3311 1541 3374 clsri·

436 3411 540 3474 aliano
560 3410 701 3490 dogmati
724 3409 910 3474 uniformia.
976 3443 981 3452 ·

519 3509 622 3575 Porro
642 3531 682 3576 es
705 3519 883 3585 contestu,
905 3514 974 3575 sive
996 3531 1036 3577 ιι
1059 3514 1338 3594 praecedentibus,
1361 3533 1425 3580 uon
1443 3516 1539 3579 solun

435 3612 633 3676 mundorum
654 3612 876 3693 pluralitatem
898 3614 929 3676 in
950 3631 1045 3678 sensu
1066 3613 1217 3680 absoluto
1240 3616 1399 3696 probatur
1420 3631 1539 3696 ιιιμιιι

436 3713 631 3794 Origenemy
652 3717 707 3779 sad
728 3726 761 3780 et
782 3718 915 3796 insuper
935 3716 1116 3780 ostenditur
1133 3718 1323 3780 memorum
1344 3717 1538 3798 significatio·

436 3834 509 3880 nens
526 3817 654 3881 minime
676 3819 717 3881 ita
734 3817 963 3898 comprehendi
985 3818 1025 3879 ab
1049 3816 1206 3894 Auctore,
1218 3821 1313 3884 sicuti
1336 3821 1456 3901 placuit
1470 3817 1536 3882 Hie·

439 3936 576 4004 rooymn
597 3920 699 3982 eidem
720 3921 915 3983 adscribere.
945 3917 985 3982 Et
1007 3920 1112 4000 quoad
1144 3921 1279 4001 primam
1303 3932 1448 4002 partem,
1468 3937 1540 4002 pan·

438 4019 472 4083 lo
486 4027 560 4084 ante
580 4021 765 4100 saepissime
777 4020 933 4082 mundum
953 4028 1011 4082 ant
1031 4018 1214 4084 uniuersum
1234 4022 1394 4102 singulari
1416 4037 1540 4084 numero

437 4123 639 4201 nuncuparit
657 4120 835 4201 Origenes:
868 4123 1046 4203 quinimmo
1076 4123 1176 4202 ipsius
1197 4122 1425 4187 determinavit
1444 4123 1539 4186 nnita·

440 4231 517 4296 tem‚
541 4223 686 4303 iuquiens
707 4224 738 4284 iu
759 4225 864 4302 capita
887 4222 927 4287 ll.
952 4225 1173 4304 praecedentis
1189 4243 1257 4286 ree
1275 4225 1388 4307 quidus
1407 4221 1537 4288 omnibus

438 4322 583 4388 diuersus
601 4341 641 4388 nc
659 4321 770 4387 norim
795 4322 893 4389 usius
915 4324 1026 4388 mrsndi
1048 4323 1254 4406 complebitur
1276 4336 1422 4390 untur.»
1443 4323 1537 4401 Quem

438 4433 545 4488 tamen
565 4443 606 4488 ιι
624 4424 810 4490 diversitate
830 4427 1100 4500 substantiarum,
1115 4446 1200 4509 quae
1220 4428 1252 4491 in
1273 4447 1313 4492 eo
1327 4427 1450 4493 ‚mnodo
1468 4440 1536 4488 con·

441 4528 607 4601 sinentur,
632 4527 758 4591 rariom
780 4536 840 4592 aut
859 4527 1043 4593 dissimilem
1065 4536 1248 4610 nuncupat,
1272 4537 1341 4594 tum
1362 4548 1402 4594 ιι
1425 4525 1536 4589 ricinus
