3375 5567
172 806 257 861 norte
273 797 350 860 tnnc
369 800 485 862 vitium
506 796 747 861 btssotvcnduoi
772 804 857 860 erut.
881 816 901 853 u
915 794 1044 860 Pariter
1062 795 1267 860 ioOrstiooc

175 898 207 961 u
224 895 349 963 iiortsis
368 898 519 973 docebat,
542 906 693 963 notursrn
709 906 853 961 nostrone
874 915 892 962 s
915 895 985 960 Deo
998 898 1041 960 itu
1064 895 1182 959 tectum
1196 916 1268 961 csso

173 1010 199 1064 ut
224 1009 442 1082 postmortem
474 1005 593 1065 iturum
616 1001 654 1064 sd
678 1000 849 1080 pristinum
870 1009 992 1063 stotuoi
1021 1000 1269 1081 perveniemus,

172 1104 235 1167 itest
248 1104 282 1165 sti
296 1103 541 1167 similitudinem
556 1101 652 1167 bei.»
670 1101 790 1166 ibidem
806 1102 937 1165 adbites
953 1100 1123 1165 Hominem
1136 1104 1167 1163 in
1183 1102 1270 1181 prin·

172 1204 237 1284 cipio
261 1204 451 1269 decoratum
473 1204 717 1286 pulchritudine
739 1201 848 1267 betur
868 1203 1080 1277 beutitntiiuc,
1095 1202 1270 1282 (totstttgss

170 1306 230 1384 quit
249 1307 304 1369 sibi
320 1308 400 1371 sctit
421 1306 603 1387 Gregorius
616 1306 680 1371 sub
700 1306 761 1369 boc
778 1304 940 1369 vocubuio
960 1302 1179 1379 beatitudinis)
1195 1304 1270 1366 beo

172 1407 282 1470 titudine
304 1408 411 1489 iuquit
426 1408 639 1488 aegritudinis
660 1416 693 1471 et
707 1407 926 1488 corruptionis
949 1424 1050 1471 vocuo
1068 1426 1087 1462 s
1107 1403 1155 1469 bc
1168 1404 1271 1487 puoto

170 1516 224 1587 post
240 1509 357 1590 sijicitr
374 1532 392 1571 c
416 1507 527 1575 Veluti
543 1510 575 1571 in
597 1510 727 1573 tommo
739 1510 819 1590 ignis
840 1508 950 1572 uuicrt
964 1518 998 1572 ct
1017 1508 1160 1571 sbsosnit
1173 1508 1268 1588 quiti-

169 1611 226 1689 quii
246 1612 273 1674 in
295 1609 383 1674 icrro
406 1622 456 1673 est
475 1610 589 1675 inutile
601 1631 612 1689 3
635 1612 681 1675 its
702 1613 733 1675 in
755 1611 821 1691 ipsu
845 1619 952 1673 roone
971 1628 1092 1690 corpus
1112 1610 1153 1671 eb
1174 1610 1264 1672 ouini

170 1730 195 1773 re
210 1729 441 1792 supervacaneo
463 1730 502 1785 uc
523 1712 628 1774 inutili
650 1730 709 1793 por
736 1712 943 1775 mortaiitatis
963 1711 1159 1774 solutionem
1185 1710 1266 1774 ttbc-

170 1818 244 1873 utur
260 1829 314 1872 ss
338 1812 439 1873 seriis
460 1827 574 1891 nempe
595 1811 876 1891 concupiscentiae
907 1811 1012 1873 mutes
1034 1812 1219 1891 generibus,
1247 1828 1268 1873 u

170 1912 316 1975 vitiositate
336 1914 471 1993 inquom
494 1920 530 1975 ut
551 1913 584 1973 in
604 1922 773 1975 oeternum
797 1912 896 1973 rivet.

228 2011 375 2077 Similiter
396 2013 544 2095 eiusdem
559 2014 684 2094 generis
704 2012 885 2076 locutiones
899 2012 940 2075 dc
960 2012 1098 2075 honrinis
1116 2019 1205 2073 stetu
1231 2010 1265 2073 in

169 2116 381 2177 resurrectione
401 2115 522 2194 quibus
542 2114 687 2177 conteris
712 2114 869 2194 teguntur
887 2114 1007 2193 scriptu
1030 2111 1179 2196 Nysscoi,
1202 2112 1266 2175 boc

169 2216 231 2277 iton
248 2216 367 2300 dicum,
391 2227 425 2279 et
447 2214 596 2295 tirmun13
621 2216 722 2279 soluti
745 2234 798 2279 ox.
822 2234 864 2296 ge
886 2212 1059 2277 stettein·
1079 2216 1194 2277 mcum
1213 2233 1264 2275 co·

167 2314 244 2393 piture
260 2317 396 2381 ionicis
417 2329 568 2380 naturum
588 2316 623 2381 iu
644 2316 895 2381 resurrectione:
914 2336 1013 2397 penus
1031 2317 1205 2379 humanum
1227 2314 1266 2378 iu

170 2420 365 2483 ruunectione
377 2420 423 2482 ud
436 2418 648 2499 cupustiorem
662 2428 780 2483 ctutum
800 2419 992 2483 commutari
1006 2440 1017 2482 ε
1031 2418 1082 2481 nii
1094 2418 1188 2482 atiud
1198 2438 1267 2499 spe·

168 2516 222 2577 teri
237 2519 271 2581 ub
289 2519 414 2585 bomine
432 2539 489 2601 per
508 2520 786 2596 resurrectionen,
808 2520 877 2585 uisi
895 2522 982 2601 quoti
1000 2532 1070 2583 erot
1089 2521 1126 2583 iu
1143 2522 1268 2601 prisci·

165 2618 218 2695 pit,
234 2620 303 2685 idest
324 2622 361 2685 iu
381 2623 479 2687 tono.-
498 2621 566 2686 uito
596 2623 738 2689 itumono
766 2623 802 2697 ic
822 2624 902 2687 ὁοιιο
921 2624 1049 2705 (tepebat
1068 2634 1143 2688 onte
1156 2642 1270 2704 pecco·

168 2728 219 2783 tusi
235 2721 266 2785 iu
282 2722 462 2803 pus-otiien:
484 2724 592 2788 obtuto
614 2724 805 2801 vitiositate,
821 2726 932 2794 auimo
952 2745 1018 2789 non
1038 2724 1227 2806 impedietur
1244 2746 1267 2787 o

169 2822 401 2904 coucupiutioue
423 2823 518 2888 boni:
539 2835 648 2889 nostru
668 2836 789 2891 nutura
809 2846 906 2907 epesu
926 2839 972 2891 est
992 2827 1066 2890 boni
1076 2851 1085 2891 ε
1108 2829 1145 2889 iu
1164 2845 1268 2891 resur·

167 2920 274 2986 rectione
291 2946 312 2989 c
334 2925 400 2989 Deo
420 2946 521 2989 unuin
541 2926 691 2992 constitui
704 2930 818 3009 sertum
839 2929 926 2991 omni
945 2938 1110 2995 creaturae
1123 2927 1268 2993 rationu·

168 3018 232 3083 it'ec
259 3022 465 3105 inferioribus
486 3036 515 3089 et
543 3027 754 3109 tennioribus
783 3028 821 3093 in
851 3040 1007 3093 conuentu
1035 3029 1267 3093 beatitudinum

168 3118 270 3187 Mun
283 3126 480 3191 ducentibus:
490 3127 549 3207 qui
560 3139 688 3209 propter
703 3127 904 3194 vitiositatem
917 3140 1009 3193 rutro
1019 3140 1109 3207 sust,
1118 3129 1269 3209 aliquoc-

166 3222 287 3289 iointrn
306 3225 434 3291 aditum
450 3227 579 3293 diuinos
600 3229 807 3294 beatitudinis
826 3230 935 3313 futuri
945 3253 954 3295 e
972 3250 1134 3295 commune
1154 3234 1269 3313 festum

168 3321 234 3387 circe
252 3326 344 3391 &unt
377 3328 585 3395 coustituetur
605 3332 645 3394 ub
665 3331 730 3408 iis,
759 3330 818 3415 qui
833 3353 895 3413 per
914 3330 1175 3398 resurrectionem
1194 3351 1268 3395 coo·

168 3422 260 3493 taint
276 3431 421 3511 suerint:
443 3432 480 3495 irs
494 3434 722 3496 resurrectione
735 3434 876 3497 omnium
904 3452 1076 3498 consessus
1089 3436 1150 3499 erit
1163 3434 1199 3498 iu
1214 3435 1267 3497 bo·

169 3540 215 3585 tt:
232 3540 303 3593 tunc
326 3531 474 3613 temporis
494 3552 598 3596 omncs
625 3534 819 3600 concorditer
849 3537 965 3616 festum
984 3554 1111 3615 cpemus
1134 3534 1172 3599 iu
1192 3554 1267 3599 cos·

167 3626 274 3699 testim
293 3632 408 3710 ittius,
442 3632 502 3716 qui
522 3654 591 3697 uere
610 3646 654 3699 est
677 3635 783 3701 Deus:
818 3654 1020 3701 reucscemur
1040 3634 1079 3699 in
1098 3636 1268 3719 untiqutun

165 3731 428 3803 pulchritudinem:
442 3754 509 3798 uno
528 3734 671 3801 erunibus
684 3740 789 3815 [ormo
802 3737 1004 3819 imprimetur
1005 3756 1022 3811 ,·
1043 3756 1083 3802 oc
1101 3737 1213 3802 diuino
1227 3737 1264 3804 ie

168 3832 266 3894 curctis
300 3834 434 3899 etucebit
466 3836 641 3919 ucpuotiter
670 3838 800 3919 insopor
837 3837 930 3915 Quos
958 3847 1075 3903 cuncto
1113 3840 1266 3921 psteiicut

171 3946 286 3997 reseratu
307 3938 349 3999 ub
372 3936 513 4001 Humilis
545 3940 568 4003 1.
591 3940 622 4001 iu
658 3940 826 4005 Cunticuut
858 3939 1067 4005 (leuticorum
1103 3942 1157 4005 ubi
1180 3943 1266 4023 puri·

170 4038 206 4093 ter
222 4036 256 4098 te
276 4042 519 4105 resurrectione
540 4042 680 4119 disserit,
704 4047 734 4105 io
756 4060 820 4123 qus
847 4056 968 4123 corpus
999 4044 1128 4107 suinae
1144 4044 1265 4107 iterum

170 4133 359 4219 ttjuupetur5
381 4150 481 4220 utque
503 4144 535 4205 in
556 4144 833 4225 incorruptionem
854 4144 1128 4219 commutabitur,
1149 4162 1266 4224 corpo-

171 4236 219 4297 reis
237 4248 306 4303 tuuc
328 4240 472 4303 tuotibus
487 4243 643 4307 advorsus
664 4246 816 4325 spiritum
836 4262 972 4325 prorsus
993 4244 1122 4309 scistis.
1144 4241 1265 4309 Scribit

171 4337 252 4399 roim:
272 4362 288 4397 s
310 4338 407 4416 Quae
427 4350 537 4405 uuicos
560 4362 619 4424 per
639 4362 769 4407 curnem
791 4346 882 4409 uobis
909 4345 1091 4409 molestiam
1112 4344 1265 4424 ingerunt

172 4436 326 4515 uniones,
360 4444 392 4503 io
414 4442 479 4504 iitis
499 4446 693 4524 corporibus
715 4464 777 4509 non
811 4446 949 4509 existent
960 4464 972 4526 3
1007 4446 1062 4508 sod
1086 4446 1262 4523 (advertus

172 4536 231 4610 quit
247 4541 303 4603 sibi
324 4542 432 4607 coluit
452 4540 615 4628 Nysseous
638 4548 686 4613 tris
706 4548 915 4626 dictionibus,
937 4566 975 4611 sc
995 4565 1072 4611 cum
1093 4548 1133 4613 iis
1151 4549 1260 4614 conic-
