3375 5567
147 820 340 878 marmentunr
360 812 521 876 omnious
539 809 674 874 seritute
690 808 850 885 dissitum,
870 805 1069 889 proindeque
1089 805 1131 868 ab
1151 806 1236 887 eins·

148 916 202 978 den
219 915 366 995 origenis
384 931 497 992 scopo,
518 931 616 992 quem
636 911 680 973 ibi
700 910 881 974 intenderat
900 907 1148 972 discutiendum.
1242 989 1247 1002 ν

208 1017 354 1080 Attamen
375 1017 554 1096 quidquam
578 1020 685 1076 menet
706 1013 882 1076 notandum
905 1012 944 1074 de
965 1012 1023 1087 iis,
1045 1029 1130 1091 qnae
1151 1010 1236 1074 idem

148 1112 345 1198 Hieronymus
366 1117 397 1177 in
418 1113 658 1180 Commentario
684 1113 850 1194 Epistoise
871 1113 910 1176 ad
933 1111 1090 1192 Ephesios
1111 1113 1245 1192 putavit·

148 1215 265 1279 inctori
285 1217 488 1296 exprobrare
507 1235 549 1279 ex
572 1216 700 1279 serbis:
722 1212 820 1277 ueriti
831 1213 924 1293 clepit
943 1231 1000 1274 sos
1020 1211 1056 1274 irs
1078 1210 1146 1293 ipro
1166 1222 1239 1276 onte

146 1315 238 1378 norst
256 1310 451 1409 καταβολήν
470 1316 734 1380 constitutionem.
763 1316 920 1393 Quamvis
939 1323 1048 1378 antem
1072 1313 1243 1396 bucusque

148 1416 333 1480 benderetnr
352 1425 463 1480 textus
490 1415 721 1480 Commentarii
742 1416 890 1496 origenis
911 1416 942 1478 in
964 1415 1141 1496 praefatam
1165 1415 1241 1497 Epi-

147 1519 268 1594 stoism,
297 1537 336 1582 sc
356 1536 419 1580 non
440 1517 500 1580 nisi
523 1517 621 1598 tinius
641 1517 840 1580 breviarium
867 1516 1009 1596 supersit
1027 1517 1113 1596 apud
1134 1518 1240 1597 ipsum

149 1615 387 1700 Hieronymum,
409 1617 616 1680 nibitominns
637 1637 679 1680 ex
702 1617 910 1702 transtatione
929 1635 956 1680 s.
972 1614 1122 1681 Doctoris
1143 1618 1244 1681 abnn-

147 1721 177 1782 de
189 1719 340 1800 suspicio,
358 1721 463 1801 ipsum
478 1737 542 1783 non
557 1718 837 1799 comprehendisse
854 1720 1012 1783 sinceram
1026 1717 1175 1800 Origenis
1188 1739 1244 1783 ex·

148 1822 321 1899 positionem
340 1822 530 1882 incitatum
554 1817 700 1900 Apostoli
722 1821 950 1882 testimonium.

209 1919 296 1985 flacc
313 1929 423 1986 autem
444 1921 549 1984 omnis
568 1921 695 1984 excutit
714 1919 934 2006 Hieronymus
953 1919 984 1982 in
999 1918 1098 1983 Libro
1122 1920 1145 1983 Ι.
1168 1940 1242 1985 con·

150 2031 187 2084 tra
208 2021 372 2086 linibnum
394 2040 425 2083 n.
446 2019 498 2084 22.
515 2023 683 2101 inquiens:
707 2042 725 2081 s
749 2019 819 2084 itas
841 2019 925 2084 siem
944 2019 1106 2101 steyitnos
1126 2019 1245 2104 inipso

147 2134 206 2185 oste
218 2122 331 2185 numi
349 2120 613 2196 constantiorem,
625 2123 830 2201 interpretati
850 2141 975 2200 sumus,
998 2130 1035 2185 ut
1054 2123 1244 2188 electionem

148 2241 212 2298 non,
229 2223 324 2304 juxte
345 2222 531 2302 Origenem,
553 2239 669 2286 eornm
690 2222 884 2299 diceremus,
906 2225 963 2303 qni
985 2225 1075 2303 prins
1096 2224 1241 2304 inerant;

147 2324 190 2386 sed
210 2323 250 2384 sd
271 2321 331 2386 Dei
350 2324 596 2403 praescientiam
617 2322 827 2398 referremus.
851 2343 868 2381 a
892 2323 939 2386 dc
963 2325 1126 2388 nonnullis
1147 2327 1245 2390 inter·

148 2425 246 2504 positis
264 2424 376 2486 addite
393 2443 411 2481 r
427 2423 520 2485 Alius
543 2441 621 2486 roro
641 2423 835 2503 (Origenes)
850 2425 906 2503 qni
929 2421 1033 2487 Deum
1045 2425 1169 2506 justam
1191 2445 1246 2490 co·

149 2534 234 2590 natur
246 2523 429 2599 ostendere,
444 2523 531 2602 qnod
553 2541 617 2585 non
636 2543 678 2586 ex
692 2524 894 2604 pracindicio
908 2525 1058 2588 scientiae
1077 2543 1168 2601 suso,
1190 2525 1246 2589 sed

147 2641 181 2686 es
199 2626 315 2688 merito
335 2624 515 2688 electorum
531 2641 798 2704 unumquemque
815 2624 916 2703 eligit,
937 2624 1026 2699 dicit,
1047 2631 1120 2689 ante
1143 2625 1249 2689 risibi-

148 2723 186 2786 ies
205 2731 372 2788 creaturas
392 2724 521 2788 coelum
543 2733 576 2788 et
597 2732 732 2796 terram,
746 2724 848 2787 maris
870 2731 903 2786 et
923 2725 1028 2787 omnia
1043 2742 1127 2804 quse
1149 2727 1180 2787 in
1202 2727 1247 2790 eis

149 2835 223 2901 sont,
244 2825 346 2888 inim
365 2826 445 2888 alias
465 2826 640 2888 invisibiles
661 2832 842 2899 creaturas,
856 2825 887 2886 in
908 2825 1028 2905 quibus
1049 2836 1082 2889 et
1099 2827 1223 2890 animas
1234 2849 1246 2908 3

147 2943 220 3003 quae
239 2927 282 2990 ob
303 2943 418 2990 causas
438 2927 500 2990 soii
522 2925 591 2988 Deo
611 2927 767 3006 cognitas,
781 2925 926 3006 dejectae
948 2933 1022 2990 sunt
1044 2928 1195 2991 deorsum
1219 2930 1249 2992 in

149 3029 257 3092 satiem
277 3029 372 3091 istum
384 3028 619 3112 lacrymarum,
636 3029 667 3088 in
688 3028 799 3090 iocum
819 3025 997 3089 afflictionis
1012 3037 1044 3090 et
1067 3031 1249 3107 peregrinu-

149 3131 231 3192 tionis
251 3135 403 3192 nostrae:
433 3131 466 3191 in
485 3147 553 3208 quo
573 3127 709 3190 Sanctus
729 3129 922 3191 constitutus
944 3129 1070 3202 orabit,
1087 3139 1123 3191 ut
1141 3131 1180 3192 ad
1202 3150 1251 3194 se·

147 3229 211 3293 dem
226 3231 393 3312 pristinam
408 3236 645 3303 reverteretur,
666 3229 794 3292 dicens:
815 3228 874 3290 teo
888 3226 981 3303 mibi,
1001 3229 1078 3310 poia
1091 3228 1252 3296 incolatus

148 3347 225 3392 neus
240 3332 451 3411 prolonyctnr
471 3340 532 3402 est,·
547 3328 687 3392 babitcoi
706 3345 778 3390 cum
795 3326 1010 3392 dubitantibus
1032 3326 1153 3392 cedar.-
1174 3333 1255 3394 mul·

151 3439 209 3492 ten
224 3430 428 3511 pereprinctc
447 3439 492 3492 ert
519 3427 629 3492 caiisa
648 3447 726 3491 osec.
746 3427 786 3490 Et
808 3427 1108 3507 Apostoluss'mircr
1126 3449 1181 3510 syo
1200 3431 1254 3492 be-

151 3549 205 3604 sso,
224 3533 297 3614 paris
310 3551 358 3595 me
378 3531 519 3595 liberabit
530 3531 568 3592 de
581 3548 706 3610 corpore
719 3529 829 3592 mortis
848 3525 974 3612 bajus?
990 3529 1045 3594 Et:
1063 3529 1174 3595 setim
1194 3551 1256 3596 esse

149 3636 254 3697 reuerti
274 3642 305 3696 et
323 3652 387 3697 esse
401 3653 474 3696 com
494 3631 625 3696 cbristo.
647 3631 690 3694 Et
704 3631 793 3693 alibi:
808 3639 977 3712 cuiqnam
997 3629 1186 3694 humiliarer
1203 3651 1257 3713 syo

152 3733 289 3817 detipui5
308 3743 342 3800 et
361 3743 470 3798 cetera
492 3734 540 3796 tais
560 3733 700 3804 similis,
729 3749 814 3811 qnae
835 3733 969 3810 longum
991 3739 1039 3796 est
1059 3733 1213 3796 scribere.
1238 3755 1254 3791 o

153 3833 188 3896 Et
208 3847 277 3916 post
298 3853 402 3917 psucs
423 3835 589 3899 concludit
608 3852 634 3897 s.
658 3832 801 3896 dioctor:
820 3853 836 3892 r
858 3832 954 3897 Posui
975 3849 1059 3913 erpo·
1076 3836 1195 3910 omnis,
1220 3837 1257 3897 ii·

152 3942 200 3997 cet
218 3937 361 4009 brevius,
383 3951 468 4015 quae
489 3937 520 3997 in
542 3951 660 4014 greeco
679 3935 804 4013 reperi,
825 3939 862 3996 ui
884 3933 962 3996 nihil
986 3933 1142 3997 haberent
1163 3935 1256 4000 disci-

152 4036 305 4118 pudicius
324 4038 412 4113 nori,
434 4035 521 4116 quod
543 4036 720 4097 latinorum
742 4033 877 4096 auribus
898 4034 1093 4112 ingererent.
1118 4053 1133 4090 s

234 4137 358 4220 liespse
383 4139 482 4219 panto
507 4147 581 4199 aute
610 4143 642 4199 et
667 4135 744 4197 aiibi
772 4136 850 4196 dicit
878 4153 912 4197 se
943 4131 1257 4198 Commentariorum

154 4238 295 4319 origenis
327 4259 457 4304 sensnm
486 4243 669 4320 apernisse,
695 4237 757 4299 alia
788 4237 960 4313 adiecisse,
989 4237 1050 4298 stin
1066 4235 1258 4314 breviasse,

156 4337 245 4415 picra
266 4340 461 4403 emendasse.
482 4338 524 4401 Et
544 4340 619 4402 hinc
639 4345 688 4401 est
708 4337 810 4416 qnod,
831 4337 878 4399 uti
903 4339 1054 4416 superius
1074 4335 1261 4416 significavi,
1312 4355 1320 4366 ·

158 4455 270 4501 vereor
289 4457 330 4504 ne
350 4441 455 4521 ipsam
477 4440 612 4502 latuerit
634 4437 823 4518 interpretis
843 4455 956 4513 mens,
984 4453 1121 4516 esmque
1142 4437 1261 4502 insitas

153 4542 353 4614 perrerierit.
376 4541 599 4618 Quamobrem
614 4541 723 4603 denuo
742 4539 893 4618 origenis
914 4539 1210 4617 interpretationem
1231 4539 1261 4600 in
1278 4532 1286 4538 ’
