3375 5567
157 817 209 879 prn
227 802 358 881 pereatis
378 802 411 863 ia
432 801 622 882 indignitate
639 802 793 876 vixerint,
808 806 841 865 et
862 801 953 877 allas,
968 816 1055 882 quae
1076 820 1137 882 pro
1155 804 1254 867 merl·

157 904 190 964 tis
201 903 238 963 ad
251 903 476 967 beatitudinem
495 905 650 967 inritatae
664 905 750 982 sint;
770 903 826 966 sed
842 901 899 965 hrt
914 900 1056 979 easdem,
1077 918 1164 984 quaa
1178 914 1252 969 aute

155 1002 270 1066 luenut
288 1006 497 1084 praesrtim,
518 1020 692 1068 conversas
706 1005 914 1085 postmodnm
929 1011 961 1067 et
977 1002 1045 1068 lieo
1065 1008 1254 1071 renoncilia-

155 1115 196 1166 tas
216 1106 353 1169 nmmos
374 1106 415 1168 ad
438 1107 669 1170 beatitudiuem
691 1108 852 1183 revomi.
878 1104 923 1167 lta
950 1108 1048 1170 etiam
1075 1108 1115 1171 de
1136 1118 1252 1173 natura

153 1207 285 1287 eorporis
297 1207 500 1271 sentiendum
515 1213 578 1281 ent,
590 1206 679 1287 quod
692 1224 757 1268 non
771 1205 861 1269 aliud
873 1222 995 1285 eorpus
1010 1215 1070 1283 est,
1086 1226 1153 1288 quo
1167 1226 1253 1273 anne

153 1308 389 1387 iaipnndilitate
408 1318 444 1371 et
455 1308 490 1370 iu
505 1309 718 1387 corruptione
737 1315 771 1370 et
790 1304 976 1369 indemitate
999 1308 1146 1388 utimum
1168 1319 1201 1373 et
1221 1328 1254 1372 a·
1297 1300 1301 1307 ’

151 1407 210 1470 liud
229 1411 290 1472 erlt
310 1410 410 1476 illud,
432 1427 499 1489 qun
521 1412 552 1471 in
573 1410 822 1488 incorruptione
835 1416 869 1471 et
889 1409 920 1471 in
938 1410 1060 1473 virtute
1080 1419 1114 1473 et
1134 1412 1166 1473 in
1187 1412 1255 1490 glo·

151 1508 192 1568 ria
210 1516 361 1571 utentur:
378 1509 435 1571 aed
446 1510 512 1572 -lroe
527 1510 624 1583 idem,
639 1508 774 1590 abjectis
793 1507 841 1571 llis
862 1508 1113 1583 infirmitatibus,
1130 1511 1161 1572 in
1183 1512 1254 1592 qui·

152 1609 307 1671 hasnum
319 1617 390 1682 eat,
412 1609 597 1687 ingloriam
621 1610 891 1673 transmutabitur
910 1612 1057 1690 spiritale
1076 1611 1251 1687 ellectum,

151 1720 183 1771 at
199 1709 285 1790 quud
299 1710 362 1773 init
382 1710 579 1790 indignitatis
594 1727 663 1787 aas,
679 1710 740 1771 hou
756 1709 863 1788 ipsum
884 1718 1105 1789 expurgatum
1123 1710 1178 1775 liat
1199 1722 1267 1776 ras·

151 1809 272 1873 loaoris
291 1820 324 1873 et
338 1811 546 1875 lentitudinis
566 1808 801 1873 habitaculum.
817 1806 851 1870 ln
874 1826 941 1889 quo
954 1818 1041 1873 atain
1064 1812 1160 1875 etiam
1182 1830 1255 1893 per·

151 1928 271 1973 nauare
287 1930 419 1992 semper
430 1920 464 1974 et
484 1910 733 1973 immutabiliter
745 1907 908 1974 creatoris
928 1908 1095 1973 voluntate
1116 1920 1165 1975 est
1185 1930 1256 1976 ore·
1338 1948 1341 1955 ⁴

149 2010 302 2085 dandum,
325 2011 421 2075 fldem
442 2013 489 2075 rei
511 2011 650 2075 iaciente
671 2010 820 2090 Apostoli
848 2008 1004 2075 nonnulla
1026 2013 1179 2076 dicentis:
1202 2014 1256 2077 do·

149 2130 225 2175 aaut
242 2113 391 2176 marna
411 2130 477 2175 aon
495 2115 734 2194 monianum,
755 2124 917 2199 aeternnm
936 2112 973 2175 in
993 2110 1096 2176 realis.
1114 2130 1131 2171 n

220 2215 275 2280 lla
289 2216 464 2295 hueusque
474 2215 568 2279 dictis
582 2222 683 2296 patet,
696 2214 885 2294 mironem,
901 2233 975 2278 cnm
990 2216 1036 2279 ait
1051 2214 1256 2281 novissimam

147 2317 263 2381 destrui
275 2325 415 2379 mortem
435 2316 519 2379 idest
534 2323 704 2395 peeoatnm
721 2317 754 2377 lu
768 2332 879 2389 earne,
895 2315 983 2395 qnod
1000 2332 1063 2379 nnn
1076 2324 1157 2380 eata
1173 2314 1255 2395 ileo,

147 2421 291 2483 maeotim
307 2436 418 2481 veroa
432 2415 503 2480 lieo
516 2418 586 2496 ipso
606 2425 733 2483 oreatus
755 2434 900 2493 manere,
921 2417 1009 2481 nolle
1031 2420 1165 2482 tertium
1181 2436 1257 2483 oon·

146 2522 264 2584 ditionis
278 2522 442 2583 humanae
455 2520 563 2582 statim
578 2525 651 2598 post
663 2518 825 2599 indicium
848 2521 1059 2582 novissimum
1075 2512 1258 2584 considera·

148 2639 190 2696 re,
202 2638 319 2685 verunt
328 2619 509 2683 seeundum
523 2619 732 2683 intervalium
745 2627 821 2700 post
832 2619 958 2682 obitum
971 2618 1129 2699 eorporis.
1146 2618 1193 2682 liri
1207 2638 1257 2683 sa·

148 2738 182 2783 ne
193 2731 281 2787 totns
294 2724 330 2784 in
342 2739 385 2783 eo
396 2727 447 2782 est
455 2718 614 2798 Origenes
630 2727 667 2783 nt
686 2728 802 2783 eontra
826 2718 987 2796 infideles,
1004 2718 1109 2783 earnis
1126 2727 1258 2785 nostrae

145 2839 196 2900 per
208 2830 349 2885 mortem
364 2818 542 2883 dissolutae
557 2817 628 2880 lieri
642 2836 736 2897 posse
755 2826 879 2881 statuat
900 2822 1139 2899 reparationem
1154 2838 1192 2884 ac
1207 2838 1258 2884 re-

145 2926 374 2987 mmeetionam
383 2940 395 3000 ς
408 2929 448 2983 nt
461 2920 549 2992 inde,
570 2926 671 3000 prout
685 2920 717 2982 in
733 2921 840 2999 primo
854 2920 958 2984 stadio
972 2938 1042 2985 sese
1063 2938 1137 2984 cnm
1153 2922 1257 2983 anima

146 3026 283 3103 gesserit,
296 3022 546 3086 retributionem
562 3022 710 3101 accipiat.
724 3018 868 3099 ideoque
883 3020 978 3084 donet
992 3021 1174 3084 necessario
1186 3020 1257 3085 lore

147 3127 340 3189 substautias
360 3132 490 3186 nostrae
504 3140 683 3202 corporeae
702 3119 954 3201 polinpanesienr
968 3122 1260 3202 regenerationem,

148 3246 198 3290 seu
217 3224 495 3289 restaurationem
517 3224 549 3285 in
563 3222 748 3302 pristinum.
765 3220 859 3297 Quae
876 3229 1060 3285 tamennon
1080 3220 1188 3284 subito
1202 3220 1258 3284 sed

146 3328 296 3406 paulatim
308 3334 413 3403 etper
427 3331 536 3403 partes
547 3330 665 3402 etpost
682 3322 829 3402 longum,
846 3322 899 3384 rel
914 3321 1089 3401 longissimi
1105 3322 1260 3402 temporis

146 3428 293 3507 spatium,
310 3425 378 3500 liet,
393 3424 497 3487 donee
510 3424 635 3487 seilicet
654 3426 785 3503 expiata
809 3420 909 3485 luerit
928 3440 947 3484 a
966 3422 1185 3485 malitiositate
1194 3442 1206 3502 3
1222 3438 1261 3486 ao

146 3527 182 3589 ita
196 3527 478 3606 incorruptionem
495 3532 529 3586 et
542 3524 695 3604 gloriam,
715 3541 814 3603 qnam
836 3524 868 3585 iu
884 3530 1016 3603 peceato
1031 3523 1195 3598 amiserat,
1211 3541 1260 3586 aa·

146 3636 313 3708 sequatur,
327 3631 364 3688 et
382 3625 440 3686 liat
458 3624 629 3703 spiritalis,
644 3625 693 3685 nti
716 3625 763 3685 ait
786 3622 974 3702 Apostolus.
993 3620 1034 3685 llt
1052 3623 1132 3685 haee
1153 3622 1262 3685 omnia

147 3728 334 3793 inmanitati
355 3734 487 3789 nostrae
500 3732 661 3789 eventura
676 3724 889 3787 Adamantius
909 3733 1021 3805 aperto
1042 3724 1120 3787 dicit
1140 3742 1262 3805 naqua-

147 3849 234 3910 quam
257 3836 336 3911 post
356 3826 652 3901 mamertinum,
670 3842 730 3889 sen
752 3832 825 3905 post
842 3824 1003 3905 indicium
1025 3826 1260 3905 novissimum

148 3932 245 3995 sedin
267 3930 344 4011 eius
363 3929 437 3991 aevi
456 3926 653 4003 intervallo,
676 3927 764 4006 qnod
787 3927 873 3988 inter
894 3934 1031 3989 mortem
1053 3925 1139 3989 cedit
1159 3934 1192 3988 et
1213 3942 1264 3988 re·

148 4031 354 4096 surrectionis
367 4030 453 4093 diem
460 4049 472 4108 3
487 4029 570 4090 adeo
590 4027 721 4091 ntnilril
741 4027 815 4089 inde
832 4028 934 4089 statui
950 4028 1053 4106 possit
1074 4034 1188 4089 eontra
1206 4024 1263 4086 do-

149 4148 209 4210 pna
229 4133 274 4196 de
296 4146 478 4212 poenarum
499 4130 702 4204 aeternitate,
718 4146 818 4209 qnam
839 4128 930 4194 nitati
951 4126 1133 4207 Scriptores
1151 4124 1263 4189 imme·

149 4234 203 4296 rito
220 4234 460 4297 existimarant
479 4230 653 4310 Origenem
673 4248 818 4310 negasse.

218 4332 320 4410 Quod
335 4340 448 4397 autem
463 4330 549 4393 idem
562 4332 629 4410 lpse
642 4331 754 4394 serinii
769 4331 856 4394 eirea
870 4328 1070 4393 substantiae
1084 4342 1264 4409 corporeae

152 4437 357 4499 mundonem
379 4434 539 4512 (natnrae
554 4434 720 4497 rationalia
740 4450 845 4507 more,
868 4450 953 4515 quae
974 4432 1096 4513 peceati
1119 4447 1190 4505 rea,
1204 4448 1264 4510 per

154 4536 399 4618 taipisoeutiam
422 4550 596 4613 conversa,
617 4533 687 4600 Bao
702 4535 954 4612 reconciliatur)
975 4532 1155 4599 nullimode
1174 4530 1264 4594 dau·
