3375 5567
443 809 503 873 per
515 809 567 870 ea,
584 808 670 874 quae
683 809 749 856 uon
763 791 852 870 lieet,
868 789 1051 873 inquisitae,
1074 789 1193 873 polerit
1206 806 1265 856 nos
1283 805 1465 871 septennes
1478 788 1540 852 ohe·

442 893 539 956 ritete
559 888 631 970 liei,
646 908 731 973 nore
751 900 800 957 est
819 893 853 956 iu
873 889 1003 956 Christo
1017 890 1098 957 ton
1119 888 1258 954 Domino
1279 899 1402 956 uostro.
1424 890 1540 953 Annon

443 991 542 1056 totins
563 993 749 1074 gentilitatis
770 1011 867 1058 error
886 993 960 1056 hino
980 993 1105 1074 ennepit
1126 989 1325 1058 exordium?
1338 1001 1399 1056 ete.
1413 1011 1429 1050 r
1442 989 1486 1054 ltr
1503 991 1541 1054 le

440 1095 531 1175 gitur
550 1093 692 1159 llomilia
714 1093 757 1159 ll.
780 1114 811 1159 n.
831 1092 864 1162 3.
885 1092 923 1157 s'n
945 1091 1073 1158 hihrum
1091 1093 1255 1160 tadicum.

521 1192 565 1259 Et
583 1196 749 1276 quomodo
765 1213 876 1262 eoram
900 1197 995 1260 tantis
1015 1195 1164 1277 origenis
1188 1195 1457 1261 ohtesteliouihus
1477 1197 1542 1258 resi·

440 1305 527 1363 stere
548 1297 690 1378 poterint
703 1299 927 1363 criminatores
934 1318 948 1377 3
963 1299 1019 1378 qui
1035 1317 1098 1362 nou
1111 1298 1243 1363 elinutle
1264 1297 1324 1362 nisi
1335 1317 1378 1362 er
1391 1296 1537 1362 lihrornn

440 1415 579 1462 suorum
593 1410 627 1464 et
640 1401 780 1464 maxime
795 1397 994 1464 Periorehoo
1013 1399 1237 1464 ielsetlonihns
1250 1406 1424 1473 eruerunt,
1440 1407 1475 1462 ut
1489 1407 1541 1462 tem

440 1501 563 1563 aeriter
582 1501 803 1582 irrumperent
822 1502 854 1565 in
878 1502 1003 1576 virum,
1025 1501 1120 1583 eujus
1142 1502 1243 1581 pietes
1263 1499 1456 1581 singularis,
1477 1497 1541 1562 tto

438 1598 585 1676 sineere,
606 1599 752 1664 doctrina
781 1601 966 1665 orthodoxe
988 1600 1110 1682 ubique
1130 1597 1299 1665 eminent?
1319 1597 1386 1675 Qut
1408 1599 1440 1662 in
1458 1599 1539 1662 dome

441 1695 500 1762 liei
520 1709 680 1782 perpeloo
699 1701 903 1778 elaborarit,
927 1708 963 1766 ut
988 1702 1085 1766 lslsas
1107 1701 1330 1783 philosophiae
1351 1718 1485 1781 greeeae
1502 1701 1540 1764 in

437 1803 643 1879 stitutiooes,
672 1803 799 1867 divinae
819 1804 1008 1885 Scriptores
1032 1804 1254 1868 substerneret
1277 1804 1492 1884 auctoritem
1514 1811 1540 1866 el

439 1921 499 1985 per
518 1902 599 1969 Jesn
618 1903 737 1970 Christi
756 1905 923 1969 doctrinae
950 1903 1157 1986 splendorem
1178 1905 1277 1985 tnagis
1299 1911 1448 1986 patereul
1468 1913 1541 1968 tene·

439 2004 535 2068 hrosa
558 2006 725 2085 gentilium
746 2002 974 2071 documenta?

520 2106 569 2170 ho
590 2118 777 2189 propterea,
800 2117 971 2191 postquem
994 2110 1145 2190 pluribus
1167 2108 1338 2188 hueusque
1358 2106 1480 2172 ostendi
1497 2123 1540 2168 tr·

438 2209 599 2288 gementis
615 2207 811 2273 Perierchoo
823 2211 925 2274 lihros
947 2210 1068 2291 perfide
1091 2229 1189 2276 manu
1205 2210 1349 2286 talassos,
1366 2211 1443 2274 mihi
1458 2207 1541 2272 lineet

439 2309 537 2373 modo
555 2329 702 2375 asserere
723 2311 879 2388 fidenter,
901 2310 1076 2392 origenem
1097 2315 1128 2376 iu
1149 2312 1211 2374 hoo
1232 2310 1400 2376 eoullando
1421 2310 1538 2391 Opere,

439 2409 522 2473 illnd
544 2413 650 2492 ipsum
671 2413 824 2476 intuitum
845 2431 936 2490 esse,
960 2431 1027 2493 qno
1049 2413 1184 2476 miratos
1205 2419 1254 2476 esi
1274 2411 1305 2474 io
1326 2411 1420 2474 lihris
1439 2409 1540 2472 sdver-

423 2527 495 2583 ¹sas
516 2509 658 2576 Celsum.
688 2513 726 2576 ln
747 2516 896 2595 utrisque
926 2531 1010 2578 nnus
1030 2522 1063 2578 et
1083 2512 1168 2578 idem
1187 2530 1307 2592 scopus
1328 2511 1391 2575 init
1402 2530 1415 2590 5
1437 2527 1495 2573 nur
1512 2515 1541 2573 et

438 2611 552 2676 eadem
567 2611 666 2694 fldes3
683 2633 767 2680 unus
781 2624 815 2678 et
835 2615 921 2678 idem
937 2616 1093 2678 terminus
1101 2633 1114 2693 3
1136 2613 1218 2676 idest
1232 2611 1352 2678 Christi
1370 2610 1540 2690 triumphus

436 2727 538 2792 snper
557 2713 702 2781 infideles
721 2724 754 2780 et
772 2735 874 2797 super
895 2716 1086 2780 haereticos.
1113 2711 1233 2780 Contra
1256 2714 1387 2780 Celsum
1409 2713 1540 2776 ethnico

441 2830 514 2877 rum
535 2816 700 2897 speciatim
721 2817 927 2882 ooucaloeril
947 2816 1103 2880 irllaoins.
1134 2815 1169 2879 ln
1190 2814 1390 2881 Periorehosr
1417 2813 1540 2878 haereti

439 2931 556 2979 eorum
576 2913 772 2994 Marcionis,
796 2917 943 2982 Basilidis
964 2925 997 2981 et
1019 2915 1179 2982 Valentini
1207 2917 1392 2982 confutavit
1411 2915 1540 2996 impieta·

439 3019 498 3078 let.
521 3013 566 3078 Et
585 3016 659 3082 hine
679 3036 773 3082 nemo
797 3016 983 3082 offendetur
1004 3035 1047 3080 ex
1068 3017 1117 3080 his
1138 3019 1317 3082 novissimis
1340 3017 1444 3081 verbis
1464 3016 1539 3078 eires

436 3112 636 3181 Periorehoo
656 3119 769 3184 lihros.
803 3118 952 3185 Donetur
973 3119 1049 3182 mihi
1071 3120 1174 3185 codex
1198 3137 1337 3200 grneens
1358 3116 1539 3182 Perimelen

438 3215 472 3278 in
492 3234 551 3281 sna
572 3219 770 3301 integritate,
793 3221 896 3286 relnti
918 3221 1060 3304 primum
1081 3219 1122 3283 uh
1141 3218 1283 3301 Origene
1303 3217 1457 3284 conflatus
1476 3225 1536 3279 est:

438 3319 472 3374 et
491 3331 552 3396 ego
571 3316 699 3381 donabo
722 3321 812 3385 robis
832 3318 1140 3400 praestantissimum
1167 3319 1391 3402 philosophiae
1410 3327 1442 3382 et
1461 3315 1536 3380 theo

439 3411 544 3493 logias
564 3415 759 3483 christianae
777 3417 881 3500 Opas.
