3375 5567
1131 736 1233 787 xxvn

174 836 340 913 annorum
355 862 403 914 ex
422 840 502 913 aliis
521 840 557 913 in
576 840 647 914 alia
667 860 818 936 corpora
841 837 1117 936 migrationibus
1136 860 1233 913 com·

175 966 261 1039 neoti
286 980 384 1041 sunt.
417 992 434 1037 r

254 1091 445 1169 Praeterea
474 1095 511 1168 in
544 1093 651 1170 Libro
680 1094 725 1169 de
749 1094 902 1179 Animo,
930 1092 1230 1193 pbilosophorum

173 1220 330 1319 opiniones
357 1234 395 1296 et
427 1224 641 1321 praesertim
661 1246 709 1297 ex
734 1222 944 1308 Platonicis,
969 1224 1063 1320 quod
1089 1238 1232 1319 spectat

172 1348 205 1421 ad
229 1344 547 1449 lietempsgcborim
574 1352 665 1425 citat
684 1350 857 1425 Cronium
881 1352 941 1449 qui
974 1350 1011 1425 io
1038 1348 1233 1425 Commen-

171 1476 243 1550 tario
263 1477 308 1553 de
336 1476 605 1575 Pulinpeoetio:
629 1505 647 1550 s
671 1481 721 1554 ita
745 1480 999 1577 migrationem
1029 1479 1232 1553 animarum

171 1602 197 1674 in
218 1602 278 1677 alia
307 1627 459 1701 corpora
484 1621 749 1705 nuncupat;·ct
778 1628 906 1681 omues
925 1606 1067 1679 animas
1092 1607 1232 1681 ratione

169 1732 327 1826 praeditas
351 1756 434 1807 esse
468 1732 558 1809 nult.
589 1735 628 1808 ln
656 1736 782 1810 eadem
812 1734 993 1810 sententia
1023 1748 1082 1809 est
1112 1732 1233 1810 Theo·

168 1858 254 1934 lorus
278 1859 488 1937 Platonicus
515 1862 552 1935 io
586 1861 680 1942 libro
708 1864 882 1960 inscripto
909 1861 1003 1961 quod
1032 1863 1154 1937 anima
1185 1866 1231 1937 sit

168 1987 258 2060 mnis
274 1986 422 2087 species.
446 2013 464 2057 r
489 1967 624 2065 Deinde
643 2013 756 2089 prope
785 1990 896 2065 linem
916 1988 1061 2066 subdit:
1087 1987 1228 2080 «Quod

167 2114 189 2185 ri
205 2114 369 2203 dixerint,
398 2116 558 2191 animam
584 2140 650 2216 pro
678 2116 855 2217 supplicio
884 2129 1118 2216 pcccatorum
1145 2130 1230 2192 ante

168 2244 425 2319 commissorum
449 2244 485 2317 in
509 2245 668 2320 bumana
694 2246 781 2331 vita,
803 2246 847 2319 ad
873 2244 1079 2339 hujusmodi
1104 2268 1233 2342 corpo-

166 2391 196 2441 rt
216 2371 391 2469 adlegari3
419 2373 513 2447 idest
543 2373 588 2449 ad
618 2396 769 2472 corpora
802 2373 994 2449 brutorum
1023 2396 1070 2447 ex
1104 2386 1230 2471 poste-

166 2495 299 2573 rioribus
317 2498 667 2575 demonstrationem
685 2500 824 2576 laciuut
827 2554 952 2573 .....
968 2498 1142 2575 Ceterum
1161 2499 1234 2573 uni·

165 2643 285 2698 mamm
315 2626 450 2723 gradus
477 2639 516 2700 et
537 2648 710 2701 ascensus
728 2637 768 2701 et
793 2627 1003 2711 descensus,
1029 2648 1121 2724 quos
1149 2625 1232 2701 Ori-

164 2770 256 2845 genes
273 2752 426 2839 inducit,
441 2767 483 2828 ot
504 2753 601 2828 nulla
620 2754 657 2827 io
677 2778 716 2829 re
730 2754 861 2829 divinis
880 2754 1137 2829 concionentes
1156 2752 1232 2829 elo-

162 2876 250 2972 ociis,
265 2904 384 2979 neque
394 2881 673 2957 christianorum
688 2882 844 2958 decretis
859 2895 1114 2979 congruentes,
1126 2902 1232 2977 prae-

160 3006 348 3083 termittere
369 3032 434 3107 pur
453 3024 523 3085 est.
543 3034 562 3080 r
586 3008 684 3085 llaec
709 3033 817 3109 porro
839 3033 910 3085 non
932 3009 1123 3083 admisisse
1147 3007 1231 3083 Ori-

160 3152 285 3227 gsocm
314 3150 358 3211 ut
382 3137 434 3212 sic
459 3152 586 3236 pateat
614 3136 766 3235 Nysseni
797 3137 941 3223 illusio,
970 3134 1120 3211 inferius
1148 3157 1232 3234 spc-
1260 3160 1271 3175 ·

105 3293 106 3328 i
159 3260 225 3335 ciali
248 3266 534 3363 pertractatione
562 3266 794 3343 exhibentur.

244 3390 316 3467 Sed
335 3408 375 3469 et
392 3393 449 3469 bis
468 3392 559 3469 oliae
579 3394 873 3492 superaddendae
892 3407 978 3469 sunt
997 3414 1143 3476 causac,
1170 3414 1229 3465 va·

156 3534 207 3607 gae
231 3519 372 3596 scilicet
398 3522 434 3593 in
462 3522 575 3596 libros
607 3523 769 3616 ejusdem
802 3533 997 3596 contextae
1032 3518 1231 3617 expositio·

156 3662 219 3729 tet,
243 3670 287 3721 ac
306 3650 548 3746 quorumdam
578 3648 775 3724 illusiones.
796 3647 866 3738 Qui
892 3648 960 3721 etsi
980 3646 1047 3720 viri
1076 3645 1228 3729 cordati,

158 3769 257 3861 probi,
285 3798 330 3849 ac
359 3775 523 3850 veritatis
542 3776 734 3863 zelatores,
762 3775 906 3875 culpam
928 3774 1097 3849 Auctoris
1125 3796 1230 3870 prae·

157 3904 202 3968 ter
224 3900 412 3977 scientiam
442 3919 710 4001 aggravarunt3
728 3927 810 3979 cum
831 3902 940 3977 aliter
958 3902 1087 3976 luisset
1106 3924 1233 3975 neces·

157 4043 199 4107 ⁸02
224 4042 263 4102 ut
289 4031 468 4122 eiusdem,
495 4056 564 4107 ceu
589 4032 756 4118 decebat,
786 4030 958 4106 vindicias
977 4030 1231 4127 suscipientes,

157 4147 445 4253 interpolatorum
464 4158 751 4257 lalsatorumque
766 4172 939 4235 caverent
966 4156 1162 4243 malitiam3
1186 4178 1228 4230 uc

158 4275 364 4382 dereliquis
389 4285 585 4384 quidquam
621 4286 798 4361 donarent
825 4285 927 4371 viro,
955 4282 1016 4381 qui
1046 4282 1149 4380 plura
1174 4282 1229 4357 di-

159 4409 305 4485 tcutiens
322 4426 535 4510 argumenta
555 4411 764 4487 difficillima
793 4410 852 4511 (io
880 4410 1011 4510 quibus
1029 4408 1111 4485 fidei
1132 4410 1229 4485 cbri-

157 4531 278 4613 stianue
296 4538 494 4639 mysteria)
529 4540 606 4619 lieri
637 4541 769 4640 potuit,
799 4554 840 4619 ut
873 4540 1022 4616 intentis
1041 4537 1119 4613 aevi
1153 4536 1225 4613 cir-
