3375 5567
165 799 407 880 menumtibus3
441 809 510 865 tum
530 798 645 865 deinde
665 798 738 863 alils
758 800 854 879 louge
875 800 1054 880 posterius,
1076 806 1109 865 et
1128 803 1174 867 sle
1201 822 1261 885 per

163 903 265 978 nullos
278 912 310 966 et
327 904 515 965 innumeros
529 902 659 965 ordines
680 900 932 982 protelandum,
947 917 986 965 nc
1002 898 1070 967 ben
1084 922 1118 967 se
1139 922 1181 969 ex
1202 906 1261 967 iol-

163 1003 238 1064 sicis
259 1002 549 1079 reconciliandum,
573 1003 765 1084 pervenitur
784 1018 889 1081 nsque
910 1002 950 1063 ad
972 1002 1180 1067 novissimum
1203 1005 1260 1068 iui-

161 1106 277 1181 uicrrnr,
299 1106 357 1184 qni
372 1105 495 1169 dicitur
515 1124 616 1179 mors,
631 1113 670 1169 ol
683 1104 781 1167 etiam
803 1105 871 1183 ipse
891 1102 1092 1181 destruatur,
1108 1122 1148 1167 ne
1171 1106 1257 1171 ultra

158 1209 192 1269 sit
208 1206 350 1270 inimicus
371 1216 435 1270 ete.
457 1227 476 1265 s
497 1206 649 1284 Quorum
665 1206 843 1273 verborum
865 1222 993 1269 seusunr
1014 1208 1165 1288 superins
1187 1225 1259 1289 par-

160 1309 205 1370 tim
217 1308 440 1372 indicarimus.
460 1305 582 1372 Verum
597 1308 697 1388 paulo
711 1316 784 1390 post
798 1307 957 1389 Origenes
971 1324 1085 1371 rursus
1100 1309 1162 1373 boc
1175 1310 1258 1373 idem

158 1409 284 1473 adstruit
302 1417 337 1473 et
357 1410 502 1491 explieat
521 1428 552 1473 u.
574 1407 606 1475 9.
628 1409 684 1473 ubi
705 1410 838 1491 angelos
865 1427 925 1473 seu
945 1408 1102 1475 coelestes
1123 1412 1259 1477 virtutes

156 1528 330 1592 nuncupans
351 1511 454 1575 veluti
475 1519 604 1574 actores
615 1557 627 1591 ,
650 1508 775 1591 lleiquo
796 1520 1029 1592 procuratores
1051 1512 1081 1574 in
1102 1513 1164 1577 boc
1184 1532 1260 1595 upo-

93 1651 95 1656 -
157 1622 336 1677 ιιιιιιαιιοι
355 1614 598 1677 instaurationis
617 1616 762 1679 omnium
778 1632 878 1693 opere
896 1616 1160 1694 consummando,
1177 1616 1206 1678 id
1222 1616 1260 1679 il·

156 1714 195 1776 los
208 1723 338 1777 acturos
353 1713 462 1777 dicens
477 1713 580 1776 donec
595 1713 743 1778 Christus
760 1714 917 1792 suscipiat
938 1732 1088 1795 reguum,
1111 1716 1260 1798 illudque

158 1815 250 1879 tradat
270 1816 386 1889 Patri,
420 1824 456 1880 ut
474 1816 518 1879 sit
539 1814 622 1877 Deus
641 1814 749 1879 omnin
769 1815 805 1879 in
825 1813 981 1879 omnibus.
1013 1816 1130 1881 Scribit
1151 1820 1258 1881 cuim:

157 1916 241 1982 «llos
255 1920 369 2000 itaque
383 1917 479 1983 modo
501 1918 532 1981 in
546 1920 822 1984 consummatione
838 1924 872 1980 et
887 1918 1092 1981 restitutione
1113 1921 1258 1983 omnium

156 2020 214 2085 ieri
233 2020 416 2101 pnmndnm
438 2026 499 2096 esi,
523 2029 560 2083 ut
580 2019 738 2099 paulatim
759 2020 975 2102 proicientes,
993 2028 1024 2082 el
1039 2023 1257 2100 ascendeutes,

156 2122 237 2183 uodo
257 2129 292 2185 et
312 2120 429 2183 ordine
449 2123 643 2201 perreniaul
663 2122 769 2201 primo
789 2120 829 2185 ad
847 2130 966 2185 terram
988 2120 1079 2185 illam
1100 2130 1133 2187 et
1152 2122 1261 2189 erudi·

158 2222 272 2297 tionem,
297 2221 437 2302 quaein
459 2238 496 2284 ca
518 2228 585 2299 esl;
608 2222 639 2283 in
663 2238 727 2300 qua
749 2221 789 2281 ad
812 2220 969 2297 meliora,
992 2227 1024 2283 el
1047 2222 1121 2297 illa,
1143 2224 1263 2303 quibus

154 2324 207 2403 jam
226 2322 300 2388 addi
322 2322 405 2385 nibil
439 2328 568 2403 polest,
589 2322 735 2385 instituta
759 2333 1005 2404 praeparentur.
1041 2322 1114 2387 Post
1134 2333 1261 2389 actores

156 2426 225 2488 enim
238 2434 270 2489 et
286 2432 522 2508 procuratores
543 2421 692 2486 Christus
708 2419 876 2499 Dominus,
893 2424 1011 2503 quiesi
1028 2442 1085 2487 rex
1102 2427 1260 2502 omnium,

157 2545 279 2606 mgnum
297 2526 368 2606 ipse
381 2524 545 2605 suscipiet,
562 2522 644 2586 idest
665 2533 737 2604 post
752 2525 967 2588 cruditionem
989 2531 1174 2589 sanctarum
1199 2528 1261 2589 rir-

157 2637 261 2703 tutum,
276 2646 350 2702 eos,
365 2627 422 2707 qui
445 2644 520 2690 eum
542 2643 659 2707 capere
681 2634 814 2707 possunt
827 2625 1005 2690 secondum
1029 2628 1115 2706 quod
1137 2628 1262 2709 sapien·

156 2731 188 2791 ιιι
205 2738 262 2805 est,
285 2730 358 2809 ipse
379 2728 529 2805 instruet,
546 2744 682 2808 regnans
697 2729 728 2790 ln
744 2728 790 2792 eis
806 2728 941 2805 tamdiu,
964 2746 1136 2809 usquequo
1157 2748 1213 2793 eos
1227 2750 1260 2795 e-

157 2833 217 2892 tiam
237 2830 330 2893 Patri
351 2828 525 2910 subjiciat,
547 2829 603 2907 qui
624 2829 683 2891 sibi
708 2829 852 2893 subdidit
874 2830 978 2891 omnia
990 2850 1002 2909 3
1025 2830 1107 2892 idest
1128 2838 1163 2893 ut
1185 2850 1259 2893 coni

157 2949 274 3010 capaces
289 2928 351 2991 llei
363 2926 467 2991 allecti
480 2926 617 3004 inerint,
629 2929 669 2991 sit
684 2929 730 2991 eis
741 2927 828 2993 lleus
841 2929 947 2991 omnia
962 2930 992 2991 ln
1007 2928 1156 2993 omuibus
1168 2936 1229 2993 eto.
1240 2950 1258 2987 ιι

219 3030 270 3095 lix
292 3030 345 3093 bis
366 3030 495 3093 interim
517 3030 624 3111 quiris
653 3030 773 3105 rideat,
791 3037 933 3111 utraque
953 3040 984 3095 et
1013 3030 1205 3116 Hieronymi
1225 3040 1258 3096 et

157 3128 260 3193 dudini
281 3130 405 3194 collata
432 3130 602 3205 versione,
625 3147 703 3194 nnm
724 3130 781 3193 illa
801 3131 996 3195 admittenda
1018 3132 1078 3205 sit,
1102 3148 1200 3211 quum
1231 3149 1257 3194 s.

157 3230 262 3296 lloctor
281 3232 447 3311 compegit
467 3232 499 3293 in
520 3230 665 3310 Epistola
687 3232 727 3294 ad
751 3232 898 3309 Avitum,
922 3232 968 3295 oti
991 3232 1090 3311 paulo
1118 3237 1191 3295 aute
1216 3234 1258 3296 ob

156 3332 270 3397 lectoris
283 3332 403 3398 oculos
416 3332 539 3413 objeci:
554 3351 660 3413 eoque
674 3334 773 3415 magis
788 3334 876 3415 quod
892 3333 1010 3398 llulllni
1032 3336 1257 3415 interpretatio

93 3486 95 3502 ³
157 3437 337 3513 specialibus
357 3431 506 3514 Origenis
526 3436 769 3515 quaestiouibus
788 3436 821 3497 in
842 3443 987 3516 quatuor
1004 3434 1197 3519 Periorclrou
1219 3436 1256 3498 li·

158 3532 210 3597 lris
227 3535 471 3615 comprehensis
485 3534 763 3610 accommodatur,
785 3535 867 3599 adeo
888 3543 938 3612 ut,
954 3554 1039 3615 quaa
1061 3536 1163 3616 probe
1180 3538 1259 3600 scri·

158 3637 206 3711 psit
224 3638 255 3699 in
275 3634 378 3699 Libro
401 3634 426 3697 l.
456 3633 501 3696 De
529 3632 768 3711 rationalibus,
790 3636 859 3717 pari
880 3654 975 3701 senen
1007 3643 1040 3699 ct
1063 3636 1187 3699 ratione
1219 3656 1256 3699 ca

158 3736 212 3815 ipsa
230 3745 421 3801 statuantur
443 3738 659 3812 insecundo,
683 3738 779 3801 tertio
799 3744 833 3800 et
853 3744 985 3819 quarto,
1010 3737 1111 3801 veluti
1133 3737 1255 3802 dietum

94 3890 95 3894 ,
157 3846 204 3899 est
219 3836 259 3902 Et
276 3840 310 3901 in
331 3838 450 3919 quibus
474 3836 622 3902 [inllluus
647 3840 715 3917 ipse
735 3836 939 3914 adfirmavit,
962 3856 996 3901 se
1018 3838 1098 3901 nibil
1119 3856 1257 3912 eornm,
1336 3824 1338 3829 ¹

158 3957 228 4018 qnae
241 3942 273 4002 io
287 3939 454 4004 codicibus
475 3941 599 4021 praecis
614 3940 816 4019 legebantur,
833 3950 889 4002 aut
910 3940 1062 4018 variasse,
1078 3958 1136 4003 seu
1152 3958 1260 4003 emen·

95 4120 96 4123 Ἴ
159 4038 245 4105 desse.
268 4041 367 4120 Quod
389 4060 465 4105 sane
487 4042 527 4104 de
549 4039 738 4125 Hieronymi
762 4041 929 4115 versione,
953 4042 1000 4103 uti
1023 4042 1089 4121 lpse
1110 4049 1199 4103 octat
1225 4043 1257 4104 in

160 4140 241 4204 citata
256 4140 417 4222 Epistola,
433 4141 494 4204 dici
509 4144 635 4222 nepuit;
656 4160 731 4206 cum
752 4142 880 4221 penitus
902 4141 1002 4223 bajus
1021 4142 1175 4205 versionis
1189 4159 1259 4205 sen·

159 4260 202 4301 sos
220 4263 282 4306 oon
303 4252 429 4307 tautum
451 4243 604 4305 doctrinis
626 4242 831 4317 contradicit,
854 4258 934 4321 quas
954 4260 1050 4322 saepe
1065 4243 1096 4304 in
1117 4243 1188 4305 aliis
1206 4260 1260 4303 ra-

94 4393 95 4398 ,
162 4342 200 4404 rio
218 4362 333 4424 genere
354 4344 481 4423 scriptis
502 4344 654 4424 exposuit
672 4343 875 4424 sanciritqua
897 4343 1123 4416 Adamantius,
1146 4360 1260 4407 rerum

162 4446 241 4507 etiam
263 4447 420 4509 adsersus
441 4462 477 4509 ea
499 4444 686 4523 contendit,
707 4463 792 4525 quae
821 4445 863 4509 ab
883 4444 953 4525 ipso
976 4444 1106 4507 delinita
1127 4449 1204 4507 aurat
1229 4445 1260 4504 io

164 4547 296 4621 praeiat‘o
313 4546 435 4629 Opere,
453 4547 593 4627 dogmati
616 4547 777 4613 catholico
798 4563 952 4623 consona,
964 4544 1003 4609 de
1018 4546 1212 4611 daemonum
1227 4553 1261 4608 et
