3375 5567
380 679 428 729 xrr

486 778 521 857 1.
550 782 732 882 Siquando
750 784 906 869 aecidat,
934 783 1052 859 virum
1069 783 1218 861 doctum
1245 804 1289 859 ac
1306 782 1463 883 probum

379 912 414 985 in
443 910 544 987 libris
571 913 647 989 suis
676 911 743 1012 (uti
771 935 1029 1011 nonnunquam
1056 912 1202 987 evenire
1229 925 1356 989 notum
1387 914 1463 1013 est)

379 1039 537 1115 scribere
566 1040 684 1140 aliqua
713 1043 876 1117 interce
903 1039 1097 1122 contraria,
1124 1051 1164 1113 et
1190 1039 1298 1115 modo
1325 1040 1361 1115 in
1379 1064 1467 1139 per·

380 1189 505 1251 sonae,
532 1181 597 1244 aut
624 1168 676 1243 rei
705 1168 906 1267 cujuspiam
934 1166 1287 1243 commendationem
1315 1182 1354 1243 et
1379 1167 1466 1245 lau·

379 1296 463 1371 dem
483 1294 733 1383 effervescere,
762 1297 869 1371 modo
887 1296 925 1370 in
952 1295 1173 1394 vituperium
1200 1319 1244 1370 ac
1262 1273 1468 1394 depressio-¹

377 1446 462 1498 nem
501 1424 709 1500 incumbere
722 1445 735 1512 3
763 1437 841 1499 tum
874 1422 1036 1499 adhibita
1062 1423 1226 1521 diligenti
1257 1437 1468 1521 temporum

377 1551 644 1650 affectuumque
672 1550 975 1638 consideratione,
1003 1552 1151 1645 maioris
1178 1550 1261 1626 fidei
1281 1552 1464 1627 censenda

376 1693 476 1767 sunt,
495 1702 588 1779 quae
608 1679 810 1778 composito
839 1678 1054 1779 placidoque
1073 1680 1195 1755 animo
1213 1679 1349 1778 scripta
1363 1694 1466 1764 sunt,

376 1829 486 1908 quam
513 1830 606 1907 quae
634 1807 779 1883 turbido
807 1821 847 1883 et
873 1808 1047 1913 inquieto,
1075 1822 1114 1884 et
1139 1830 1233 1906 quae
1260 1806 1308 1882 ab
1335 1808 1465 1888 amieis

375 1935 516 2035 prolata
536 1950 634 2017 sunt,
661 1958 770 2034 quum
798 1959 892 2034 quae
911 1935 958 2011 ab
986 1936 1155 2011 inimicis.
1171 1933 1263 2011 Nam
1290 1936 1404 2035 siquis
1423 1937 1462 2011 in

378 2086 501 2139 amore
528 2086 702 2139 excessus
730 2076 799 2137 est:
828 2077 868 2138 et
894 2062 999 2161 longe
1027 2068 1144 2156 major
1170 2063 1207 2137 in
1231 2064 1327 2139 odio.
1347 2062 1466 2141 Sicuti

377 2191 474 2266 enim
494 2210 596 2264 umor
610 2190 726 2265 aciem
737 2189 871 2265 mentis
886 2188 1052 2265 offuscata
1070 2190 1121 2265 ita
1136 2190 1259 2266 odium
1273 2206 1464 2267 excoecat.

487 2314 527 2393 2.
557 2315 745 2393 Neminem
774 2316 890 2393 bonae
910 2299 1065 2394 antehac
1084 2318 1203 2394 lemae
1230 2332 1269 2394 et
1287 2319 1467 2395 aestima·

379 2444 489 2522 tionis
516 2460 666 2544 propter
691 2446 808 2522 solum
829 2447 936 2524 unius
953 2446 1112 2523 hominis
1130 2445 1218 2524 licet
1244 2449 1467 2546 gravissimi,

380 2575 636 2652 auctoritatem
669 2576 888 2674 praesertim
915 2575 1080 2661 inimici,
1113 2574 1222 2651 talem
1258 2575 1467 2653 babendum

377 2726 473 2790 esse,
501 2703 647 2803 qualem
676 2703 736 2780 ille
764 2702 1010 2803 descripserit.

484 2825 524 2907 3.
553 2829 762 2915 Neminem,
793 2854 859 2907 seu
893 2832 1038 2918 vivum,
1067 2831 1143 2907 sive
1173 2842 1358 2908 mortuum
1376 2856 1468 2931 prc-

378 2971 462 3057 pter
488 2974 653 3057 repertos
680 2959 886 3057 inscriptis
913 2958 990 3035 suis
1020 2982 1163 3035 errores
1190 2959 1357 3058 quamvis
1383 2984 1470 3057 gru·

380 3109 473 3171 ves,
499 3086 731 3163 condemnari
758 3086 953 3161 haereseos
986 3108 1093 3192 posse
1127 3099 1191 3161 aut
1216 3085 1367 3163 debere:
1396 3087 1468 3164 nisi

379 3238 465 3291 eum
482 3214 702 3313 pertinaciae
730 3216 766 3289 in
795 3214 923 3292 iisdem
949 3214 1133 3290 erroribus
1155 3214 1362 3292 convictum
1383 3236 1469 3291 esse

382 3354 539 3416 constet.
1317 3416 1322 3425 ,
1465 3394 1471 3400 ·

355 3480 358 3487 ‘
489 3462 527 3543 lt.
555 3466 623 3561 Qui
653 3482 834 3545 tormenta
863 3492 930 3568 pro
955 3468 1090 3545 Christi
1118 3468 1188 3545 lide
1215 3470 1252 3545 iu
1280 3491 1366 3548 vern
1396 3468 1468 3545 Ec·

382 3594 491 3671 elesia
520 3595 658 3682 volens,
686 3594 887 3695 lubensque
914 3598 1106 3673 sustinuit:
1134 3597 1258 3694 siquos
1286 3595 1380 3683 forte
1407 3620 1470 3673 er·

381 3747 483 3799 rores
518 3736 603 3801 unte
631 3724 781 3810 habuit,
808 3748 900 3823 quos
932 3726 1058 3801 vivens
1085 3748 1156 3800 non
1195 3726 1405 3812 revocavit,
1433 3726 1468 3801 is

382 3852 647 3929 existimandus
685 3866 765 3939 est,
798 3853 876 3951 ipse
904 3853 963 3950 pie
991 3854 1090 3929 obita
1119 3867 1263 3939 morte,
1292 3868 1356 3930 aut
1384 3852 1469 3929 fidei

383 3981 585 4058 catholicae
605 3981 749 4080 publiea
769 3980 1009 4066 consessione,
1024 3982 1244 4057 sufficienter
1260 4005 1467 4059 revocasse.

490 4106 530 4185 5.
565 4110 604 4183 ln
641 4111 854 4208 quaestione
889 4108 975 4185 lacti
1015 4110 1244 4208 particularia
1285 4109 1470 4186 Ecclesiae

376 4238 533 4313 *coneilio
563 4261 582 4310 a
611 4236 838 4335 generalibus
866 4261 973 4335 posse
992 4239 1193 4326 emendari3
1218 4251 1257 4313 et
1285 4238 1467 4334 generalia

383 4388 405 4438 a
443 4365 703 4461 posterioribus
738 4364 862 4437 itidem
896 4366 1140 4463 generalibus:
1178 4364 1353 4465 siquidem
1384 4362 1470 4459 (eit

385 4492 608 4591 Augustinus
626 4492 690 4568 lib.
721 4492 766 4567 ll.
783 4516 815 4566 e.
841 4487 880 4567 3.
901 4494 1076 4572 adversus
1105 4494 1326 4593 Donatistae)
1345 4492 1469 4595 oligeto
