3375 5567
170 701 230 780 quis
247 701 438 764 inluxerunt
457 702 617 777 sulutem,
637 707 789 782 expertes
808 722 879 767 esse
901 703 1028 783 pietatis
1055 706 1265 784 christianos,

172 820 201 862 ne
216 801 406 864 commodent
425 803 558 882 quium
586 819 684 866 sures
704 805 756 879 iis,
777 804 834 883 qni
858 802 956 869 Verbi
978 804 1076 869 (livini
1109 810 1266 889 mysterio

170 900 264 963 locere
281 902 490 984 pollicentnr3
508 912 583 968 tune
603 904 692 984 quot
707 906 888 997 communis
911 908 1094 971 bumeeites
1106 911 1264 990 postulet,

171 1003 262 1063 unns
279 1021 337 1082 pre
359 1004 486 1068 viribus
505 1022 652 1086 operere,
672 1015 710 1069 stt
728 1004 877 1071 doctrine
897 1008 935 1069 tls
954 1018 1084 1072 usurpo
1098 1010 1267 1090 punitione

170 1101 258 1182 inpios
273 1114 457 1183 apostante
477 1108 685 1189 emtirmner
695 1127 708 1187 ς
729 1116 764 1172 et
784 1108 837 1171 vel
857 1109 899 1173 eb
919 1110 957 1174 iis
977 1111 1187 1191 suscipiatur,
1209 1115 1266 1194 qui

170 1205 304 1266 cbristieni
325 1206 398 1270 lieri
419 1209 547 1271 uolunt.
567 1207 621 1272 Sic
639 1209 737 1272 etiem
758 1226 830 1283 eos,
850 1211 908 1289 qui
929 1209 1010 1272 bene
1033 1212 1197 1288 vixerunt,
1220 1213 1265 1277 ie·

169 1305 266 1369 ttcitste
284 1309 441 1373 donatum
461 1309 502 1372 iri
523 1309 722 1390 personuere
743 1308 918 1384 conemur,
940 1311 1082 1376 ridentes
1105 1312 1207 1375 mults
1224 1315 1265 1377 ed

170 1410 246 1471 sitan
264 1419 349 1475 recte
372 1411 611 1491 transigendam
631 1412 838 1491 pertinentis,
861 1411 946 1476 diets
978 1412 1077 1476 inisse
1098 1413 1139 1475 eb
1162 1414 1266 1479 inimi·

169 1510 203 1571 cis
219 1508 294 1587 iusi,
315 1530 405 1593 quse
426 1514 543 1577 nostris
564 1514 696 1576 omniuo
715 1511 834 1575 similia
855 1522 931 1577 suet
950 1521 1012 1577 etc.
1036 1533 1053 1571 e

226 1608 383 1678 {telenum
399 1632 479 1695 ergo
499 1616 573 1695 quis
586 1632 628 1677 ex
650 1612 838 1695 hujusmodi
852 1614 1072 1694 uispntntloue
1094 1616 1178 1679 inter
1192 1614 1265 1681 Gel-

169 1726 223 1773 tun
238 1721 270 1776 et
285 1712 475 1795 origenem,
496 1714 705 1791 comendare,
728 1716 781 1778 vel
801 1714 967 1794 ambigere
989 1717 1108 1796 poterit
1129 1716 1169 1781 tle
1184 1734 1266 1783 nnu-

170 1828 245 1889 ιιιιι
263 1814 414 1879 desiteris
434 1816 603 1897 suppliciis
621 1815 709 1896 spntl
732 1813 877 1880 interos?
897 1814 929 1880 st
951 1835 995 1879 ex
1015 1814 1110 1881 Celso
1131 1835 1262 1899 urgues,

170 1918 337 1996 momen,
358 1918 430 1982 sive
451 1938 493 1981 ex
514 1936 588 1995 seo,
602 1917 671 1981 sire
684 1934 727 1981 ex
746 1917 890 1981 eliorum
905 1935 963 1981 ere
978 1918 1115 1981 locutus
1127 1920 1182 1995 sit,
1197 1938 1264 1985 ser·

171 2034 271 2079 nonen
284 2020 325 2080 its
340 2019 533 2094 contulisse,
555 2026 625 2082 uts
641 2019 751 2099 poeuis
780 2018 963 2083 interorum
983 2018 1140 2083 excludet
1155 2022 1263 2085 terest-

168 2134 234 2179 sen.
249 2116 291 2181 bc
306 2122 433 2199 pariter
447 2122 475 2184 si
488 2138 530 2183 ex
550 2119 700 2201 origenis
722 2121 882 2201 responsis
904 2120 1071 2195 teeeren,
1093 2138 1266 2202 srpnmen·

172 2227 193 2277 ιι
203 2220 237 2281 itt
254 2220 379 2284 ordinet
399 2238 418 2282 s
441 2218 619 2301 Scrimnris
639 2230 672 2284 et
693 2238 712 2283 e
734 2230 823 2285 reete
850 2222 974 2284 untione
994 2222 1113 2301 petite,
1135 2231 1173 2286 nt
1187 2241 1268 2288 eeu·

171 2319 213 2380 ctis
228 2323 475 2399 manuninum
495 2323 550 2396 sit,
572 2338 632 2385 nee
654 2321 811 2385 etttnote
832 2319 1065 2398 dubltondem,
1087 2322 1184 2402 illos,
1206 2326 1264 2404 qui

170 2420 349 2486 benemereti
372 2424 528 2497 vixerint,
548 2424 587 2485 sd
610 2424 778 2487 meliorem
792 2432 915 2486 sortem
938 2420 1145 2502 tresuitnros3
1161 2426 1264 2490 melos

170 2530 254 2583 seen
271 2541 348 2587 sese
370 2524 653 2604 intemperantius,
675 2526 834 2603 tenerier,
858 2523 1107 2587 incontinentiae
1126 2532 1160 2588 et
1190 2525 1264 2590 insi·

171 2622 281 2699 pientiae
297 2643 419 2705 poena
440 2624 668 2705 persoluturos
688 2642 758 2689 esse
779 2625 848 2688 ulte
869 2624 993 2703 absque
1012 2642 1069 2705 spe
1092 2626 1132 2688 eb
1153 2626 1191 2690 iis
1203 2627 1264 2690 eli·

117 2753 118 2760 ι
173 2725 276 2801 quaeue
288 2727 459 2790 credendi.
472 2724 672 2802 Quinimmo,
687 2728 715 2790 si
733 2725 776 2789 te
795 2726 886 2803 velis,
899 2744 942 2789 ex
957 2725 1019 2789 boe
1033 2726 1162 2809 dialogo
1175 2726 1264 2793 sitle-

173 2832 241 2888 reter
257 2829 360 2907 petius
382 2827 607 2907 urguendum,
630 2829 737 2893 uelles
758 2828 831 2889 tore
855 2844 915 2891 nec
936 2844 997 2909 pro
1014 2828 1136 2908 justis,
1158 2846 1262 2911 neque

171 2943 216 3003 pro
230 2930 329 3007 pruris
343 2929 577 2994 retributiones
591 2932 623 2994 in
643 2929 767 2992 meede
782 2928 912 3004 totero,
932 2938 965 2993 et
985 2930 1047 2993 troc
1065 2930 1162 3011 juxte
1177 2930 1262 2996 Celsi

117 3059 118 3062 π
171 3035 280 3093 neuton
297 3032 417 3111 (posito
437 3032 576 3093 enimam
605 3048 681 3093 cnm
702 3047 841 3110 corpore
863 3032 1007 3107 interire)
1030 3048 1129 3112 quem
1161 3032 1262 3095 embi-

172 3130 292 3208 erton,
314 3142 496 3211 utromque
511 3129 678 3211 Origieem
694 3141 727 3195 et
740 3130 885 3206 Celsum,
905 3132 1003 3193 eetmi
1017 3131 1261 3201 immortalitete

170 3228 289 3305 untes,
310 3251 490 3313 poenorum
511 3251 581 3295 esse
602 3233 785 3295 aeternitati
806 3233 997 3312 retragetoe.

228 3328 340 3397 lerum
361 3334 403 3397 ed
427 3333 552 3414 relique
573 3342 764 3414 argumente
787 3341 1010 3409 transeamus,
1026 3350 1065 3397 ec
1086 3334 1261 3416 prseeipue

172 3446 235 3507 ense
251 3434 312 3510 ipse
331 3435 490 3514 Origenes
511 3452 554 3497 ex
574 3430 659 3497 Serio
683 3432 985 3497 Commentariorum
1011 3430 1048 3495 irs
1068 3432 1263 3497 lieuleemrr

172 3524 252 3592 treet.
270 3530 317 3597 ³3.
335 3552 365 3595 e.
381 3534 433 3601 72
454 3534 561 3610 uocet,
584 3522 681 3597 verbs
703 3534 955 3616 interpretetus:
977 3550 1050 3595 cem
1071 3531 1192 3595 emerit
1207 3530 1258 3597 Fi·

173 3626 218 3691 lt'ss
229 3632 354 3698 leminis
369 3634 407 3698 r'rs
419 3635 525 3717 plorie
544 3654 617 3709 see,
631 3645 660 3697 et
673 3652 780 3698 omncs
799 3634 908 3714 nepoti
928 3650 999 3698 cem
1019 3652 1065 3707 co,
1085 3642 1162 3697 leno
1177 3634 1264 3697 setr-

172 3724 288 3811 litrsper
299 3736 400 3797 sedem
412 3734 533 3815 pierius
545 3754 632 3810 seor,
646 3745 676 3798 et
694 3734 968 3815 eoeprrpelerrter
981 3744 1055 3797 ente
1074 3752 1143 3798 eum
1157 3752 1260 3798 menes

174 3838 250 3903 ltttts
268 3844 319 3896 etc.
343 3835 393 3899 lbi
417 3837 501 3901 euim
516 3836 612 3918 juste
627 3835 749 3900 Christi
773 3833 902 3899 llemlni
928 3835 1036 3919 eliste,
1052 3845 1085 3902 et
1106 3853 1148 3898 ex
1163 3834 1262 3921 tredi-

176 3928 238 3995 bone
256 3932 415 4001 Ecclesiae
434 3954 550 4001 eornm
573 3955 705 4000 sensum
726 3948 909 4011 essecutus,
930 3936 1166 4017 suppliciorum
1189 3951 1261 4014 per-

177 4033 331 4103 reteintcn
362 4036 455 4101 clere
482 4036 644 4099 ndstreitr
673 4035 795 4099 «llere
823 4037 996 4116 propinqui
1029 4040 1105 4097 sunt
1129 4031 1256 4109 Verbo,

176 4132 215 4205 tbi
229 4146 348 4200 serrant
362 4136 422 4201 llei
435 4137 620 4201 menesteus
627 4156 639 4216 3
661 4149 695 4200 et
709 4146 871 4199 vocentur
886 4148 922 4200 ut
942 4135 1050 4199 edbue
1071 4133 1171 4212 magis
1194 4149 1260 4195 ree·
1377 4214 1381 4221 ι

178 4229 459 4319 &propinquiores
480 4238 672 4314 efficienter,
694 4238 879 4301 audientest
903 4234 1004 4303 Vertite
1023 4231 1175 4297 benedieti
1197 4232 1260 4295 Po·

178 4328 218 4389 ''2'‘
232 4337 291 4398 uri.
306 4338 414 4420 longe
428 4345 539 4403 nutem
558 4341 601 4401 eb
615 4359 655 4402 ee
675 4347 763 4415 sunt,
779 4340 838 4402 etsi
863 4336 1034 4401 videantur
1046 4336 1195 4400 assistere
1214 4337 1258 4409 ei,

181 4432 280 4505 ttinon
293 4438 413 4505 iscieet
431 4440 617 4504 manuelem
636 4438 748 4520 ipsius.
767 4437 906 4519 Propter
924 4438 988 4501 boe
1003 4438 1139 4502 tolletur
1152 4437 1194 4499 eb
1212 4435 1258 4499 eis

275 4536 332 4602 tet.
353 4540 384 4606 Ι.
