3375 5567
443 740 541 810 meoti
562 737 764 819 quaestione,
786 742 844 802 ant
864 740 1009 813 negaret,
1026 731 1077 797 rei
1099 730 1179 799 hano
1194 727 1305 799 osteo
1324 726 1388 793 aon
1402 726 1542 811 ininsee·

442 841 528 907 modi
549 837 646 901 animi
668 834 875 906 instabilitate
896 834 1094 908 discuteret,
1116 850 1201 913 qnae
1221 832 1262 903 ab
1287 833 1378 899 initio
1400 839 1542 912 monum

441 961 520 1007 suae
541 939 615 1011 ntor
637 937 881 1004 fundamentum
896 935 1089 1006 cottooorrt.
1111 934 1152 1001 Et
1167 934 1254 1003 ntod
1274 933 1413 1015 roanos
1434 932 1545 998 miron

442 1053 491 1109 est
512 1044 543 1105 in
568 1037 763 1104 Periereieo
784 1037 939 1116 (qnorum
961 1036 1044 1103 inira
1066 1038 1097 1103 in
1117 1036 1149 1105 a.
1167 1036 1263 1101 Parta
1283 1034 1414 1117 patefiet
1430 1036 1545 1099 sionem

444 1145 564 1212 iiutiioi
587 1144 693 1207 tersio
708 1141 897 1221 praesertim
919 1141 1005 1207 eirea
1021 1140 1103 1203 nano
1122 1137 1358 1219 quaestionem)
1373 1141 1458 1222 quod
1478 1159 1548 1204 rom

444 1249 600 1328 Origenes
629 1245 661 1307 in
683 1244 731 1309 hie
751 1242 843 1312 libris
873 1243 1017 1311 studiose
1039 1243 1191 1315 institerit
1216 1244 1372 1315 edemus
1393 1244 1549 1307 christiani

447 1349 606 1431 dogmatis
621 1346 823 1418 mentituros,
839 1345 1206 1415 immortaiomhomtoto
1220 1346 1435 1415 uenditionem
1448 1346 1551 1408 inrita

448 1451 561 1522 intora
582 1461 803 1528 propugnans·
825 1451 860 1515 et
879 1443 954 1515 hinc
976 1446 1097 1513 variam
1120 1448 1213 1511 totins
1233 1454 1354 1523 sortem
1385 1455 1458 1526 nesi
1471 1446 1552 1527 indi·

448 1553 537 1617 riom
548 1548 772 1624 nornsirnnoa,
796 1545 849 1619 ael
864 1546 989 1625 studiis
1003 1547 1161 1617 oomniati
1175 1550 1391 1629 sempiternis,
1412 1566 1554 1629 senone·

447 1654 497 1717 nis
517 1649 624 1717 anitati
638 1648 889 1723 incessantibus:
917 1650 1149 1728 mirum,'dioo‚
1167 1652 1312 1729 quadan
1330 1652 1449 1717 eisdam
1467 1653 1553 1715 tibris

449 1752 628 1820 adversarii
656 1749 853 1826 deduxerint
874 1769 1009 1831 prorsnr
1033 1752 1198 1817 ¹eontroria
1220 1753 1298 1817 hnic
1325 1753 1486 1834 dogmati:
1512 1755 1554 1817 ita

450 1862 489 1918 ot
515 1854 577 1917 tino
603 1851 673 1915 iero
698 1850 1024 1931 incomprehensibile
1053 1851 1213 1917 rideatur.
1239 1850 1275 1914 io
1302 1851 1447 1934 Proingo
1472 1855 1551 1917 notor

449 1956 549 2037 hujus
564 1953 738 2029 Tractatoa
757 1969 789 2015 o.
803 1948 834 2017 5.
854 1953 943 2023 niara
963 1954 1180 2035 reproborum
1201 1965 1486 2041 poenasaotsrnas
1506 1957 1556 2019 od·

451 2058 563 2136 struit,
584 2063 618 2131 et
637 2055 669 2117 io
684 2071 715 2116 o.
736 2050 766 2127 Ca
789 2053 852 2116 hoo
868 2053 952 2123 idetn
974 2054 1052 2119 dieii
1064 2054 1106 2125 de
1124 2054 1347 2121 doomonnoo.
1368 2054 1402 2119 in
1424 2055 1519 2120 Libro
1533 2058 1554 2120 i.

453 2179 482 2223 o.
506 2155 545 2219 V.
568 2174 600 2229 n.
621 2149 653 2221 d.
675 2154 722 2217 bis
742 2153 894 2225 docetor
914 2153 1090 2236 Sorinturir
1115 2156 1306 2221 doemonem
1325 2175 1388 2222 sno
1401 2158 1556 2223 arbitrato

454 2261 595 2340 lapsum,
613 2252 823 2335 perditionem
843 2257 966 2336 [ortum
987 2274 1062 2323 rsrra
1084 2254 1342 2340 aequaminiter
1362 2260 1506 2340 summor
1528 2261 1559 2325 io

453 2357 602 2443 atrion,
623 2358 661 2423 de
681 2374 746 2436 quo
766 2354 890 2427 recidit.
915 2356 949 2423 ln
972 2354 1070 2423 Libro
1086 2356 1127 2419 ii.
1149 2378 1179 2423 o.
1195 2357 1235 2423 X.
1257 2379 1287 2423 o.
1302 2358 1334 2425 1.
1357 2360 1559 2444 ascriptoris

456 2471 490 2527 ot
509 2479 529 2525 a
551 2459 723 2535 notitione
750 2459 928 2539 apostoliea
958 2458 1159 2539 instructos,
1188 2463 1347 2543 snppiioia
1373 2469 1558 2547 sempiterna

457 2560 683 2644 peccatoribus
705 2569 816 2639 perata
839 2560 871 2623 io
897 2560 1004 2625 altero
1024 2562 1138 2635 reonio
1158 2563 1206 2627 bis
1226 2564 1332 2629 donet.
1356 2564 1404 2631 iio
1428 2570 1559 2651 quibos,

459 2664 506 2733 oti
529 2660 733 2733 menifestum
754 2668 787 2725 et
807 2661 1015 2729 tontootrbne
1036 2662 1167 2741 dogma,
1186 2666 1231 2728 nii
1251 2667 1438 2746 disontiens,
1459 2673 1560 2734 transit

459 2765 501 2832 ad
515 2763 737 2844 quaestionem
758 2761 799 2830 de
812 2764 1063 2833 resurreetione.
1085 2762 1243 2831 Similiter
1255 2768 1288 2829 in
1301 2766 1401 2831 Libro
1419 2768 1475 2833 ΙΙΙ.
1497 2788 1523 2833 o.
1539 2768 1560 2831 i.

459 2885 491 2936 n.
513 2863 545 2933 6.
568 2864 614 2932 De
634 2864 733 2935 libero
752 2854 887 2931 ardino
907 2864 1039 2929 scribite
1059 2865 1133 2932 indo
1153 2866 1286 2949 limpido
1304 2878 1462 2948 statuens,
1479 2874 1563 2935 sirati

461 2968 553 3041 honis
572 2969 605 3039 in
621 2966 684 3037 rita
707 2966 819 3035 intera
835 2966 1028 3044 praemium,
1050 2968 1096 3031 sio
1110 2970 1258 3049 reprobis
1278 2974 1445 3037 orn'eiatns
1461 2990 1563 3053 pereo·

460 3088 530 3144 neea
551 3062 699 3139 discedite
719 3062 880 3135 maledicti
899 3065 935 3132 {a
955 3064 1059 3146 iyoara
1081 3077 1250 3139 omnem.

543 3167 766 3245 Quamobrem
787 3185 861 3233 nam
884 3167 959 3231 hine
979 3180 1116 3247 constet,
1136 3171 1313 3253 negem
1334 3177 1364 3237 in
1381 3176 1564 3240 resarcto·

465 3288 528 3334 nno
547 3288 642 3341 seosn
662 3286 702 3331 ae
733 3268 908 3349 profitetur
928 3266 1074 3333 Eooiedr
1107 3272 1298 3351 catholiea,
1326 3278 1566 3339 irrevocabilem

466 3370 584 3433 Christi
598 3370 787 3432 sententiam
809 3368 972 3432 admisisse
983 3368 1022 3432 de
1039 3370 1174 3450 iugibus
1187 3372 1381 3439 doemonum
1397 3388 1430 3440 ot
1447 3378 1568 3440 damna·

470 3480 577 3536 tnrnm
609 3471 741 3549 poenis3
763 3479 795 3532 et
816 3469 889 3536 inde
910 3489 952 3533 ex
983 3470 1246 3539 adversariorum
1268 3477 1394 3557 piaeitis
1416 3488 1567 3554 ornator,

468 3571 617 3641 oomdetn
640 3571 720 3641 teies
742 3587 860 3648 poenas
880 3588 943 3635 non
966 3572 1036 3637 iore
1050 3583 1198 3639 aeternas
1218 3578 1365 3658 sensisse;
1386 3580 1571 3645 anseludon·

468 3672 547 3740 duna
564 3680 659 3748 osset,
675 3688 734 3741 neo
747 3677 874 3741 tanturn
895 3671 988 3738 titum
1003 3692 1140 3753 errasse,
1157 3694 1273 3741 rerum
1287 3688 1319 3744 ot
1333 3680 1364 3744 io
1379 3682 1571 3744 manifestam

470 3772 642 3842 offendisse
659 3770 961 3848 contradictionem,
984 3774 1079 3839 rondo
1100 3779 1257 3857 negando,
1279 3798 1365 3844 nono
1389 3781 1571 3847 affirmando

470 3873 592 3955 pariter
606 3872 647 3938 de
667 3871 778 3936 eadem
795 3890 831 3941 re
851 3882 884 3937 et
899 3874 931 3939 in
947 3876 1092 3957 subirato
1110 3883 1258 3956 materia,
1281 3884 1372 3962 qnasi
1387 3885 1456 3964 ipse
1472 3888 1502 3947 io
1519 3887 1571 3946 irae

472 3974 638 4040 tractanda
659 3974 860 4055 quaestione,
882 3976 1058 4056 aliqnando
1081 3980 1242 4060 vigilaret,
1265 3985 1440 4065 aiiqoaodo
1462 3985 1570 4049 dormi·

473 4085 533 4141 ret.
556 4073 598 4137 Et
619 4074 698 4142 naec
719 4083 768 4141 est
781 4074 900 4150 illatio,
913 4094 999 4155 quae
1012 4082 1194 4143 neomario
1214 4082 1387 4149 introitur
1406 4088 1448 4149 ab
1468 4088 1571 4150 adrer-

471 4179 636 4246 sariorum
657 4192 793 4241 censura
815 4175 847 4238 io
869 4176 1032 4255 orneiatns
1052 4178 1203 4261 Origenio
1227 4184 1339 4248 iibrns.
1363 4185 1410 4251 iio
1433 4206 1500 4268 ono
1521 4184 1571 4265 ipsi

476 4277 626 4353 viderint,
647 4276 805 4357 siquando
826 4277 888 4343 troc
910 4276 979 4346 tieri
1002 4282 1110 4360 possit.

834 4500 1226 4547 -mn-
