3375 5567
219 733 391 818 llncnsque
411 735 592 818 Origenes,
616 734 662 800 nti
690 742 800 817 patet,
832 751 1038 801 communem
1058 737 1247 820 scripturae

156 857 314 904 ermonem
327 839 490 918 contulit;
504 848 537 903 et
551 857 636 919 quae
657 839 729 902 inde
746 839 871 902 bauriri
888 841 1078 920 potuissent,
1094 844 1162 904 sire
1175 859 1246 905 cer-

156 947 189 1013 ta,
203 940 264 1003 sive
277 941 374 1005 dultia
387 940 448 1004 sibi
465 939 583 1015 dorent,
599 942 761 1004 recensuit
777 939 817 1004 de
831 941 948 1002 anima.
968 938 1125 1016 Quamvis
1147 960 1248 1022 porro

155 1046 207 1100 tam
220 1040 369 1104 latissime
384 1041 446 1104 boc
467 1058 584 1103 nomeu
601 1040 782 1122 usurparit,
794 1058 833 1104 ac
856 1043 886 1106 in
903 1041 1051 1105 omnibus
1066 1042 1248 1108 viventibus

154 1139 298 1204 admiserit
310 1143 472 1204 animam:
498 1150 722 1206 verumtamen
739 1143 847 1222 quoad
875 1143 1013 1208 bominis
1033 1147 1188 1220 animant,
1201 1161 1251 1208 aa·

154 1240 259 1320 pienter
272 1244 404 1319 invenit,
417 1245 610 1324 statuitque,
623 1244 801 1325 quidquam
814 1246 872 1326 ipsi
886 1247 1026 1328 speciale
1040 1247 1249 1328 privilegium

154 1343 239 1406 inesse
258 1353 290 1409 et
310 1346 529 1422 exclusivum,
553 1346 635 1410 idest
654 1348 906 1428 spiritalitatem,
930 1349 1192 1426 rationalitatem,
1219 1357 1252 1412 et

154 1445 435 1526 inmortalitatem
457 1449 539 1512 adeo
553 1457 590 1512 nt
611 1450 785 1513 innomine
809 1453 1043 1525 tantummodo,
1060 1469 1121 1514 nun
1141 1458 1250 1516 autem
1374 1455 1376 1460 ’

153 1545 178 1607 in
197 1565 238 1624 re,
253 1551 424 1613 conveniat
444 1550 654 1614 animantium
669 1558 702 1614 et
717 1552 883 1616 bominum
905 1553 1003 1616 dictio
1018 1551 1138 1615 auimo.
1157 1550 1252 1628 Quod
1345 1552 1350 1558 '

154 1650 344 1732 privttegium
355 1651 423 1733 jam
438 1670 457 1714 s
472 1651 623 1716 Patribus
637 1653 713 1715 satis
734 1653 933 1728 distinctum,
950 1652 1031 1716 illud
1052 1655 1156 1734 ipsum
1179 1669 1254 1714 con·

154 1748 268 1816 irmare
287 1754 455 1834 satagebat
465 1751 622 1834 Origenes
636 1754 792 1817 adversus
806 1751 951 1834 ejusdem
969 1754 1183 1833 oppositurcs,
1202 1769 1256 1833 pa-

155 1869 216 1916 mm
233 1855 394 1920 sollicitus
415 1856 456 1920 de
476 1858 525 1933 iis,
548 1874 632 1937 quae
654 1857 762 1938 putari
776 1865 809 1920 et
823 1855 886 1918 dici
908 1863 1058 1936 poterant
1072 1856 1111 1920 de
1123 1855 1251 1938 jumen-

156 1963 249 2018 torum
270 1964 304 2020 et
327 1957 493 2039 reptilium
513 1958 692 2021 animabus.

220 2055 261 2120 Et
282 2075 418 2139 reapse,
449 2058 507 2122 etsi
529 2058 726 2139 quandoque
752 2076 879 2121 merum
911 2060 1035 2123 animae
1059 2060 1255 2122 vocabulum

152 2157 209 2219 sive
225 2158 265 2222 de
286 2159 430 2232 bomine,
452 2161 521 2223 sive
541 2159 581 2222 de
601 2159 846 2226 irrationalibus
866 2160 998 2224 locutus
1020 2161 1192 2240 adhibeat,
1208 2170 1256 2224 at·

154 2265 244 2322 tamen
263 2279 343 2324 cunr
356 2278 439 2340 opus
454 2260 565 2336 tuerit,
582 2279 645 2324 nou
664 2261 775 2325 omisit
788 2263 958 2342 perspicue
974 2262 1142 2326 declarare
1162 2264 1258 2326 nnius

154 2358 187 2419 ab
203 2362 303 2425 altera
327 2362 574 2444 discrepantiam
585 2383 599 2442 ;
620 2381 706 2445 quae
727 2363 807 2428 illud
823 2364 1033 2444 signiticaret,
1054 2365 1141 2445 quod
1165 2373 1258 2428 autea

153 2479 187 2522 er
205 2462 303 2542 ipsius
324 2483 383 2527 ore
404 2464 532 2528 deliniri
560 2467 647 2530 circa
668 2461 742 2534 etet
766 2475 896 2528 mentem
916 2484 935 2530 u
959 2468 1075 2546 quevis
1105 2469 1259 2531 materiae

154 2561 211 2625 idea
238 2565 447 2630 abstractam.
480 2565 570 2630 lstnd
594 2585 673 2631 vero
701 2568 874 2632 discrimen
903 2574 1036 2632 notatur
1057 2568 1098 2630 ab
1118 2567 1259 2649 Origene

152 2667 305 2741 speciatim
340 2686 414 2731 cnm
442 2666 573 2731 dictioni
604 2667 693 2759 ψυχή
717 2669 911 2732 attributum
941 2668 1097 2750 adjecerit
1123 2665 1261 2761 λογική,

156 2782 243 2838 unum
263 2785 383 2832 sonam
406 2768 517 2832 animo
537 2768 642 2849 lupico
662 2771 731 2834 sive
751 2765 933 2832 rationulis.
955 2765 1051 2843 Quod
1067 2770 1260 2834 attributum

155 2867 164 2940 i
175 2886 195 2934 tt
214 2863 311 2960 λόγος
326 2869 410 2933 ratio
424 2869 597 2947 vocatum)
618 2872 739 2952 cuique
760 2869 919 2948 denegans
934 2870 1145 2932 animantium
1168 2887 1261 2950 gene·

155 2965 274 3040 ri,dicit
286 2971 583 3042 animaeltumanae
597 2981 847 3035 cuunutorotum
862 2989 945 3045 esse,
956 2970 1154 3050 corporique
1170 2987 1261 3048 prae·

156 3075 243 3132 stare.
265 3069 433 3149 Quareet
461 3071 526 3135 alio
547 3072 689 3153 quedam
711 3072 869 3154 peculiari
901 3071 997 3134 titulo
1018 3069 1174 3151 Origenes
1195 3071 1262 3149 ipse

157 3169 243 3234 amnti
257 3180 291 3236 et
304 3169 453 3237 Clemens
474 3169 705 3238 alexandrinus
719 3181 751 3238 et
773 3173 939 3258 Nyssenus
965 3173 1047 3235 banc
1068 3172 1192 3238 animae
1208 3189 1263 3234 sn·

157 3269 367 3337 blimissimnm
393 3281 518 3356 partem
547 3274 800 3341 antonomastice
822 3275 1031 3357 appellarunt
1060 3264 1263 3367 ἡγεμονικὸν,

156 3374 269 3453 qnippe
289 3376 435 3438 omnium
457 3384 644 3441 nostrornm
665 3385 800 3440 actuum
823 3375 1086 3440 moderatricem.

228 3471 384 3538 Ceterum
406 3478 437 3539 in
452 3477 513 3540 bac
528 3478 654 3540 animae
668 3478 923 3558 nuncupatione,
943 3477 985 3539 ob
1001 3478 1105 3540 varias
1118 3475 1263 3558 ejusdem

157 3571 322 3638 relationes
346 3576 513 3653 latissima,
536 3586 658 3658 quanto
676 3577 754 3660 jure
776 3582 987 3642 necessariam
1014 3579 1130 3642 viderit
1153 3577 1266 3657 Orige-

156 3691 204 3738 nes
227 3678 476 3758 distinctionem,
496 3700 571 3744 cnm
593 3682 634 3744 de
660 3681 788 3744 homine
812 3683 1028 3761 loqueretur:
1044 3699 1205 3761 quaerere
1225 3697 1264 3742 ac

108 3849 113 3864 1
157 3792 319 3843 recensere
340 3781 499 3861 proderit,
514 3801 597 3863 quos
619 3783 693 3846 binc
715 3783 787 3845 iude
801 3785 867 3846 suis
888 3783 979 3846 libris
1001 3783 1179 3862 obsignarit
1193 3801 1265 3846 sen·

155 3893 204 3941 sus
224 3881 324 3962 hujus
347 3884 517 3956 vocabuli,
540 3883 714 3948 subtilibus
734 3902 867 3963 quoque
888 3903 926 3946 ac
958 3883 1098 3966 mysticis
1121 3902 1198 3946 usus
1219 3886 1266 3946 iu-

160 3981 427 4062 vestigationibus.
450 3982 543 4060 Quae
564 3987 607 4047 ita
628 3986 773 4048 studiose
794 3985 1001 4048 concinnatae
1025 3993 1123 4056 sunt,
1145 3993 1183 4048 ut
1202 3994 1266 4047 stu·

159 4087 282 4160 tuatnr,
303 4087 408 4164 ipsum
433 4086 463 4147 in
487 4088 547 4150 bac
570 4088 758 4165 quaestione
789 4104 885 4150 sanae
915 4087 1101 4150 convenisse
1126 4086 1267 4165 philoso-

156 4181 257 4260 pbiae,
280 4187 458 4267 repudiatis
481 4190 567 4268 vagis
588 4196 621 4252 et
643 4187 730 4250 lalsis
751 4187 956 4250 ethnicorum
977 4186 1204 4270 systematibns
1227 4185 1266 4249 dc

157 4282 275 4349 animae
294 4296 424 4350 nostrae
444 4289 569 4368 origine
584 4297 617 4352 et
632 4287 896 4368 proprietatibus.
923 4286 972 4350 tle
993 4286 1065 4350 ideo
1080 4303 1163 4366 quae
1184 4286 1269 4350 vide·

159 4384 271 4454 bantur
291 4390 467 4469 aliquando
487 4391 614 4453 dissona
635 4407 654 4451 a
677 4389 822 4468 praedata
843 4388 1041 4465 delinitione,
1058 4407 1123 4469 qna
1145 4388 1270 4451 animae

164 4486 397 4566 spiritalitatem
415 4491 654 4570 determinavit,
668 4509 773 4572 aequa
795 4490 872 4558 licnt
893 4491 1105 4568 discretione,
1121 4505 1270 4556 consona.
