3375 5567
157 840 208 885 rem
222 819 288 887 tos
304 821 465 903 splendere
485 818 754 895 trucemtrucem
774 836 889 901 nempe
902 826 1061 902 tempore,
1082 840 1150 904 quo
1169 842 1233 887 non

156 923 334 989 esuriitratu
353 923 525 1005 proprioe
543 922 621 987 solis
636 922 711 985 luce
731 924 886 1002 expiatur
900 925 1080 1004 quisquisa
1099 924 1232 989 electio

156 1025 312 1090 melittaena
327 1025 484 1106 cumjam
505 1024 687 1088 libertatem
704 1025 861 1101 emiserit,
885 1025 915 1087 iu
930 1043 970 1089 co
986 1044 1117 1090 manem
1129 1034 1245 1103 statu,-

155 1144 202 1203 quo
217 1128 334 1206 cecilit3
354 1126 411 1191 seri
435 1146 477 1191 cx
499 1126 620 1189 virtute
641 1123 700 1187 liei
724 1125 960 1201 tautummodo,
982 1126 1040 1208 qui
1063 1128 1164 1191 veluti
1178 1130 1228 1192 sol

154 1226 236 1303 iguem
254 1227 459 1291 ineffabiliter
477 1226 652 1300 comburit,
674 1226 888 1306 daloecntque
909 1237 1095 1291 ereaturam
1117 1245 1135 1291 a
1157 1247 1230 1309 pee-

153 1338 205 1387 rato
221 1329 248 1389 in
266 1346 362 1393 carue
387 1332 572 1408 ceterisque
593 1327 677 1391 uitiis
699 1327 929 1404 incessurus,
956 1328 1168 1409 eamdemque
1190 1329 1231 1391 atl

152 1426 221 1489 iiten
234 1436 394 1492 restaurat
407 1429 662 1508 incorruptionis
681 1435 716 1491 et
734 1430 987 1492 immortalitatis
1012 1437 1146 1505 statum,
1162 1449 1230 1509 quo

151 1527 226 1591 lien
237 1531 356 1609 primus
370 1540 503 1594 creatus
520 1539 580 1593 est.
595 1528 706 1593 Tertio
723 1530 850 1595 tandem
867 1539 1012 1611 tempore
1027 1550 1142 1611 nempe
1156 1542 1230 1612 poet

150 1633 388 1695 resurrectionem
411 1630 525 1695 lucebit
544 1632 616 1707 tue,
632 1648 708 1693 cum
728 1632 1031 1695 omnes'uuiversim
1056 1640 1119 1695 tam
1135 1633 1228 1715 probi

149 1746 220 1806 enam
239 1732 374 1812 improbi
407 1734 567 1797 invirum
592 1732 772 1811 perlectum
797 1732 896 1805 iacti,
918 1732 1036 1812 deique
1058 1734 1227 1814 imaginem

148 1830 356 1913 praeferentes3
378 1842 414 1897 et
441 1834 516 1899 ltine
545 1834 746 1897 immortales
775 1844 808 1896 et
828 1835 1092 1913 incorruptibiles
1118 1854 1229 1899 omnes

148 1948 208 1993 mm
223 1934 269 1997 eol
290 1934 465 2016 fulgebunt
484 1938 518 1999 iu
533 1953 633 2015 regno
655 1933 761 1997 Patris
777 1935 897 1999 Christi
912 1933 1005 2011 lesu,
1030 1945 1068 1999 ut
1087 1934 1130 1998 rit
1143 1934 1228 1999 Deus

145 2030 224 2096 term
240 2031 275 2099 te
293 2035 463 2110 emerim
489 2045 523 2099 et
543 2045 580 2101 ut
599 2054 705 2099 omnes
738 2036 948 2115 confiteantur
968 2037 1106 2099 coelestes
1134 2046 1229 2100 terre-

145 2142 199 2194 stres
212 2146 239 2197 rt
255 2134 393 2216 inferni,
414 2136 568 2218 poemiam
592 2136 740 2203 Christus
760 2148 805 2201 ert
824 2136 862 2201 in
881 2136 990 2219 pieria
1013 2136 1071 2201 Dei
1091 2138 1225 2215 Patris,

144 2237 185 2297 eoi
200 2241 399 2321 inaequalem
420 2241 603 2305 sortientur
632 2242 901 2320 retributionem
925 2242 980 2303 nui
1005 2260 1080 2305 cum
1104 2240 1172 2304 Deo
1194 2244 1226 2303 in

145 2337 217 2401 metis
238 2351 399 2423 perpetuo
415 2342 602 2422 gaudentes,
619 2342 714 2406 alteri
735 2342 902 2422 suppliciis
923 2360 998 2405 cum
1015 2342 1227 2407 doemonibus

143 2434 222 2504 tteeti
239 2443 456 2524 sempiternis.
631 2452 635 2459 '
840 2500 844 2507 .

197 2539 251 2605 Sei
265 2554 302 2607 ut
317 2545 461 2627 amplius
480 2551 589 2624 pateat
603 2545 751 2625 Origcuis
768 2564 869 2622 mens,
887 2564 925 2609 ea
940 2564 1072 2627 quoque
1086 2546 1230 2610 consida-

143 2654 230 2707 rentur
250 2647 352 2711 rerba
368 2648 403 2709 in
415 2645 478 2710 liue
493 2654 603 2710 notata
618 2648 788 2713 sermonise
814 2648 869 2713 ubi
895 2666 939 2711 ex
953 2648 1113 2728 Apostolo
1134 2648 1223 2711 dicit:

141 2744 212 2808 brec
228 2745 450 2830 armeniacae
462 2746 515 2810 eir
528 2750 687 2829 perfectus
701 2750 824 2812 medat.
840 2748 935 2827 Quae
958 2750 998 2814 ati
1018 2750 1163 2814 omnium
1182 2752 1229 2812 in·

140 2845 260 2911 listiocte
276 2850 553 2913 resurrectionem
572 2852 763 2930 spectantia,
776 2852 947 2931 praeclare
972 2852 1149 2932 explicarit
1166 2850 1229 2916 To·

141 2947 219 3014 nol,
231 2970 261 3015 u.
271 2947 325 3019 w.
341 2950 379 3013 in
392 2948 547 3014 loannem
561 2972 603 3015 ex
616 2954 721 3016 dictise
738 2952 887 3017 destruite
902 2952 1049 3034 tempium
1063 2954 1132 3031 itae,
1147 2964 1177 3015 et
1191 2952 1227 3016 in

141 3049 214 3112 elo
225 3052 330 3115 &elue
352 3051 474 3130 ericum
488 3051 610 3115 illerde«
625 3054 768 3117 Proinde
782 3074 858 3118 cum
874 3054 1016 3118 efficitur
1029 3055 1228 3119 resurrectio

139 3144 197 3214 isac
215 3155 280 3217 reri
295 3160 330 3218 cl
345 3153 551 3235 perlectioris
566 3158 714 3235 corporis
733 3153 869 3231 Christi,
887 3165 964 3220 tunc
976 3156 1118 3219 membra
1135 3154 1227 3219 Chri·

140 3252 168 3310 sti
184 3252 342 3327 (nimirum
365 3272 436 3316 ossa
460 3273 519 3327 ea,
541 3273 626 3334 quae
648 3255 680 3316 in
702 3259 908 3337 praesentia,
932 3257 1035 3321 luturi
1061 3274 1228 3337 compare·

140 3348 205 3416 tiore
220 3364 295 3420 suut
315 3354 433 3430 eritis}
454 3355 716 3435 conjungentur,
738 3376 775 3419 os
795 3358 921 3420 scilicet
939 3358 980 3420 aa
1001 3376 1036 3421 os
1057 3376 1172 3433 suum,
1195 3367 1228 3420 ct

141 3450 267 3525 iunctura
288 3457 563 3537 adjunctorum:
585 3460 725 3533 nemine,
748 3461 805 3538 qui
828 3462 977 3539 privatus
998 3460 1038 3523 sit
1056 3459 1225 3540 junctura,

141 3568 285 3620 oeerrrero
304 3558 344 3620 ira
363 3556 470 3620 virum
488 3559 680 3638 perlectum,
702 3558 739 3623 t‘tt
759 3578 943 3623 mensorem
963 3558 1075 3623 aetatis
1091 3560 1229 3641 plenitu-

138 3652 362 3740 intemperie
385 3658 508 3724 tertre·
520 3678 536 3731 ,·
558 3669 590 3723 et
613 3668 690 3724 tuuc
712 3663 858 3724 membra
882 3663 984 3724 mulla
1008 3681 1108 3725 unum
1131 3672 1227 3725 arunt

140 3770 244 3836 terpus,
263 3778 344 3824 cum
360 3760 464 3823 omnia
487 3762 635 3841 corporis
650 3763 809 3839 membra,
822 3780 907 3843 quae
923 3764 1024 3825 multa
1046 3771 1133 3835 sunt,
1150 3763 1228 3825 flent

141 3859 211 3920 ttius
229 3864 391 3941 corporis.
416 3860 460 3924 te
481 3862 651 3926 discrimen
674 3864 776 3944 pedis,
799 3879 992 3945 manusque,
1015 3872 1115 3944 etque
1137 3864 1225 3926 oculi

140 3973 165 4017 te
179 3960 311 4044 lenique
332 3964 465 4027 auditus
486 3972 518 4026 et
539 3964 702 4040 ollactus,
725 3966 843 4047 quibus
866 3966 1096 4045 complentur,
1118 3967 1225 4044 singu-

143 4055 207 4121 latim
224 4066 359 4144 quitiem
381 4074 490 4145 caput,
511 4067 699 4146 singulatim
723 4085 801 4129 vero
823 4067 931 4147 pedes,
955 4076 987 4130 et
1008 4072 1225 4131 ceteramem·

141 4155 191 4235 itt,
209 4173 273 4228 tum
289 4165 520 4241 imbecilliore,
542 4176 610 4229 tum
626 4165 815 4247 abjectiora,
838 4186 877 4231 nc
892 4184 943 4241 ea,
964 4185 1048 4249 qnae
1068 4173 1225 4245 putantur

141 4256 261 4328 Matura
281 4277 317 4330 et
338 4268 471 4343 deeora,
491 4268 595 4331 soline
617 4266 674 4329 Dei
695 4276 743 4331 est
765 4269 884 4332 lacere:
908 4270 964 4348 qui
986 4266 1084 4331 simul
1106 4275 1225 4346 tempe-

142 4362 203 4426 ulit
217 4387 336 4449 corpus
359 4370 455 4432 etiam
477 4370 577 4449 magis
597 4389 697 4450 quum
717 4389 816 4447 nuuc,
838 4371 1052 4450 copiosiorem
1068 4370 1223 4432 honorem

142 4462 232 4530 littus
249 4472 292 4545 ei,
315 4471 374 4534 cui
395 4470 519 4551 tleerit3
540 4490 580 4533 nc
601 4472 766 4535 dissidium
787 4473 830 4536 sit
851 4473 883 4533 in
904 4489 1055 4549 corpore,
1077 4470 1131 4533 aad
1144 4471 1224 4533 inri-

143 4576 189 4625 ten
206 4569 262 4632 alia
285 4590 350 4653 pro
372 4571 444 4634 aliis
463 4572 713 4639 sollicitudinem
734 4575 879 4637 camdem
903 4580 1018 4652 gerant
1046 4573 1217 4637 membra:
