<?xml version="1.0" encoding="UTF-8"?>
<!DOCTYPE html PUBLIC "-//W3C//DTD XHTML 1.0 Transitional//EN"
    "http://www.w3.org/TR/xhtml1/DTD/xhtml1-transitional.dtd">
<html xmlns="http://www.w3.org/1999/xhtml" xml:lang="en" lang="en">
 <head>
  <title>
</title>
<meta http-equiv="Content-Type" content="text/html;charset=utf-8" />
  <meta name='ocr-system' content='tesseract 3.04.00' />
  <meta name='ocr-capabilities' content='ocr_page ocr_carea ocr_par ocr_line ocrx_word'/>
</head>
<body>
  <div class='ocr_page' id='page_1' title='image "./insgregoriinyss02vincgoog/insgregoriinyss02vincgoog_0247.png"; bbox 0 0 3375 5567; ppageno 0'>
   <div class='ocr_carea' id='block_1_1' title="bbox 146 699 1247 2421">
    <p class='ocr_par' dir='ltr' id='par_1_1' title="bbox 153 699 1240 1092">
     <span class='ocr_line' id='line_1_1' title="bbox 1022 699 1238 771; baseline 0 0"><span class='ocrx_word' id='word_1_1' title='bbox 1022 704 1097 744; x_wconf 47' lang='grc' dir='ltr'><strong>’ἢ</strong></span> <span class='ocrx_word' id='word_1_2' title='bbox 1175 699 1238 771; x_wconf 73' lang='lat'><strong>229</strong></span> 
     </span>
     <span class='ocr_line' id='line_1_2' title="bbox 153 810 1240 892; baseline -0.001 -18"><span class='ocrx_word' id='word_1_3' title='bbox 153 811 178 874; x_wconf 89' lang='lat' dir='ltr'><strong>ia</strong></span> <span class='ocrx_word' id='word_1_4' title='bbox 199 827 256 892; x_wconf 81' lang='lat' dir='ltr'><strong>quo</strong></span> <span class='ocrx_word' id='word_1_5' title='bbox 273 811 356 876; x_wconf 86' lang='lat' dir='ltr'><strong>cuim</strong></span> <span class='ocrx_word' id='word_1_6' title='bbox 387 817 575 878; x_wconf 79' lang='lat' dir='ltr'><strong>tentamenta</strong></span> <span class='ocrx_word' id='word_1_7' title='bbox 595 811 662 877; x_wconf 84' lang='lat' dir='ltr'><strong>dno</strong></span> <span class='ocrx_word' id='word_1_8' title='bbox 684 812 881 878; x_wconf 84' lang='lat' dir='ltr'><strong>conveniunt</strong></span> <span class='ocrx_word' id='word_1_9' title='bbox 899 810 979 889; x_wconf 82' lang='lat' dir='ltr'><strong>cibi,</strong></span> <span class='ocrx_word' id='word_1_10' title='bbox 1001 817 1039 878; x_wconf 90' lang='lat' dir='ltr'><strong>ut</strong></span> <span class='ocrx_word' id='word_1_11' title='bbox 1065 810 1178 881; x_wconf 82' lang='lat' dir='ltr'><strong>nuiina</strong></span> <span class='ocrx_word' id='word_1_12' title='bbox 1197 812 1240 877; x_wconf 81' lang='lat' dir='ltr'><strong>ait</strong></span> 
     </span>
     <span class='ocr_line' id='line_1_3' title="bbox 156 913 1240 992; baseline 0.004 -18"><span class='ocrx_word' id='word_1_13' title='bbox 156 915 221 976; x_wconf 87' lang='lat' dir='ltr'><strong>inter</strong></span> <span class='ocrx_word' id='word_1_14' title='bbox 239 931 272 978; x_wconf 90' lang='lat' dir='ltr'><strong>ea</strong></span> <span class='ocrx_word' id='word_1_15' title='bbox 292 915 467 992; x_wconf 74' lang='lat' dir='ltr'>dissensus,</span> <span class='ocrx_word' id='word_1_16' title='bbox 479 933 594 980; x_wconf 89' lang='lat' dir='ltr'><strong>corum</strong></span> <span class='ocrx_word' id='word_1_17' title='bbox 612 917 778 981; x_wconf 81' lang='lat' dir='ltr'><strong>invenitur</strong></span> <span class='ocrx_word' id='word_1_18' title='bbox 799 914 905 982; x_wconf 85' lang='lat' dir='ltr'><strong>oratio</strong></span> <span class='ocrx_word' id='word_1_19' title='bbox 926 913 967 976; x_wconf 82' lang='lat' dir='ltr'><strong>aa</strong></span> <span class='ocrx_word' id='word_1_20' title='bbox 984 913 1072 978; x_wconf 88' lang='lat' dir='ltr'><strong>omni</strong></span> <span class='ocrx_word' id='word_1_21' title='bbox 1096 931 1133 978; x_wconf 87' lang='lat' dir='ltr'><strong>rc</strong></span> <span class='ocrx_word' id='word_1_22' title='bbox 1149 929 1240 979; x_wconf 89' lang='lat' dir='ltr'><strong>acco·</strong></span> 
     </span>
     <span class='ocr_line' id='line_1_4' title="bbox 154 1013 1026 1092; baseline -0.001 -16"><span class='ocrx_word' id='word_1_23' title='bbox 154 1015 260 1092; x_wconf 82' lang='lat' dir='ltr'><strong>pubiiia</strong></span> <span class='ocrx_word' id='word_1_24' title='bbox 273 1013 351 1080; x_wconf 76' lang='lat' dir='ltr'><strong>Deo.</strong></span> <span class='ocrx_word' id='word_1_25' title='bbox 366 1037 384 1074; x_wconf 87' lang='grc' dir='ltr'><strong>ιι</strong></span> <span class='ocrx_word' id='word_1_26' title='bbox 1020 1053 1026 1064; x_wconf 87' lang='lat'><strong>·</strong></span> 
     </span>
    </p>

    <p class='ocr_par' dir='ltr' id='par_1_2' title="bbox 146 1115 1247 2421">
     <span class='ocr_line' id='line_1_5' title="bbox 215 1115 1236 1199; baseline 0.003 -20"><span class='ocrx_word' id='word_1_27' title='bbox 215 1115 308 1180; x_wconf 81' lang='lat' dir='ltr'><strong>Porro</strong></span> <span class='ocrx_word' id='word_1_28' title='bbox 320 1117 349 1182; x_wconf 87' lang='lat' dir='ltr'><strong>ai</strong></span> <span class='ocrx_word' id='word_1_29' title='bbox 364 1119 444 1196; x_wconf 78' lang='lat' dir='ltr'><strong>baec</strong></span> <span class='ocrx_word' id='word_1_30' title='bbox 457 1117 570 1182; x_wconf 85' lang='lat' dir='ltr'><strong>caiam</strong></span> <span class='ocrx_word' id='word_1_31' title='bbox 585 1134 704 1198; x_wconf 88' lang='lat' dir='ltr'><strong>gracco</strong></span> <span class='ocrx_word' id='word_1_32' title='bbox 718 1115 907 1199; x_wconf 82' lang='lat' dir='ltr'><strong>Exomplari</strong></span> <span class='ocrx_word' id='word_1_33' title='bbox 921 1116 1145 1195; x_wconf 78' lang='lat' dir='ltr'><strong>coniurantnr,</strong></span> <span class='ocrx_word' id='word_1_34' title='bbox 1169 1118 1236 1182; x_wconf 88' lang='lat' dir='ltr'><strong>ina·</strong></span> 
     </span>
     <span class='ocr_line' id='line_1_6' title="bbox 150 1206 1242 1300; baseline 0.003 -19"><span class='ocrx_word' id='word_1_35' title='bbox 150 1235 207 1281; x_wconf 85' lang='lat' dir='ltr'><strong>nen</strong></span> <span class='ocrx_word' id='word_1_36' title='bbox 225 1219 370 1298; x_wconf 81' lang='lat' dir='ltr'><strong>probabis</strong></span> <span class='ocrx_word' id='word_1_37' title='bbox 395 1206 621 1300; x_wconf 88' lang='lat' dir='ltr'><strong>repetitionem</strong></span> <span class='ocrx_word' id='word_1_38' title='bbox 643 1221 675 1282; x_wconf 91' lang='lat' dir='ltr'><strong>in</strong></span> <span class='ocrx_word' id='word_1_39' title='bbox 696 1219 920 1284; x_wconf 75' lang='lat' dir='ltr'><strong>additamentis</strong></span> <span class='ocrx_word' id='word_1_40' title='bbox 948 1237 1086 1284; x_wconf 88' lang='lat' dir='ltr'><strong>numero</strong></span> <span class='ocrx_word' id='word_1_41' title='bbox 1108 1218 1132 1282; x_wconf 93' lang='lat' dir='ltr'><strong>i.</strong></span> <span class='ocrx_word' id='word_1_42' title='bbox 1149 1237 1242 1300; x_wconf 41' lang='lat' dir='ltr'><strong>uonna</strong></span> 
     </span>
     <span class='ocr_line' id='line_1_7' title="bbox 147 1320 1240 1403; baseline 0.005 -21"><span class='ocrx_word' id='word_1_43' title='bbox 147 1320 208 1400; x_wconf 84' lang='lat' dir='ltr'><strong>jore</strong></span> <span class='ocrx_word' id='word_1_44' title='bbox 219 1321 344 1402; x_wconf 82' lang='lat' dir='ltr'><strong>quitiam</strong></span> <span class='ocrx_word' id='word_1_45' title='bbox 365 1322 548 1394; x_wconf 69' lang='lat' dir='ltr'><strong>desiderata</strong></span> <span class='ocrx_word' id='word_1_46' title='bbox 569 1323 719 1392; x_wconf 74' lang='lat' dir='ltr'><strong>iuncturi</strong></span> <span class='ocrx_word' id='word_1_47' title='bbox 733 1320 1015 1403; x_wconf 67' lang='lat' dir='ltr'><strong>interpretatione,</strong></span> <span class='ocrx_word' id='word_1_48' title='bbox 1039 1322 1140 1386; x_wconf 80' lang='lat' dir='ltr'><strong>rciuii</strong></span> <span class='ocrx_word' id='word_1_49' title='bbox 1164 1341 1240 1403; x_wconf 84' lang='lat' dir='ltr'><strong>opu·</strong></span> 
     </span>
     <span class='ocr_line' id='line_1_8' title="bbox 149 1421 1241 1503; baseline 0.005 -21"><span class='ocrx_word' id='word_1_50' title='bbox 149 1421 186 1482; x_wconf 83' lang='lat' dir='ltr'><strong>ria</strong></span> <span class='ocrx_word' id='word_1_51' title='bbox 204 1421 341 1486; x_wconf 80' lang='lat' dir='ltr'><strong>habenta</strong></span> <span class='ocrx_word' id='word_1_52' title='bbox 362 1429 448 1486; x_wconf 81' lang='lat' dir='ltr'><strong>anni.</strong></span> <span class='ocrx_word' id='word_1_53' title='bbox 472 1421 521 1486; x_wconf 87' lang='lat' dir='ltr'><strong>ibi</strong></span> <span class='ocrx_word' id='word_1_54' title='bbox 549 1438 689 1503; x_wconf 82' lang='lat' dir='ltr'><strong>namque</strong></span> <span class='ocrx_word' id='word_1_55' title='bbox 710 1421 869 1486; x_wconf 79' lang='lat' dir='ltr'><strong>disserena</strong></span> <span class='ocrx_word' id='word_1_56' title='bbox 889 1422 930 1485; x_wconf 82' lang='lat' dir='ltr'><strong>tio</strong></span> <span class='ocrx_word' id='word_1_57' title='bbox 957 1423 1058 1486; x_wconf 87' lang='lat' dir='ltr'><strong>uitato</strong></span> <span class='ocrx_word' id='word_1_58' title='bbox 1080 1424 1241 1488; x_wconf 82' lang='lat' dir='ltr'><strong>vocabuiu</strong></span> 
     </span>
     <span class='ocr_line' id='line_1_9' title="bbox 147 1522 1242 1606; baseline 0.006 -22"><span class='ocrx_word' id='word_1_59' title='bbox 147 1523 309 1602; x_wconf 66' lang='lat' dir='ltr'><strong>pnpiomo</strong></span> <span class='ocrx_word' id='word_1_60' title='bbox 331 1524 501 1590; x_wconf 81' lang='lat' dir='ltr'><strong>Gioaaaior</strong></span> <span class='ocrx_word' id='word_1_61' title='bbox 530 1525 738 1605; x_wconf 71' lang='lat' dir='ltr'><strong>graecanicae</strong></span> <span class='ocrx_word' id='word_1_62' title='bbox 758 1523 892 1604; x_wconf 68' lang='lat' dir='ltr'><strong>scribit,</strong></span> <span class='ocrx_word' id='word_1_63' title='bbox 916 1545 934 1584; x_wconf 83' lang='grc' dir='ltr'>ι</span> <span class='ocrx_word' id='word_1_64' title='bbox 955 1522 1007 1588; x_wconf 87' lang='lat' dir='ltr'><strong>Sic</strong></span> <span class='ocrx_word' id='word_1_65' title='bbox 1027 1544 1089 1606; x_wconf 84' lang='lat' dir='ltr'><strong>ogo</strong></span> <span class='ocrx_word' id='word_1_66' title='bbox 1107 1544 1242 1606; x_wconf 81' lang='lat' dir='ltr'><strong>quoquc</strong></span> 
     </span>
     <span class='ocr_line' id='line_1_10' title="bbox 149 1624 1242 1708; baseline 0.007 -24"><span class='ocrx_word' id='word_1_67' title='bbox 149 1625 226 1687; x_wconf 79' lang='lat' dir='ltr'><strong>rerba</strong></span> <span class='ocrx_word' id='word_1_68' title='bbox 240 1627 320 1690; x_wconf 87' lang='lat' dir='ltr'><strong>baec</strong></span> <span class='ocrx_word' id='word_1_69' title='bbox 339 1627 491 1707; x_wconf 81' lang='lat' dir='ltr'><strong>‘iipoatoii</strong></span> <span class='ocrx_word' id='word_1_70' title='bbox 503 1628 712 1708; x_wconf 84' lang='lat' dir='ltr'><strong>interpretor:</strong></span> <span class='ocrx_word' id='word_1_71' title='bbox 734 1624 832 1689; x_wconf 81' lang='lat' dir='ltr'><strong>notite</strong></span> <span class='ocrx_word' id='word_1_72' title='bbox 843 1625 999 1706; x_wconf 69' lang='lat' dir='ltr'><strong>fraudare</strong></span> <span class='ocrx_word' id='word_1_73' title='bbox 1019 1624 1155 1691; x_wconf 74' lang='lat' dir='ltr'><strong>inuicem</strong></span> <span class='ocrx_word' id='word_1_74' title='bbox 1177 1625 1242 1692; x_wconf 74' lang='lat' dir='ltr'><strong>ttici</strong></span> 
     </span>
     <span class='ocr_line' id='line_1_11' title="bbox 146 1725 1242 1808; baseline 0.005 -22"><span class='ocrx_word' id='word_1_75' title='bbox 146 1726 209 1804; x_wconf 72' lang='lat' dir='ltr'><strong>[uta</strong></span> <span class='ocrx_word' id='word_1_76' title='bbox 231 1745 271 1788; x_wconf 78' lang='lat' dir='ltr'><strong>cc</strong></span> <span class='ocrx_word' id='word_1_77' title='bbox 289 1745 445 1792; x_wconf 74' lang='lat' dir='ltr'><strong>amaneu</strong></span> <span class='ocrx_word' id='word_1_78' title='bbox 465 1728 508 1790; x_wconf 76' lang='lat' dir='ltr'><strong>uti</strong></span> <span class='ocrx_word' id='word_1_79' title='bbox 528 1737 670 1808; x_wconf 72' lang='lat' dir='ltr'><strong>tempor,</strong></span> <span class='ocrx_word' id='word_1_80' title='bbox 692 1735 728 1792; x_wconf 76' lang='lat' dir='ltr'><strong>ui</strong></span> <span class='ocrx_word' id='word_1_81' title='bbox 757 1725 875 1790; x_wconf 79' lang='lat' dir='ltr'><strong>coactio</strong></span> <span class='ocrx_word' id='word_1_82' title='bbox 899 1725 1051 1792; x_wconf 71' lang='lat' dir='ltr'><strong>motioni.</strong></span> <span class='ocrx_word' id='word_1_83' title='bbox 1078 1727 1242 1805; x_wconf 83' lang='lat' dir='ltr'><strong>Quoniam</strong></span> 
     </span>
     <span class='ocr_line' id='line_1_12' title="bbox 147 1829 1244 1911; baseline 0.004 -21"><span class='ocrx_word' id='word_1_84' title='bbox 147 1829 214 1890; x_wconf 87' lang='lat' dir='ltr'><strong>cuin</strong></span> <span class='ocrx_word' id='word_1_85' title='bbox 232 1829 422 1894; x_wconf 86' lang='lat' dir='ltr'><strong>barmoniae</strong></span> <span class='ocrx_word' id='word_1_86' title='bbox 445 1830 642 1896; x_wconf 81' lang='lat' dir='ltr'><strong>vocabninm</strong></span> <span class='ocrx_word' id='word_1_87' title='bbox 665 1829 727 1906; x_wconf 84' lang='lat' dir='ltr'><strong>iia,</strong></span> <span class='ocrx_word' id='word_1_88' title='bbox 749 1833 807 1911; x_wconf 90' lang='lat' dir='ltr'><strong>qni</strong></span> <span class='ocrx_word' id='word_1_89' title='bbox 836 1829 1016 1895; x_wconf 81' lang='lat' dir='ltr'><strong>secuudum</strong></span> <span class='ocrx_word' id='word_1_90' title='bbox 1039 1829 1143 1896; x_wconf 81' lang='lat' dir='ltr'><strong>Deum</strong></span> <span class='ocrx_word' id='word_1_91' title='bbox 1167 1848 1244 1896; x_wconf 89' lang='lat' dir='ltr'><strong>con·</strong></span> 
     </span>
     <span class='ocr_line' id='line_1_13' title="bbox 146 1929 1242 2012; baseline 0.002 -20"><span class='ocrx_word' id='word_1_92' title='bbox 146 1929 227 1993; x_wconf 90' lang='lat' dir='ltr'><strong>nubio</strong></span> <span class='ocrx_word' id='word_1_93' title='bbox 242 1931 441 2012; x_wconf 80' lang='lat' dir='ltr'><strong>iunguntur,</strong></span> <span class='ocrx_word' id='word_1_94' title='bbox 463 1933 495 1996; x_wconf 91' lang='lat' dir='ltr'><strong>in</strong></span> <span class='ocrx_word' id='word_1_95' title='bbox 508 1932 666 2012; x_wconf 66' lang='lat' dir='ltr'><strong>numiam</strong></span> <span class='ocrx_word' id='word_1_96' title='bbox 688 1931 947 1996; x_wconf 81' lang='lat' dir='ltr'><strong>Proverbioruru</strong></span> <span class='ocrx_word' id='word_1_97' title='bbox 970 1931 1046 1996; x_wconf 94' lang='lat' dir='ltr'><strong>ioco</strong></span> <span class='ocrx_word' id='word_1_98' title='bbox 1072 1931 1242 2008; x_wconf 78' lang='lat' dir='ltr'><strong>tribuitur,</strong></span> 
     </span>
     <span class='ocr_line' id='line_1_14' title="bbox 147 2030 1244 2113; baseline 0 -19"><span class='ocrx_word' id='word_1_99' title='bbox 147 2033 190 2110; x_wconf 80' lang='lat' dir='ltr'><strong>uui</strong></span> <span class='ocrx_word' id='word_1_100' title='bbox 207 2033 250 2098; x_wconf 81' lang='lat' dir='ltr'><strong>nic</strong></span> <span class='ocrx_word' id='word_1_101' title='bbox 272 2035 381 2098; x_wconf 84' lang='lat' dir='ltr'><strong>babet:</strong></span> <span class='ocrx_word' id='word_1_102' title='bbox 402 2035 529 2098; x_wconf 71' lang='lat' dir='ltr'><strong>nomam</strong></span> <span class='ocrx_word' id='word_1_103' title='bbox 550 2043 579 2098; x_wconf 88' lang='lat' dir='ltr'><strong>ct</strong></span> <span class='ocrx_word' id='word_1_104' title='bbox 599 2033 809 2098; x_wconf 79' lang='lat' dir='ltr'><strong>cubatonta&#39;am</strong></span> <span class='ocrx_word' id='word_1_105' title='bbox 830 2030 973 2096; x_wconf 74' lang='lat' dir='ltr'><strong>divident</strong></span> <span class='ocrx_word' id='word_1_106' title='bbox 987 2042 1098 2113; x_wconf 82' lang='lat' dir='ltr'><strong>patrea</strong></span> <span class='ocrx_word' id='word_1_107' title='bbox 1109 2031 1209 2113; x_wconf 69' lang='lat' dir='ltr'><strong>pitia:</strong></span> <span class='ocrx_word' id='word_1_108' title='bbox 1223 2053 1244 2096; x_wconf 88' lang='lat' dir='ltr'><strong>u</strong></span> 
     </span>
     <span class='ocr_line' id='line_1_15' title="bbox 147 2129 1245 2217; baseline 0.003 -22"><span class='ocrx_word' id='word_1_109' title='bbox 147 2129 263 2198; x_wconf 80' lang='lat' dir='ltr'><strong>boniac</strong></span> <span class='ocrx_word' id='word_1_110' title='bbox 281 2146 389 2198; x_wconf 75' lang='lat' dir='ltr'><strong>natant</strong></span> <span class='ocrx_word' id='word_1_111' title='bbox 407 2135 479 2200; x_wconf 81' lang='lat' dir='ltr'><strong>uiro</strong></span> <span class='ocrx_word' id='word_1_112' title='bbox 507 2153 594 2198; x_wconf 78' lang='lat' dir='ltr'><strong>uuor</strong></span> <span class='ocrx_word' id='word_1_113' title='bbox 613 2133 843 2217; x_wconf 72' lang='lat' dir='ltr'><strong>conjungitur:</strong></span> <span class='ocrx_word' id='word_1_114' title='bbox 867 2152 1067 2217; x_wconf 74' lang='lat' dir='ltr'><strong>consequent</strong></span> <span class='ocrx_word' id='word_1_115' title='bbox 1097 2143 1147 2200; x_wconf 80' lang='lat' dir='ltr'><strong>est</strong></span> <span class='ocrx_word' id='word_1_116' title='bbox 1170 2135 1245 2198; x_wconf 88' lang='lat' dir='ltr'><strong>bar·</strong></span> 
     </span>
     <span class='ocr_line' id='line_1_16' title="bbox 146 2237 1245 2320; baseline 0.003 -23"><span class='ocrx_word' id='word_1_117' title='bbox 146 2239 267 2312; x_wconf 84' lang='lat' dir='ltr'><strong>aoniae,</strong></span> <span class='ocrx_word' id='word_1_118' title='bbox 279 2255 366 2320; x_wconf 84' lang='lat' dir='ltr'><strong>quae</strong></span> <span class='ocrx_word' id='word_1_119' title='bbox 386 2237 486 2309; x_wconf 77' lang='lat' dir='ltr'><strong>aiico</strong></span> <span class='ocrx_word' id='word_1_120' title='bbox 506 2245 567 2314; x_wconf 89' lang='lat' dir='ltr'><strong>cai,</strong></span> <span class='ocrx_word' id='word_1_121' title='bbox 581 2247 614 2302; x_wconf 89' lang='lat' dir='ltr'><strong>et</strong></span> <span class='ocrx_word' id='word_1_122' title='bbox 634 2237 763 2302; x_wconf 88' lang='lat' dir='ltr'><strong>nomine</strong></span> <span class='ocrx_word' id='word_1_123' title='bbox 777 2237 989 2320; x_wconf 77' lang='lat' dir='ltr'><strong>symphoniae</strong></span> <span class='ocrx_word' id='word_1_124' title='bbox 1003 2257 1042 2302; x_wconf 92' lang='lat' dir='ltr'><strong>ac</strong></span> <span class='ocrx_word' id='word_1_125' title='bbox 1055 2253 1245 2313; x_wconf 77' lang='lat' dir='ltr'><strong>consensui,</strong></span> 
     </span>
     <span class='ocr_line' id='line_1_17' title="bbox 146 2337 1247 2421; baseline 0.001 -21"><span class='ocrx_word' id='word_1_126' title='bbox 146 2344 171 2400; x_wconf 85' lang='lat' dir='ltr'><strong>ct</strong></span> <span class='ocrx_word' id='word_1_127' title='bbox 187 2339 248 2420; x_wconf 72' lang='lat' dir='ltr'><strong>ipsa</strong></span> <span class='ocrx_word' id='word_1_128' title='bbox 270 2357 308 2404; x_wconf 87' lang='lat' dir='ltr'><strong>re</strong></span> <span class='ocrx_word' id='word_1_129' title='bbox 328 2339 370 2403; x_wconf 84' lang='lat' dir='ltr'><strong>ati</strong></span> <span class='ocrx_word' id='word_1_130' title='bbox 393 2339 572 2404; x_wconf 83' lang='lat' dir='ltr'><strong>orationum</strong></span> <span class='ocrx_word' id='word_1_131' title='bbox 585 2339 664 2418; x_wconf 88' lang='lat' dir='ltr'><strong>irni;</strong></span> <span class='ocrx_word' id='word_1_132' title='bbox 687 2339 775 2421; x_wconf 86' lang='lat' dir='ltr'><strong>quoti</strong></span> <span class='ocrx_word' id='word_1_133' title='bbox 794 2339 847 2402; x_wconf 82' lang='lat' dir='ltr'><strong>rei</strong></span> <span class='ocrx_word' id='word_1_134' title='bbox 867 2339 941 2404; x_wconf 83' lang='lat' dir='ltr'><strong>inde</strong></span> <span class='ocrx_word' id='word_1_135' title='bbox 956 2339 1071 2419; x_wconf 82' lang='lat' dir='ltr'><strong>liquet:</strong></span> <span class='ocrx_word' id='word_1_136' title='bbox 1094 2337 1247 2421; x_wconf 66' lang='lat' dir='ltr'><strong>nicifortc</strong></span> 
     </span>
    </p>
   </div>
   <div class='ocr_carea' id='block_1_2' title="bbox 145 2439 1349 2521">
    <p class='ocr_par' dir='ltr' id='par_1_3' title="bbox 145 2439 1349 2521">
     <span class='ocr_line' id='line_1_18' title="bbox 145 2439 1349 2521; baseline 0.002 -19"><span class='ocrx_word' id='word_1_137' title='bbox 145 2459 174 2502; x_wconf 78' lang='lat' dir='ltr'><strong>cz</strong></span> <span class='ocrx_word' id='word_1_138' title='bbox 190 2459 352 2504; x_wconf 73' lang='lat' dir='ltr'><strong>concam.</strong></span> <span class='ocrx_word' id='word_1_139' title='bbox 380 2459 397 2499; x_wconf 74' lang='lat' dir='ltr'><strong>a</strong></span> <span class='ocrx_word' id='word_1_140' title='bbox 419 2439 502 2504; x_wconf 89' lang='lat' dir='ltr'><strong>iiiuc</strong></span> <span class='ocrx_word' id='word_1_141' title='bbox 524 2440 597 2505; x_wconf 81' lang='lat' dir='ltr'><strong>viiio</strong></span> <span class='ocrx_word' id='word_1_142' title='bbox 630 2441 710 2504; x_wconf 85' lang='lat' dir='ltr'><strong>bace</strong></span> <span class='ocrx_word' id='word_1_143' title='bbox 730 2439 843 2504; x_wconf 82' lang='lat' dir='ltr'><strong>cadom</strong></span> <span class='ocrx_word' id='word_1_144' title='bbox 865 2440 898 2502; x_wconf 89' lang='lat' dir='ltr'><strong>in</strong></span> <span class='ocrx_word' id='word_1_145' title='bbox 929 2443 1025 2506; x_wconf 85' lang='lat' dir='ltr'><strong>teriia</strong></span> <span class='ocrx_word' id='word_1_146' title='bbox 1045 2441 1247 2521; x_wconf 82' lang='lat' dir='ltr'><strong>exponitiono</strong></span> <span class='ocrx_word' id='word_1_147' title='bbox 1344 2508 1349 2518; x_wconf 70' lang='grc'>,</span> 
     </span>
    </p>
   </div>
   <div class='ocr_carea' id='block_1_3' title="bbox 144 2541 1250 3030">
    <p class='ocr_par' dir='ltr' id='par_1_4' title="bbox 144 2541 1250 3030">
     <span class='ocr_line' id='line_1_19' title="bbox 145 2541 1247 2622; baseline 0.004 -20"><span class='ocrx_word' id='word_1_148' title='bbox 145 2541 228 2607; x_wconf 80' lang='lat' dir='ltr'><strong>inisse</strong></span> <span class='ocrx_word' id='word_1_149' title='bbox 248 2543 407 2618; x_wconf 76' lang='lat' dir='ltr'><strong>incussa,</strong></span> <span class='ocrx_word' id='word_1_150' title='bbox 422 2542 602 2622; x_wconf 79' lang='lat' dir='ltr'><strong>codemque</strong></span> <span class='ocrx_word' id='word_1_151' title='bbox 617 2541 734 2605; x_wconf 83' lang='lat' dir='ltr'><strong>tradita</strong></span> <span class='ocrx_word' id='word_1_152' title='bbox 756 2541 892 2618; x_wconf 87' lang='lat' dir='ltr'><strong>intuitu,</strong></span> <span class='ocrx_word' id='word_1_153' title='bbox 908 2541 992 2606; x_wconf 82' lang='lat' dir='ltr'><strong>nico</strong></span> <span class='ocrx_word' id='word_1_154' title='bbox 1004 2550 1051 2606; x_wconf 73' lang='lat' dir='ltr'><strong>&#39;nt</strong></span> <span class='ocrx_word' id='word_1_155' title='bbox 1061 2541 1247 2611; x_wconf 81' lang='lat' dir='ltr'><strong>irnatrauea</strong></span> 
     </span>
     <span class='ocr_line' id='line_1_20' title="bbox 145 2641 1249 2726; baseline 0.005 -22"><span class='ocrx_word' id='word_1_156' title='bbox 145 2651 320 2725; x_wconf 71' lang='lat' dir='ltr'><strong>appareant,</strong></span> <span class='ocrx_word' id='word_1_157' title='bbox 336 2661 422 2726; x_wconf 83' lang='lat' dir='ltr'><strong>quae</strong></span> <span class='ocrx_word' id='word_1_158' title='bbox 439 2644 491 2706; x_wconf 80' lang='lat' dir='ltr'><strong>rei</strong></span> <span class='ocrx_word' id='word_1_159' title='bbox 506 2644 559 2706; x_wconf 89' lang='lat' dir='ltr'><strong>bic</strong></span> <span class='ocrx_word' id='word_1_160' title='bbox 578 2642 686 2708; x_wconf 83' lang='lat' dir='ltr'><strong>talibi</strong></span> <span class='ocrx_word' id='word_1_161' title='bbox 702 2641 849 2707; x_wconf 86' lang='lat' dir='ltr'><strong>Groocna</strong></span> <span class='ocrx_word' id='word_1_162' title='bbox 864 2641 996 2706; x_wconf 82' lang='lat' dir='ltr'><strong>addidit.</strong></span> <span class='ocrx_word' id='word_1_163' title='bbox 1015 2641 1058 2706; x_wconf 83' lang='lat' dir='ltr'><strong>Ei</strong></span> <span class='ocrx_word' id='word_1_164' title='bbox 1075 2644 1121 2708; x_wconf 82' lang='lat' dir='ltr'><strong>sic</strong></span> <span class='ocrx_word' id='word_1_165' title='bbox 1139 2643 1180 2708; x_wconf 90' lang='lat' dir='ltr'><strong>do</strong></span> <span class='ocrx_word' id='word_1_166' title='bbox 1197 2661 1249 2710; x_wconf 86' lang='lat' dir='ltr'><strong>cc·</strong></span> 
     </span>
     <span class='ocr_line' id='line_1_21' title="bbox 146 2743 1250 2830; baseline 0.004 -24"><span class='ocrx_word' id='word_1_167' title='bbox 146 2748 210 2810; x_wconf 84' lang='lat' dir='ltr'><strong>teria</strong></span> <span class='ocrx_word' id='word_1_168' title='bbox 228 2746 487 2826; x_wconf 74' lang='lat' dir='ltr'><strong>expositionibus</strong></span> <span class='ocrx_word' id='word_1_169' title='bbox 508 2743 571 2809; x_wconf 88' lang='lat' dir='ltr'><strong>dici</strong></span> <span class='ocrx_word' id='word_1_170' title='bbox 594 2762 653 2825; x_wconf 85' lang='lat' dir='ltr'><strong>par</strong></span> <span class='ocrx_word' id='word_1_171' title='bbox 673 2751 733 2822; x_wconf 84' lang='lat' dir='ltr'><strong>esi,</strong></span> <span class='ocrx_word' id='word_1_172' title='bbox 756 2763 837 2825; x_wconf 84' lang='lat' dir='ltr'><strong>quaa</strong></span> <span class='ocrx_word' id='word_1_173' title='bbox 859 2745 919 2809; x_wconf 82' lang='lat' dir='ltr'><strong>iste</strong></span> <span class='ocrx_word' id='word_1_174' title='bbox 939 2745 1168 2830; x_wconf 22' lang='lat' dir='ltr'><strong>connexuit—in</strong></span> <span class='ocrx_word' id='word_1_175' title='bbox 1183 2746 1250 2825; x_wconf 84' lang='lat' dir='ltr'><strong>pri·</strong></span> 
     </span>
     <span class='ocr_line' id='line_1_22' title="bbox 144 2846 1250 2930; baseline 0.002 -22"><span class='ocrx_word' id='word_1_176' title='bbox 144 2866 186 2910; x_wconf 91' lang='lat' dir='ltr'><strong>no</strong></span> <span class='ocrx_word' id='word_1_177' title='bbox 205 2849 435 2930; x_wconf 71' lang='lat' dir='ltr'><strong>paragrapho:</strong></span> <span class='ocrx_word' id='word_1_178' title='bbox 458 2863 601 2928; x_wconf 85' lang='lat' dir='ltr'><strong>quarum</strong></span> <span class='ocrx_word' id='word_1_179' title='bbox 634 2863 709 2911; x_wconf 91' lang='lat' dir='ltr'><strong>curn</strong></span> <span class='ocrx_word' id='word_1_180' title='bbox 730 2864 770 2909; x_wconf 91' lang='lat' dir='ltr'><strong>ne</strong></span> <span class='ocrx_word' id='word_1_181' title='bbox 801 2846 939 2912; x_wconf 81' lang='lat' dir='ltr'><strong>verbum</strong></span> <span class='ocrx_word' id='word_1_182' title='bbox 960 2847 1091 2929; x_wconf 83' lang='lat' dir='ltr'><strong>quitiam</strong></span> <span class='ocrx_word' id='word_1_183' title='bbox 1118 2849 1250 2927; x_wconf 87' lang='lat' dir='ltr'><strong>iegatur</strong></span> 
     </span>
     <span class='ocr_line' id='line_1_23' title="bbox 144 2945 1250 3030; baseline 0.003 -21"><span class='ocrx_word' id='word_1_184' title='bbox 144 2950 279 3012; x_wconf 85' lang='lat' dir='ltr'><strong>iniatiua</strong></span> <span class='ocrx_word' id='word_1_185' title='bbox 300 2949 589 3030; x_wconf 77' lang='lat' dir='ltr'><strong>interpretatione,</strong></span> <span class='ocrx_word' id='word_1_186' title='bbox 608 2947 701 3011; x_wconf 85' lang='lat' dir='ltr'><strong>istius</strong></span> <span class='ocrx_word' id='word_1_187' title='bbox 716 2945 806 3023; x_wconf 82' lang='lat' dir='ltr'><strong>iidoc,</strong></span> <span class='ocrx_word' id='word_1_188' title='bbox 823 2955 857 3010; x_wconf 86' lang='lat' dir='ltr'><strong>et</strong></span> <span class='ocrx_word' id='word_1_189' title='bbox 877 2948 1014 3012; x_wconf 80' lang='lat' dir='ltr'><strong>alterins</strong></span> <span class='ocrx_word' id='word_1_190' title='bbox 1028 2947 1250 3012; x_wconf 81' lang='lat' dir='ltr'><strong>concludenda</strong></span> 
     </span>
    </p>
   </div>
   <div class='ocr_carea' id='block_1_4' title="bbox 142 3048 1372 3132">
    <p class='ocr_par' dir='ltr' id='par_1_5' title="bbox 142 3048 1372 3132">
     <span class='ocr_line' id='line_1_24' title="bbox 142 3048 1372 3132; baseline -0.002 -18"><span class='ocrx_word' id='word_1_191' title='bbox 142 3061 180 3114; x_wconf 82' lang='lat' dir='ltr'><strong>ot</strong></span> <span class='ocrx_word' id='word_1_192' title='bbox 209 3050 381 3116; x_wconf 75' lang='lat' dir='ltr'><strong>infidelitas</strong></span> <span class='ocrx_word' id='word_1_193' title='bbox 403 3051 436 3113; x_wconf 94' lang='lat' dir='ltr'><strong>in</strong></span> <span class='ocrx_word' id='word_1_194' title='bbox 464 3052 526 3114; x_wconf 88' lang='lat' dir='ltr'><strong>boc</strong></span> <span class='ocrx_word' id='word_1_195' title='bbox 555 3048 706 3132; x_wconf 78' lang='lat' dir='ltr'><strong>origenis</strong></span> <span class='ocrx_word' id='word_1_196' title='bbox 734 3049 998 3127; x_wconf 79' lang='lat' dir='ltr'><strong>transcribendo,</strong></span> <span class='ocrx_word' id='word_1_197' title='bbox 1030 3049 1252 3131; x_wconf 82' lang='lat' dir='ltr'><strong>vertenaoqnc</strong></span> <span class='ocrx_word' id='word_1_198' title='bbox 1367 3125 1372 3132; x_wconf 14' lang='lat' dir='ltr'><strong>g</strong></span> 
     </span>
    </p>
   </div>
   <div class='ocr_carea' id='block_1_5' title="bbox 140 3151 1255 4130">
    <p class='ocr_par' dir='ltr' id='par_1_6' title="bbox 145 3151 395 3216">
     <span class='ocr_line' id='line_1_25' title="bbox 145 3151 395 3216; baseline -0.008 -1"><span class='ocrx_word' id='word_1_199' title='bbox 145 3151 395 3216; x_wconf 79' lang='lat' dir='ltr'><strong>Commentario.</strong></span> 
     </span>
    </p>

    <p class='ocr_par' dir='ltr' id='par_1_7' title="bbox 140 3251 1255 4130">
     <span class='ocr_line' id='line_1_26' title="bbox 211 3251 1250 3336; baseline -0.003 -18"><span class='ocrx_word' id='word_1_200' title='bbox 211 3254 296 3318; x_wconf 81' lang='lat' dir='ltr'><strong>item</strong></span> <span class='ocrx_word' id='word_1_201' title='bbox 321 3254 526 3336; x_wconf 74' lang='lat' dir='ltr'><strong>propositum</strong></span> <span class='ocrx_word' id='word_1_202' title='bbox 544 3255 652 3336; x_wconf 82' lang='lat' dir='ltr'><strong>juvat,</strong></span> <span class='ocrx_word' id='word_1_203' title='bbox 670 3264 706 3320; x_wconf 95' lang='lat' dir='ltr'><strong>ut</strong></span> <span class='ocrx_word' id='word_1_204' title='bbox 728 3254 859 3336; x_wconf 84' lang='lat' dir='ltr'><strong>patebat</strong></span> <span class='ocrx_word' id='word_1_205' title='bbox 874 3251 1062 3318; x_wconf 80' lang='lat' dir='ltr'><strong>Veraioucm</strong></span> <span class='ocrx_word' id='word_1_206' title='bbox 1084 3254 1250 3333; x_wconf 89' lang='lat' dir='ltr'><strong>antiquam</strong></span> 
     </span>
     <span class='ocr_line' id='line_1_27' title="bbox 140 3353 1251 3434; baseline 0.002 -18"><span class='ocrx_word' id='word_1_207' title='bbox 140 3371 230 3434; x_wconf 75' lang='lat' dir='ltr'><strong>cupra</strong></span> <span class='ocrx_word' id='word_1_208' title='bbox 261 3362 387 3418; x_wconf 84' lang='lat' dir='ltr'><strong>textum</strong></span> <span class='ocrx_word' id='word_1_209' title='bbox 409 3372 562 3434; x_wconf 84' lang='lat' dir='ltr'><strong>graecum</strong></span> <span class='ocrx_word' id='word_1_210' title='bbox 589 3375 659 3420; x_wconf 85' lang='lat' dir='ltr'><strong>esse</strong></span> <span class='ocrx_word' id='word_1_211' title='bbox 680 3355 989 3430; x_wconf 73' lang='lat' dir='ltr'><strong>commendantium,</strong></span> <span class='ocrx_word' id='word_1_212' title='bbox 1013 3372 1052 3418; x_wconf 86' lang='lat' dir='ltr'><strong>ac</strong></span> <span class='ocrx_word' id='word_1_213' title='bbox 1076 3353 1251 3418; x_wconf 85' lang='lat' dir='ltr'><strong>arbitraria</strong></span> 
     </span>
     <span class='ocr_line' id='line_1_28' title="bbox 141 3443 1251 3537; baseline 0.002 -19"><span class='ocrx_word' id='word_1_214' title='bbox 141 3443 557 3537; x_wconf 72' lang='lat' dir='ltr'><strong>insuperiranacriptorcm</strong></span> <span class='ocrx_word' id='word_1_215' title='bbox 571 3474 724 3535; x_wconf 87' lang='lat' dir='ltr'><strong>graecum</strong></span> <span class='ocrx_word' id='word_1_216' title='bbox 738 3457 832 3537; x_wconf 91' lang='lat' dir='ltr'><strong>piura</strong></span> <span class='ocrx_word' id='word_1_217' title='bbox 853 3455 933 3518; x_wconf 88' lang='lat' dir='ltr'><strong>nliaa</strong></span> <span class='ocrx_word' id='word_1_218' title='bbox 945 3455 1159 3530; x_wconf 80' lang='lat' dir='ltr'><strong>subtraxiaao,</strong></span> <span class='ocrx_word' id='word_1_219' title='bbox 1170 3454 1251 3520; x_wconf 86' lang='lat' dir='ltr'><strong>aiiat</strong></span> 
     </span>
     <span class='ocr_line' id='line_1_29' title="bbox 141 3555 1251 3636; baseline 0.003 -21"><span class='ocrx_word' id='word_1_220' title='bbox 141 3556 309 3632; x_wconf 72' lang='lat' dir='ltr'><strong>addidisse,</strong></span> <span class='ocrx_word' id='word_1_221' title='bbox 330 3555 705 3636; x_wconf 75' lang='lat' dir='ltr'><strong>qnandoqueiaisitoteo</strong></span> <span class='ocrx_word' id='word_1_222' title='bbox 726 3557 898 3621; x_wconf 82' lang='lat' dir='ltr'><strong>nonuniias</strong></span> <span class='ocrx_word' id='word_1_223' title='bbox 919 3557 1106 3631; x_wconf 75' lang='lat' dir='ltr'><strong>intrusisse,</strong></span> <span class='ocrx_word' id='word_1_224' title='bbox 1128 3573 1166 3619; x_wconf 89' lang='lat' dir='ltr'><strong>ac</strong></span> <span class='ocrx_word' id='word_1_225' title='bbox 1186 3555 1251 3619; x_wconf 89' lang='lat' dir='ltr'><strong>aiia</strong></span> 
     </span>
     <span class='ocr_line' id='line_1_30' title="bbox 141 3656 1252 3740; baseline 0.003 -21"><span class='ocrx_word' id='word_1_226' title='bbox 141 3659 308 3740; x_wconf 70' lang='lat' dir='ltr'><strong>reliquisse</strong></span> <span class='ocrx_word' id='word_1_227' title='bbox 329 3659 496 3737; x_wconf 80' lang='lat' dir='ltr'><strong>obscura3</strong></span> <span class='ocrx_word' id='word_1_228' title='bbox 519 3659 671 3739; x_wconf 82' lang='lat' dir='ltr'><strong>prodeat,</strong></span> <span class='ocrx_word' id='word_1_229' title='bbox 695 3661 850 3739; x_wconf 86' lang='lat' dir='ltr'><strong>inquam,</strong></span> <span class='ocrx_word' id='word_1_230' title='bbox 872 3658 961 3740; x_wconf 83' lang='lat' dir='ltr'><strong>quoti</strong></span> <span class='ocrx_word' id='word_1_231' title='bbox 989 3658 1112 3738; x_wconf 86' lang='lat' dir='ltr'><strong>iegitur</strong></span> <span class='ocrx_word' id='word_1_232' title='bbox 1132 3660 1163 3720; x_wconf 91' lang='lat' dir='ltr'><strong>in</strong></span> <span class='ocrx_word' id='word_1_233' title='bbox 1189 3656 1252 3722; x_wconf 83' lang='lat' dir='ltr'><strong>To·</strong></span> 
     </span>
     <span class='ocr_line' id='line_1_31' title="bbox 143 3756 1251 3840; baseline 0.002 -20"><span class='ocrx_word' id='word_1_234' title='bbox 143 3775 188 3821; x_wconf 89' lang='lat' dir='ltr'><strong>no</strong></span> <span class='ocrx_word' id='word_1_235' title='bbox 207 3758 314 3825; x_wconf 82' lang='lat' dir='ltr'><strong>xvii.</strong></span> <span class='ocrx_word' id='word_1_236' title='bbox 338 3778 370 3822; x_wconf 91' lang='lat' dir='ltr'><strong>n.</strong></span> <span class='ocrx_word' id='word_1_237' title='bbox 392 3757 444 3826; x_wconf 83' lang='grc'><strong>10.</strong></span> <span class='ocrx_word' id='word_1_238' title='bbox 465 3756 517 3825; x_wconf 82' lang='grc'><strong>11.</strong></span> <span class='ocrx_word' id='word_1_239' title='bbox 540 3760 595 3826; x_wconf 92' lang='lat' dir='ltr'><strong>ubi</strong></span> <span class='ocrx_word' id='word_1_240' title='bbox 617 3761 770 3840; x_wconf 84' lang='lat' dir='ltr'><strong>paroboia</strong></span> <span class='ocrx_word' id='word_1_241' title='bbox 794 3760 970 3823; x_wconf 85' lang='lat' dir='ltr'><strong>diacuiitnr</strong></span> <span class='ocrx_word' id='word_1_242' title='bbox 988 3758 1026 3822; x_wconf 75' lang='lat' dir='ltr'><strong>ne</strong></span> <span class='ocrx_word' id='word_1_243' title='bbox 1048 3756 1141 3823; x_wconf 77' lang='lat' dir='ltr'><strong>Viaco</strong></span> <span class='ocrx_word' id='word_1_244' title='bbox 1155 3759 1251 3839; x_wconf 83' lang='lat' dir='ltr'><strong>pion·</strong></span> 
     </span>
     <span class='ocr_line' id='line_1_32' title="bbox 140 3858 1255 3944; baseline 0.002 -22"><span class='ocrx_word' id='word_1_245' title='bbox 140 3871 199 3924; x_wconf 87' lang='lat' dir='ltr'><strong>toto</strong></span> <span class='ocrx_word' id='word_1_246' title='bbox 218 3871 247 3926; x_wconf 86' lang='lat' dir='ltr'><strong>ct</strong></span> <span class='ocrx_word' id='word_1_247' title='bbox 269 3861 308 3924; x_wconf 80' lang='lat' dir='ltr'><strong>dc</strong></span> <span class='ocrx_word' id='word_1_248' title='bbox 324 3861 498 3944; x_wconf 77' lang='lat' dir='ltr'><strong>Apricoiia.</strong></span> <span class='ocrx_word' id='word_1_249' title='bbox 521 3858 631 3926; x_wconf 88' lang='lat' dir='ltr'><strong>Sicubi</strong></span> <span class='ocrx_word' id='word_1_250' title='bbox 651 3863 736 3926; x_wconf 88' lang='lat' dir='ltr'><strong>onim</strong></span> <span class='ocrx_word' id='word_1_251' title='bbox 757 3878 850 3925; x_wconf 86' lang='lat' dir='ltr'><strong>sacro</strong></span> <span class='ocrx_word' id='word_1_252' title='bbox 874 3861 971 3924; x_wconf 73' lang='lat' dir='ltr'><strong>acrba</strong></span> <span class='ocrx_word' id='word_1_253' title='bbox 997 3861 1150 3942; x_wconf 84' lang='lat' dir='ltr'><strong>pertigit:</strong></span> <span class='ocrx_word' id='word_1_254' title='bbox 1172 3879 1255 3924; x_wconf 82' lang='lat' dir='ltr'><strong>reuc-</strong></span> 
     </span>
     <span class='ocr_line' id='line_1_33' title="bbox 144 3959 1253 4043; baseline 0.004 -21"><span class='ocrx_word' id='word_1_255' title='bbox 144 3959 289 4025; x_wconf 80' lang='lat' dir='ltr'><strong>reioatatr</strong></span> <span class='ocrx_word' id='word_1_256' title='bbox 308 3963 415 4043; x_wconf 78' lang='lat' dir='ltr'><strong>filiani</strong></span> <span class='ocrx_word' id='word_1_257' title='bbox 435 3979 557 4039; x_wconf 80' lang='lat' dir='ltr'><strong>mcum,</strong></span> <span class='ocrx_word' id='word_1_258' title='bbox 579 3961 720 4042; x_wconf 79' lang='lat' dir='ltr'><strong>quadam</strong></span> <span class='ocrx_word' id='word_1_259' title='bbox 741 3962 802 4025; x_wconf 83' lang='lat' dir='ltr'><strong>sibi</strong></span> <span class='ocrx_word' id='word_1_260' title='bbox 831 3962 1028 4028; x_wconf 56' lang='lat' dir='ltr'><strong>occurrenti&lt;</strong></span> <span class='ocrx_word' id='word_1_261' title='bbox 1045 3961 1253 4038; x_wconf 80' lang='lat' dir='ltr'><strong>iiiiiicnitate,</strong></span> 
     </span>
     <span class='ocr_line' id='line_1_34' title="bbox 143 4063 269 4130; baseline 0.032 -6"><span class='ocrx_word' id='word_1_262' title='bbox 143 4063 247 4130; x_wconf 70' lang='lat' dir='ltr'><strong>scabit</strong></span> <span class='ocrx_word' id='word_1_263' title='bbox 259 4087 269 4128; x_wconf 75' lang='grc' dir='ltr'><strong><em>ε</em></strong></span> 
     </span>
    </p>
   </div>
   <div class='ocr_carea' id='block_1_6' title="bbox 531 4163 870 4246">
    <p class='ocr_par' dir='ltr' id='par_1_8' title="bbox 531 4163 870 4246">
     <span class='ocr_line' id='line_1_35' title="bbox 531 4163 870 4246; baseline -0.009 -20"><span class='ocrx_word' id='word_1_264' title='bbox 531 4163 619 4230; x_wconf 79' lang='lat' dir='ltr'><strong>Vettio</strong></span> <span class='ocrx_word' id='word_1_265' title='bbox 645 4163 870 4246; x_wconf 77' lang='lat' dir='ltr'><strong>Interprctuiiu</strong></span> 
     </span>
    </p>
   </div>
   <div class='ocr_carea' id='block_1_7' title="bbox 143 4364 1322 4649">
    <p class='ocr_par' dir='ltr' id='par_1_9' title="bbox 143 4364 1322 4649">
     <span class='ocr_line' id='line_1_36' title="bbox 217 4364 1255 4449; baseline 0.002 -23"><span class='ocrx_word' id='word_1_266' title='bbox 217 4389 234 4426; x_wconf 76' lang='lat' dir='ltr'><strong>a</strong></span> <span class='ocrx_word' id='word_1_267' title='bbox 258 4365 408 4444; x_wconf 79' lang='lat' dir='ltr'><strong>Quacrm</strong></span> <span class='ocrx_word' id='word_1_268' title='bbox 424 4375 534 4432; x_wconf 87' lang='lat' dir='ltr'><strong>antem</strong></span> <span class='ocrx_word' id='word_1_269' title='bbox 555 4368 720 4448; x_wconf 86' lang='lat' dir='ltr'><strong>quomodo</strong></span> <span class='ocrx_word' id='word_1_270' title='bbox 735 4365 1111 4449; x_wconf 76' lang='lat' dir='ltr'><strong>Deosquiuemmittenc</strong></span> <span class='ocrx_word' id='word_1_271' title='bbox 1135 4364 1255 4434; x_wconf 77' lang='lat' dir='ltr'><strong>Filium</strong></span> 
     </span>
     <span class='ocr_line' id='line_1_37' title="bbox 143 4465 1322 4552; baseline 0.006 -27"><span class='ocrx_word' id='word_1_272' title='bbox 143 4481 248 4544; x_wconf 81' lang='lat' dir='ltr'><strong>annm,</strong></span> <span class='ocrx_word' id='word_1_273' title='bbox 270 4468 369 4534; x_wconf 82' lang='lat' dir='ltr'><strong>aicit:</strong></span> <span class='ocrx_word' id='word_1_274' title='bbox 387 4467 615 4532; x_wconf 79' lang='lat' dir='ltr'><strong>reverebuntur</strong></span> <span class='ocrx_word' id='word_1_275' title='bbox 635 4467 758 4534; x_wconf 79' lang='lat' dir='ltr'><strong>Ftttom</strong></span> <span class='ocrx_word' id='word_1_276' title='bbox 774 4484 888 4548; x_wconf 71' lang='lat' dir='ltr'><strong>mum,</strong></span> <span class='ocrx_word' id='word_1_277' title='bbox 909 4472 1002 4552; x_wconf 84' lang='lat' dir='ltr'><strong>qnasi</strong></span> <span class='ocrx_word' id='word_1_278' title='bbox 1016 4469 1073 4549; x_wconf 83' lang='lat' dir='ltr'><strong>qui</strong></span> <span class='ocrx_word' id='word_1_279' title='bbox 1088 4485 1151 4531; x_wconf 94' lang='lat' dir='ltr'><strong>non</strong></span> <span class='ocrx_word' id='word_1_280' title='bbox 1165 4485 1258 4549; x_wconf 78' lang='lat' dir='ltr'><strong>prae·</strong></span> <span class='ocrx_word' id='word_1_281' title='bbox 1319 4465 1322 4470; x_wconf 80' lang='grc'><strong>’</strong></span> 
     </span>
     <span class='ocr_line' id='line_1_38' title="bbox 144 4565 1258 4649; baseline 0.008 -25"><span class='ocrx_word' id='word_1_282' title='bbox 144 4565 269 4647; x_wconf 80' lang='lat' dir='ltr'><strong>aciabut,</strong></span> <span class='ocrx_word' id='word_1_283' title='bbox 285 4568 373 4649; x_wconf 82' lang='lat' dir='ltr'><strong>quoti</strong></span> <span class='ocrx_word' id='word_1_284' title='bbox 390 4569 420 4632; x_wconf 92' lang='lat' dir='ltr'><strong>ci</strong></span> <span class='ocrx_word' id='word_1_285' title='bbox 436 4567 544 4632; x_wconf 87' lang='lat' dir='ltr'><strong>inurat</strong></span> <span class='ocrx_word' id='word_1_286' title='bbox 562 4577 769 4636; x_wconf 77' lang='lat' dir='ltr'><strong>eventurum.</strong></span> <span class='ocrx_word' id='word_1_287' title='bbox 785 4568 855 4636; x_wconf 88' lang='lat' dir='ltr'><strong>Nec</strong></span> <span class='ocrx_word' id='word_1_288' title='bbox 872 4571 957 4636; x_wconf 89' lang='lat' dir='ltr'><strong>euim</strong></span> <span class='ocrx_word' id='word_1_289' title='bbox 974 4568 1125 4635; x_wconf 76' lang='lat' dir='ltr'><strong>vitientur</strong></span> <span class='ocrx_word' id='word_1_290' title='bbox 1143 4585 1258 4634; x_wconf 80' lang='lat' dir='ltr'><strong>accun-</strong></span> 
     </span>
    </p>
   </div>
   <div class='ocr_carea' id='block_1_8' title="bbox 0 0 1692 5567">
    <p class='ocr_par' dir='ltr' id='par_1_10' title="bbox 0 0 1692 5567">
     <span class='ocr_line' id='line_1_39' title="bbox 0 0 1692 5567; baseline 0 0"><span class='ocrx_word' id='word_1_291' title='bbox 0 0 1692 5567; x_wconf 95' lang='lat' dir='ltr'><strong> </strong></span> 
     </span>
    </p>
   </div>
  </div>
 </body>
</html>
