3375 5567
469 785 700 850 Verumtamen
720 802 786 864 quo
808 799 903 848 seusu
918 781 1102 862 accipienda
1122 780 1198 858 siut,
1212 797 1299 859 quae
1320 782 1367 845 ait
1385 781 1426 844 de
1447 778 1507 844 bo-

388 907 461 952 rum
476 895 640 950 astrorum
662 884 872 964 intelligentia
892 902 934 947 es
955 882 1166 964 sequentibus
1185 890 1287 962 patet,
1310 881 1366 946 ubi
1386 883 1504 948 scribit

387 1009 417 1053 o.
441 987 501 1054 11:
526 1009 543 1048 ι
565 985 686 1074 ὓιιιιιιιι
707 1004 781 1050 curu
803 984 895 1048 nobis
915 1001 1108 1066 persuasum
1129 993 1191 1059 est,
1212 985 1317 1048 solem
1338 987 1445 1064 ipsum
1472 995 1507 1049 et

386 1094 497 1156 lunam
518 1099 550 1154 et
569 1089 680 1153 stellas
703 1087 770 1152 Deo
793 1089 1024 1152 universorum
1046 1106 1160 1167 preces
1180 1105 1240 1169 per
1260 1106 1338 1152 eum
1359 1090 1508 1169 unigeni·

387 1203 455 1256 turn
476 1191 642 1266 adbibere,
661 1191 845 1270 judicamus
863 1205 927 1250 non
941 1196 1096 1267 oportere
1116 1190 1310 1268 precarios,
1332 1207 1419 1269 quae
1432 1207 1509 1270 pre-

387 1301 514 1359 cantur.
530 1293 694 1376 Siquidem
712 1300 744 1355 et
764 1293 831 1372 ipsu
853 1300 940 1354 astra
955 1292 1103 1354 comitari
1126 1309 1183 1354 uos
1205 1292 1370 1354 roluotad
1384 1290 1505 1368 Deum,

387 1415 484 1477 quem
507 1403 657 1468 exorant,
681 1392 780 1472 magis
801 1411 900 1473 quam
922 1393 960 1454 ad
982 1392 1102 1472 seipsas
1122 1392 1300 1470 deducere3
1320 1411 1380 1456 seu
1404 1394 1509 1472 magis

386 1515 484 1578 quam
506 1497 619 1577 partiri
635 1506 818 1558 nostrarum
842 1511 976 1572 precum
994 1493 1180 1557 virtutema
1197 1491 1279 1568 lieo,
1297 1495 1385 1556 etad
1401 1511 1508 1573 seap-

386 1600 507 1679 plicare
529 1619 557 1658 u.
583 1597 608 1662 Ε
631 1598 750 1678 quibus
771 1597 888 1676 liquet,
911 1613 986 1659 eum
1008 1596 1199 1658 coelestium
1220 1613 1400 1676 corporum
1413 1596 1507 1660 solli·

385 1700 496 1763 oitudn
518 1697 621 1763 Deum
652 1718 712 1779 pro
734 1697 823 1761 nobis
844 1698 1034 1760 obsecrandi
1065 1699 1173 1778 potius
1196 1699 1301 1778 rigeat
1321 1716 1423 1778 quam
1443 1716 1508 1779 pro

385 1821 419 1866 se
441 1804 529 1883 ipsis,
552 1809 621 1866 tum
642 1819 758 1865 eorum
781 1801 952 1874 rationem,
976 1807 1046 1862 tum
1067 1800 1240 1863 arbitrium
1255 1801 1288 1862 iu
1307 1801 1359 1872 iis,
1374 1802 1507 1881 quoties

385 1905 580 1968 admittenda
602 1921 640 1965 ea
660 1904 735 1977 sint,
758 1920 775 1964 a
797 1901 916 1981 spiritu
935 1903 1061 1965 secerni
1082 1909 1116 1964 et
1137 1902 1303 1965 bominum
1326 1903 1506 1978 arbitratu,

385 2013 418 2068 et
436 2007 601 2086 speciatim
623 2004 731 2084 quoad
762 2005 882 2067 borum
904 2003 1022 2077 duem,
1044 2010 1080 2066 et
1099 2005 1281 2083 praemium
1302 2013 1338 2067 et
1357 2019 1501 2084 poenas,

386 2125 471 2188 quse
492 2123 759 2186 unumquemque
781 2112 911 2168 manent
921 2105 952 2165 in
974 2104 1080 2166 altero
1089 2105 1203 2168 seculo
1224 2117 1326 2186 prope
1337 2106 1506 2188 euiusqm

385 2211 536 2273 notiones.
559 2206 673 2272 Sermo
694 2209 778 2269 euim
800 2207 951 2285 Origenis
972 2206 1044 2269 talis
1065 2213 1133 2280 est,
1156 2216 1194 2269 ut
1214 2208 1255 2269 ab
1282 2211 1380 2270 astris
1400 2227 1502 2289 opera

386 2313 552 2374 meritoria
573 2309 752 2373 excludere
776 2309 939 2387 rideatur3
961 2316 994 2370 et
1016 2317 1170 2387 tauquam
1190 2327 1233 2372 ex
1255 2309 1446 2374 necessitate
1466 2329 1505 2374 aa

386 2429 497 2493 agere,
519 2431 577 2476 seu
601 2413 726 2475 moveri
748 2418 852 2493 putet.

467 2511 537 2577 Hoc
558 2523 668 2576 autem
701 2514 870 2593 praeclare
891 2513 924 2575 in
947 2511 1045 2578 Libro
1067 2511 1111 2576 tte
1142 2510 1292 2576 murm
1312 2531 1344 2574 u.
1365 2511 1397 2577 t.
1420 2530 1512 2576 oom-

385 2616 620 2696 prehenditur,
643 2615 738 2696 cujus
772 2615 869 2678 rerba
892 2615 1089 2695 explanant,
1111 2632 1200 2696 quae
1228 2621 1342 2678 contra
1373 2614 1508 2682 Celsum

319 2759 321 2766 ι
385 2717 575 2795 disceptarit
598 2716 810 2780 Adamantius
832 2715 919 2780 circa
941 2725 1107 2780 astrorum
1128 2715 1375 2796 intelligentiam
1400 2725 1433 2779 et
1452 2733 1508 2779 ar·

385 2819 526 2882 bitrium.
551 2817 597 2882 lta
620 2836 760 2898 namque
779 2819 913 2881 scribit:
937 2839 956 2878 a
979 2818 1026 2882 Ad
1050 2836 1087 2882 eu
1109 2827 1243 2893 autem,
1265 2836 1352 2898 quaa
1372 2819 1504 2900 objecta

386 2928 461 2985 sont
482 2922 521 2984 de
542 2921 690 2984 oratione
712 2926 750 2983 ut
769 2921 819 2983 sol
841 2921 983 2996 oriatur,
1006 2922 1086 2984 baec
1107 2921 1253 2984 dicenda.
1275 2919 1332 2984 llst
1352 2939 1450 2984 suum
1472 2928 1507 2984 et

385 3023 445 3086 soll
467 3023 653 3098 arbitrium,
676 3021 940 3103 quandoquidem
962 3023 1031 3102 ipso
1052 3021 1156 3086 Deum
1177 3041 1253 3085 oum
1273 3021 1351 3084 luna
1373 3021 1503 3101 laudan

383 3127 428 3187 ait
448 3125 544 3186 enim:
568 3123 698 3186 luudotr
716 3141 787 3186 rum
809 3124 857 3185 rol
875 3133 905 3186 rt
925 3123 1085 3189 tornesio
1104 3132 1137 3186 et
1150 3123 1323 3186 arbitrium
1346 3124 1458 3188 lunam
1473 3131 1509 3186 et

383 3233 619 3305 consequenter
640 3225 751 3287 stellas
772 3243 884 3287 omnes
906 3225 1026 3288 babere
1054 3223 1260 3288 manifestum
1283 3233 1351 3287 este
1374 3224 1507 3288 laudato

381 3344 452 3389 rum
472 3326 581 3388 stallos
601 3334 629 3388 rt
650 3325 765 3387 lumen.
797 3321 840 3388 Ut
861 3325 961 3404 igitur
981 3324 1123 3387 diximus
1145 3331 1258 3388 nostro
1277 3325 1506 3404 singulorum,

385 3429 441 3508 qui
470 3429 501 3489 in
524 3435 610 3490 terra
645 3444 836 3502 versamur,
859 3425 996 3488 arbitrio
1027 3427 1075 3488 uti
1098 3423 1203 3489 Deum
1211 3445 1223 3504 3
1246 3435 1279 3489 et
1299 3428 1332 3489 iu
1360 3426 1507 3506 aliquam

386 3538 593 3590 terrenarum
619 3515 729 3590 rerum
744 3527 918 3589 utilitatem
940 3527 1171 3588 convenienter
1186 3525 1242 3586 ills
1265 3526 1443 3590 ordinasse:
1459 3528 1508 3590 sic

388 3627 485 3692 etiam
518 3626 772 3691 existimandum
796 3633 867 3702 est,
893 3625 999 3706 ipsum
1020 3635 1053 3689 et
1074 3644 1135 3704 pro
1162 3626 1254 3690 uobis
1273 3627 1411 3690 arbitrio
1430 3628 1511 3691 solia

385 3737 418 3792 et
445 3729 542 3792 lunae
565 3737 596 3791 et
616 3727 787 3791 stellarum
815 3728 996 3792 necessario
1024 3727 1083 3792 illo
1110 3735 1142 3790 et
1170 3727 1266 3791 tirmo
1287 3737 1321 3790 et
1343 3729 1452 3792 stabili
1473 3739 1508 3793 et

386 3834 530 3910 sapiente
545 3847 653 3904 usum,
670 3828 834 3893 ordinasse
851 3838 1003 3892 ornatum
1018 3846 1146 3892 ornnem
1164 3831 1506 3910 contempnentes

385 3949 450 4012 qne
472 3932 625 3994 universo
645 3930 790 3994 siderum
813 3932 1050 3994 conversiones.
1073 3929 1169 4007 Quod
1190 3932 1217 3993 si
1238 3930 1280 3993 de
1299 3931 1357 4004 iia,
1379 3947 1465 4011 quae
1486 3949 1506 3994 a

386 4041 498 4096 nostro
514 4034 648 4097 arbitrio
665 4033 817 4113 pendent,
832 4050 896 4096 uon
917 4033 1041 4096 lrnstra
1056 4051 1128 4106 oro,
1152 4033 1258 4096 multo
1276 4033 1376 4112 megia
1396 4032 1507 4109 daila,

387 4154 472 4216 quse
494 4137 525 4197 in
546 4135 683 4198 arbitrio
703 4143 777 4197 sunt
807 4135 998 4200 coelestium
1019 4134 1155 4197 illorum
1176 4134 1341 4207 siderum,
1363 4150 1507 4213 qnorum

387 4237 556 4301 ordinatur
588 4253 705 4299 cursus
734 4235 831 4298 rebus
851 4235 942 4298 utilis
968 4243 1018 4299 ost
1038 4235 1210 4298 unirersis.
1237 4233 1445 4314 Quemquam
1467 4235 1509 4298 de

388 4339 524 4402 terrenis
542 4337 639 4400 rebus
661 4335 792 4417 quidem
814 4334 878 4398 dici
894 4343 1011 4414 potest,
1035 4344 1140 4399 certas
1154 4335 1310 4416 quasdam
1328 4352 1348 4396 a
1368 4336 1511 4399 circun-

386 4439 545 4503 stantibus
566 4437 689 4517 speeies
710 4437 852 4513 immitti,
876 4455 961 4517 quae
984 4443 1164 4517 provocent
1184 4437 1229 4513 id,
1250 4435 1338 4515 quod
1359 4436 1391 4497 in
1416 4435 1509 4500 nobis

387 4539 552 4604 inllrmum
574 4547 635 4612 est,
658 4547 716 4602 sut
738 4555 879 4618 pronum
899 4539 940 4602 ad
961 4539 1138 4615 deteriora,
1155 4546 1193 4602 ut
1211 4537 1294 4603 baec
1314 4539 1368 4602 rel
1382 4537 1439 4601 illa
1460 4537 1510 4600 di·
