3375 5567
155 774 397 851 ncn,aecundnm
414 777 584 858 imaginem
596 776 653 841 liei
663 776 739 841 lecit
754 777 860 841 illum.
872 776 1022 845 Secundo
1032 779 1107 844 loco
1117 780 1250 843 beatum

152 874 331 955 judicandam
353 875 435 939 illud
458 876 571 951 luerit,
595 877 682 959 quod
709 878 739 939 in
762 878 825 941 boc
846 880 976 943 nomine
997 882 1084 945 renit
1104 898 1164 961 per
1175 897 1250 961 per·

155 976 339 1057 ticipatiooem
362 978 414 1041 rel
436 980 764 1043 communicationem
792 980 906 1057 illins,
927 998 1015 1063 qnae
1038 999 1155 1047 resera
1175 982 1250 1045 bea·

155 1076 236 1139 titndo
253 1085 307 1139 est.
329 1096 348 1135 s

212 1174 326 1241 lerum
345 1178 456 1259 quoad
479 1179 565 1245 istud
586 1178 790 1245 beatitudinis
811 1181 1106 1266 vocabulumque
1119 1184 1250 1265 saepius

153 1277 236 1341 utitor
252 1276 430 1363 Npsseous.
453 1282 539 1345 unde
561 1282 699 1347 tortasse
721 1284 858 1347 dubium
877 1284 1031 1349 obortum
1051 1293 1112 1361 est,
1128 1286 1248 1366 ipsam,

154 1377 269 1443 lntnrsm
288 1381 466 1461 aliquando
488 1384 708 1464 reproborum
730 1403 769 1448 ac
790 1385 986 1449 doemonum
1010 1387 1175 1452 admisisse
1195 1396 1247 1452 ra'-

154 1480 243 1555 laum,
265 1482 442 1549 admodum
471 1486 558 1549 valet
572 1486 745 1563 distinctio,
771 1506 873 1568 qnam
892 1490 959 1569 ipse
979 1491 1014 1553 iu
1033 1491 1178 1571 praelata
1199 1490 1246 1556 0-

153 1583 249 1645 ratione
268 1585 416 1650 instituit.
446 1584 492 1649 lbi
517 1606 658 1668 nemone
680 1587 829 1651 bifariam
851 1589 962 1653 demit
982 1590 1242 1657 beatitudinem:
1280 1616 1286 1628 ¹

154 1680 379 1785 rbtnrnpse‘rug
399 1688 579 1765 beatitudo,
599 1690 705 1770 primo
726 1689 801 1754 loco
821 1690 889 1767 ait,
909 1700 958 1756 est
978 1694 1034 1755 illa
1051 1695 1244 1774 incorrupta

154 1795 218 1871 rita,
236 1793 397 1860 ineffabile
419 1791 502 1855 illud
525 1791 645 1855 bonum
668 1798 701 1855 et
726 1794 1072 1874 incontaminabile,
1096 1796 1242 1876 pnlcbri·

154 1896 212 1959 tado
228 1895 465 1968 inenarrabilis,
479 1895 546 1972 ipae
568 1893 671 1971 gratia
692 1907 725 1956 et
744 1895 901 1973 capientia
916 1905 950 1959 et
967 1899 1083 1971 virtus,
1103 1897 1164 1961 tux
1188 1917 1241 1961 ro·

153 2016 187 2070 rs,
203 2003 293 2063 omnis
314 1999 467 2063 bonitatis
492 1996 574 2069 loos,
597 1993 695 2056 rebus
718 1994 869 2059 omnibns
889 1998 1168 2076 superexcellens,
1185 2018 1243 2080 po-

153 2100 224 2161 tentia
236 2101 299 2163 sola
314 2100 480 2173 amabitis,
494 2098 648 2160 continuo
669 2112 704 2159 se
724 2116 758 2159 ee
779 2097 895 2161 eodem
916 2097 1013 2161 modo
1035 2099 1155 2163 babens
1169 2118 1244 2179 per·
1336 2104 1341 2111 '

154 2212 225 2279 petua
242 2204 414 2278 exultatio,
437 2201 560 2265 laetitia
573 2202 783 2282 sempiterna,
800 2199 839 2261 de
854 2215 934 2280 qua,
956 2208 1076 2280 quanta
1098 2202 1172 2281 quis
1192 2202 1242 2265 lo·

153 2306 192 2383 qut
208 2307 327 2385 poterit,
350 2305 435 2369 nibil
455 2304 611 2383 condigne
633 2302 754 2365 dixerit
774 2311 836 2365 ete.
859 2320 878 2359 n
899 2297 942 2380 (ll

210 2406 319 2473 Deinde
339 2408 406 2471 alia
429 2405 492 2469 snb
511 2404 742 2485 significatione
763 2402 848 2465 idem
864 2402 1063 2467 vocabulum
1081 2403 1243 2467 beatitudo

153 2510 325 2588 expenditrn
346 2507 436 2575 Cum
456 2516 580 2581 antem,
601 2507 727 2577 scribit,
752 2504 808 2568 ille
828 2506 888 2585 qni
909 2504 1041 2569 tinxerit
1060 2507 1238 2583 bominem,

152 2610 294 2674 amandam
314 2611 490 2690 imaginem
512 2606 570 2672 Dei
586 2606 663 2672 iecit
683 2624 773 2681 eum,
785 2605 929 2669 secundo
947 2606 1023 2669 loco
1037 2603 1246 2705 μωιαρίστον

104 2776 105 2793 1
153 2706 252 2774 matum
269 2712 485 2793 judicandum
507 2710 570 2773 erit
598 2708 699 2784 illud,
722 2707 809 2788 quod
831 2707 887 2769 ob·
902 2709 1180 2788 participationem
1201 2709 1241 2771 it·

104 2804 105 2835 ἦ
153 2808 208 2885 lins,
232 2830 309 2893 qnae
331 2832 411 2877 rere
441 2812 577 2875 beatitas
598 2819 667 2885 est,
688 2810 750 2875 snb
782 2808 854 2890 ejus
875 2811 1011 2873 nominis
1036 2819 1112 2892 typo
1140 2812 1238 2873 uenit.

104 2934 105 2943 ¹
153 2904 401 2983 Quemadmodum
422 2913 508 2976 enim
529 2912 560 2975 in
582 2913 756 2992 praestanti
776 2913 924 2992 corporis
942 2911 1047 2975 torma
1063 2923 1238 2998 prototypa

153 3012 326 3087 pulchritudo
347 3017 380 3077 in
407 3015 525 3078 virenti
547 3032 585 3076 ac
609 3030 685 3077 rere
705 3014 891 3077 subsistenti
914 3013 997 3076 lanio
1017 3023 1080 3092 est3
1100 3022 1134 3078 et
1153 3016 1238 3079 alte·

152 3128 205 3175 ran
221 3113 320 3179 locum
341 3117 384 3178 ab
401 3116 462 3179 bac
483 3115 606 3178 obtinet
622 3114 718 3189 illud,
741 3114 827 3195 qood
843 3114 884 3177 ad
906 3115 1117 3179 imitationem
1132 3124 1239 3181 osten·

153 3212 217 3277 titur
231 3218 258 3279 in
277 3219 432 3297 imagine;
451 3217 495 3280 ita
516 3226 549 3281 et
570 3226 685 3279 natura
709 3216 865 3291 bumana,
880 3233 965 3297 qnae
984 3234 1147 3297 supernae
1161 3219 1236 3283 bea-

154 3316 264 3383 titudiuis
281 3321 388 3401 imago
409 3328 470 3395 est,
492 3320 560 3399 ipsa
579 3321 714 3399 unoque
736 3309 865 3399 pulebr'i
887 3318 1015 3381 decoris
1044 3320 1237 3386 charactere

152 3414 314 3498 tetgnstnr,
327 3440 434 3502 quum
455 3422 486 3483 in
501 3440 536 3483 se
552 3422 721 3484 beatorum
730 3420 878 3483 ostendat
889 3427 1096 3485 caracterum
1108 3440 1239 3503 reprae-

152 3522 318 3586 sentationes.
342 3544 361 3580 n
385 3519 427 3585 Et
446 3522 508 3585 sub
529 3521 590 3588 bac
617 3521 758 3585 secunda
777 3521 1010 3603 significatione
1030 3524 1237 3604 percipienda

153 3633 205 3681 uns
220 3632 263 3685 est
281 3623 467 3697 beatitudo,
490 3640 579 3703 qna,
600 3622 679 3685 olim
700 3622 743 3685 ob
764 3633 937 3703 peceatum
964 3624 1106 3701 amissa,
1127 3626 1236 3692 denno

155 3720 411 3789 ¹ttrtrsnrrectione
431 3723 627 3788 cumulanda
649 3725 712 3787 erit
743 3725 881 3788 hominis
901 3732 1031 3789 natura.
1061 3724 1158 3802 Quod
1181 3748 1238 3793 ro·

154 3821 272 3887 cabutam
290 3846 387 3891 sensu
407 3826 522 3889 eodem
544 3844 582 3889 ac
601 3824 707 3907 imago
727 3823 795 3901 od,
809 3826 1008 3906 incorruptio
1026 3836 1055 3891 ct
1074 3826 1237 3895 imnaorto·

155 3918 206 3983 lt'trs
228 3944 315 4007 saepe
337 3930 467 3993 veniens
488 3946 507 3991 a
531 3926 664 4012 Nyaseni
695 3929 842 4011 scriptis,
869 3930 1101 3994 obscuritatem
1122 3932 1237 3997 adimit

156 4029 286 4103 arnonis,
306 4029 489 4109 dubiosque
510 4028 650 4115 iustruit.

210 4126 325 4194 ltemex
346 4130 503 4195 Sermone
517 4128 547 4193 T
542 4148 604 4193 nnc
622 4128 688 4210 ipse
702 4128 807 4193 Filius
826 4130 1012 4213 subjicietur
1023 4130 1051 4195 st
1071 4141 1127 4195 etc.
1145 4132 1235 4197 alind

157 4231 327 4311 tflccipuum
348 4241 590 4313 argumentum,
612 4251 679 4313 quo
694 4232 760 4295 divi
783 4232 887 4297 Patris
901 4252 990 4297 mens
1010 4235 1111 4315 magis
1125 4243 1233 4316 pateat

204 4437 317 4512 (1112,
331 4444 464 4520 aragon
476 4414 596 4501 amaa
614 4444 695 4501 uana
715 4444 787 4501 auu
803 4460 871 4519 pm
886 4444 1019 4504 mrbus
1035 4444 1122 4504 naeu
1139 4446 1239 4505 mne

157 4538 201 4593 aa
214 4549 288 4593 aaa
308 4538 388 4599 reu.
413 4536 799 4615 animumanimumum
821 4538 902 4597 rem.
