3375 5567
407 585 469 752 ιιιίξς
485 688 611 754 tabulas
632 703 761 766 eornm,
776 692 833 770 qui
850 689 1045 773 prolationes
1067 688 1222 770 quasdam
1243 687 1302 751 sibi
1324 687 1400 766 ipsis
1415 683 1511 765 depin-

409 800 501 871 gunt,
516 800 554 854 ut
574 790 714 856 divinam
729 798 879 854 naturam
901 792 932 854 in
948 799 1056 872 partes
1079 799 1205 866 vocent,
1222 799 1255 854 et
1274 789 1376 852 Oeum
1394 786 1512 850 Patren

408 899 567 974 quantum
589 893 620 956 io
641 912 675 956 se
695 900 757 969 est,
778 892 923 957 dividant
939 900 1000 956 etc.
1018 913 1035 950 ιι
1052 893 1145 970 Quae
1168 892 1265 955 rerba
1287 891 1375 954 allud
1392 889 1511 970 quidem

408 1003 523 1059 sonaut
542 996 586 1059 ibi
607 994 693 1075 apud
713 992 911 1074 Origeoem,
934 1013 1032 1075 quem
1054 995 1181 1076 putarit
1202 993 1349 1074 quisquis
1368 1009 1408 1054 ea
1437 1000 1514 1053 tran·

409 1096 542 1162 etulerit
552 1097 585 1158 in
600 1097 686 1160 buno
701 1094 885 1176 Dialogum.
906 1094 947 1159 Et
961 1103 1131 1161 contextus
1146 1097 1207 1158 beo
1219 1095 1346 1177 probat.
1360 1091 1426 1158 llic
1439 1110 1516 1154 nam-

410 1217 475 1278 que
496 1197 652 1278 Origenes
672 1198 838 1278 explicans
859 1216 922 1261 cnr
941 1196 1114 1279 Sapientia,
1131 1197 1213 1262 idest
1227 1195 1330 1260 Filius
1351 1192 1411 1258 Oei
1434 1211 1517 1256 soce·

413 1307 470 1362 tur
488 1300 594 1378 imago
614 1299 782 1362 invisibilis
810 1296 869 1361 Oei
893 1297 1018 1377 Petris,
1041 1299 1168 1380 iuquit:
1190 1319 1207 1358 ιι
1228 1296 1260 1361 Sl
1282 1299 1366 1362 enim
1396 1296 1515 1366 omnia,

410 1416 495 1479 qnae
517 1400 594 1465 iacit
616 1399 734 1477 Pater,
757 1401 836 1463 baec
858 1407 890 1463 ct
912 1397 1014 1464 Filius
1037 1401 1113 1463 lacit
1133 1401 1283 1463 similiter
1304 1400 1334 1461 iu
1356 1417 1416 1472 eo,
1438 1395 1515 1477 qnod

409 1503 517 1565 omnia
539 1503 582 1564 ite
605 1502 681 1564 iacit
701 1501 804 1566 Filius
824 1502 910 1566 sient
932 1501 1040 1577 Pater,
1063 1505 1169 1583 imago
1193 1500 1296 1565 Patria
1318 1502 1349 1563 in
1374 1498 1457 1562 Filio
1470 1496 1517 1560 de

412 1602 586 1678 iormainr,
609 1604 665 1683 qni
686 1603 801 1682 utique
821 1607 917 1664 natus
937 1621 978 1665 ex
1000 1621 1040 1666 eo
1061 1611 1109 1666 est
1125 1603 1215 1666 velut
1236 1600 1395 1680 quaedam
1413 1598 1518 1663 solon

412 1712 459 1765 tas
473 1703 545 1784 ejus
557 1723 599 1766 ex
621 1712 726 1766 mente
741 1703 928 1782 procedens.
954 1702 993 1767 Et
1008 1705 1080 1768 ideo
1102 1723 1161 1786 ego
1176 1704 1332 1777 arbitror,
1355 1701 1445 1783 qood
1459 1699 1517 1763 soi·

413 1803 510 1867 licere
530 1804 646 1868 debeat
662 1805 810 1867 voluntas
827 1802 931 1866 Patris
945 1805 984 1867 ad
1000 1805 1238 1870 subsistendum
1254 1805 1328 1876 boc,
1349 1801 1439 1882 qaod
1457 1800 1519 1862 solt

415 1903 524 1969 Pater.
550 1903 670 1968 Volens
690 1907 788 1982 enim,
811 1923 874 1967 non
897 1907 959 1968 alia
982 1908 1087 1972 utitur
1109 1909 1180 1982 via,
1204 1907 1262 1968 nisi
1284 1921 1369 1984 quae
1391 1899 1518 1966 consilio

415 2007 590 2070 voluntatis
610 2007 790 2088 protertur.
814 2005 861 2072 lta
883 2027 962 2089 ergo
983 2017 1016 2070 et
1031 2008 1104 2071 Filii
1125 2005 1328 2070 subsistentia
1355 2008 1520 2084 generator

411 2107 455 2168 ab
477 2125 529 2170 eo.
555 2104 650 2182 Quod
675 2125 804 2171 necesse
828 2117 876 2172 est
904 2111 936 2172 in
960 2111 1071 2190 primis
1091 2110 1210 2189 suscipi
1226 2108 1267 2171 ab
1292 2107 1353 2181 bis,
1372 2106 1428 2185 qui
1451 2103 1518 2166 nibil

411 2208 601 2287 ingenitum,
624 2207 705 2270 idest
726 2211 870 2300 innatum
892 2221 1024 2292 praeter
1043 2211 1151 2276 solum
1167 2209 1270 2272 Deum
1293 2203 1520 2271 intententur

413 2309 610 2372 servandum
632 2327 772 2389 namque
793 2320 854 2387 est,
877 2314 990 2392 nequis
1006 2313 1153 2377 incurrat
1173 2311 1205 2372 iu
1220 2310 1292 2372 illas
1312 2304 1518 2372 absurdasia·

414 2407 509 2471 bulas
531 2427 668 2485 eornm,
692 2412 747 2490 qui
769 2410 966 2491 prolationes
988 2413 1142 2494 quasdam
1164 2411 1223 2475 sibi
1245 2411 1321 2489 ipsis
1342 2407 1519 2488 depingunt,

414 2517 452 2571 ut
465 2509 606 2571 divinem
628 2517 777 2573 naturam
794 2511 825 2573 in
847 2519 954 2592 partes
975 2522 1100 2588 vocent,
1116 2519 1148 2576 et
1164 2509 1268 2576 Oenm
1286 2508 1413 2572 Patrem
1429 2521 1521 2586 quan·

417 2620 485 2674 tom
503 2613 533 2674 in
549 2631 584 2675 se
598 2619 658 2689 est,
681 2612 840 2692 dividant,
857 2633 931 2678 cum
949 2615 1010 2679 boc
1025 2616 1064 2678 de
1079 2615 1271 2694 incorporee
1287 2618 1403 2674 natura
1418 2607 1467 2670 rei
1480 2606 1520 2668 le-

418 2711 501 2773 viter
521 2714 699 2792 suspicari,
722 2731 784 2776 uon
805 2713 912 2778 solum
945 2723 1111 2778 extremae
1133 2715 1304 2794 impietatis
1325 2718 1395 2785 est,
1417 2725 1522 2773 rerunt

417 2813 514 2876 etiam
529 2814 664 2876 ultimae
684 2815 897 2894 insipientiae:
913 2833 971 2879 nec
991 2817 1121 2880 omnino
1135 2815 1176 2878 ad
1199 2812 1441 2894 intelligentiam
1454 2827 1521 2872 eon·

414 2931 565 2994 sequens,
583 2920 620 2977 ut
634 2915 845 2994 incorporeae
860 2924 996 2981 naturae
1010 2916 1228 2981 substantialis
1244 2915 1360 2977 divisio
1374 2912 1467 2994 possit
1480 2913 1520 2972 in·

420 3015 534 3094 telligi.
546 3035 566 3072 ιι
576 3013 658 3076 lline
673 3015 792 3095 inspice
812 3017 956 3096 qualiter
971 3019 1002 3080 in
1023 3018 1085 3082 boc
1099 3037 1247 3082 sermone
1268 3016 1365 3080 distet
1378 3012 1520 3092 Origenes

416 3118 547 3190 abeo,
568 3115 655 3195 quod
675 3117 798 3197 legitor
817 3119 849 3180 in
871 3117 1008 3200 Oialogn
1028 3121 1148 3195 citato,
1171 3119 1214 3181 ite
1238 3127 1273 3181 ut
1299 3118 1410 3190 dieas,
1431 3113 1521 3176 alium

420 3218 517 3282 inisse
536 3234 666 3280 sonsum
687 3216 788 3293 iliius,
810 3221 867 3298 qul
887 3221 1038 3300 loquitur
1059 3219 1192 3290 ibidem,
1215 3219 1255 3279 ab
1277 3218 1349 3293 illo,
1364 3217 1427 3298 qni
1445 3229 1521 3278 eom·

418 3318 632 3400 prehenditur
652 3319 684 3378 in
706 3319 768 3383 boc
789 3321 892 3385 libro:
916 3332 947 3385 et
963 3323 1035 3385 bine
1056 3322 1209 3396 deducas,
1227 3321 1329 3383 alium
1352 3313 1519 3393 tuisseqoi

418 3421 546 3500 scripsit
567 3421 599 3494 iu
620 3417 758 3500 Dialogo
779 3441 854 3485 cum
877 3423 1032 3500 Candido,
1059 3431 1090 3486 et
1111 3425 1265 3498 alterum,
1288 3423 1344 3502 qui
1374 3418 1476 3482 docuit
1492 3415 1520 3474 in

424 3519 627 3585 Periorcdoo.
659 3519 732 3586 Non
754 3525 838 3586 enim
868 3521 1023 3604 Origenes
1046 3524 1239 3604 repugnavit
1264 3517 1439 3602 prolationi
1464 3517 1521 3580 sive

421 3619 583 3683 cmioitoti
605 3620 678 3685 Filii
700 3639 717 3683 a
743 3620 850 3699 Patre,
866 3643 964 3704 quem
987 3633 1144 3704 perpetuo
1168 3626 1269 3688 tenuit
1290 3621 1463 3686 secundom
1478 3615 1521 3678 ii·

422 3724 472 3785 dei
488 3723 639 3786 nicaenae
653 3723 857 3807 Symbolum5
872 3725 927 3787 sed
949 3724 1106 3787 absurdas
1120 3741 1236 3787 eorum
1252 3722 1380 3786 lebuine
1394 3720 1518 3784 dammis

422 3827 479 3905 qui
502 3825 699 3905 prolationes
719 3825 876 3905 quasdam
896 3826 1046 3905 sibiipsis
1067 3826 1254 3907 depingunt,
1272 3833 1309 3888 ut
1327 3823 1461 3884 divinam
1475 3831 1519 3877 ot·

424 3936 532 3989 turam
559 3927 591 3985 in
613 3933 721 4005 partes
752 3937 863 3990 vocent
877 3947 888 4006 ;
911 3938 942 3990 et
964 3924 1067 3989 lieum
1096 3926 1238 4000 Patrem,
1262 3935 1418 4006 quantum
1446 3923 1471 3980 io
1490 3933 1519 3978 se

421 4035 482 4105 eat,
501 4027 656 4089 dividant.
674 4025 768 4102 Quae
782 4029 911 4104 divisio,
929 4029 1050 4105 subdit,
1065 4030 1095 4090 in
1110 4038 1226 4092 natura
1243 4031 1430 4107 incorporea
1446 4037 1520 4083 suu·

422 4147 509 4192 maru
531 4128 651 4189 indicet
682 4129 879 4204 impietatem
901 4131 994 4193 sicuti
1024 4139 1057 4192 et
1078 4129 1301 4210 insipientiam.
1332 4127 1463 4204 ldeoquc
1489 4123 1519 4179 ni

422 4230 610 4308 antilogiam
632 4231 663 4290 io
684 4230 823 4309 Origene
845 4231 992 4311 effugies,
1013 4232 1068 4295 tibi
1090 4231 1270 4294 necessario
1286 4233 1318 4293 in
1335 4226 1461 4304 Oialogo
1474 4215 1519 4280 od·

426 4331 578 4394 mittenda
600 4336 649 4394 est
670 4332 799 4412 genuini
819 4349 930 4396 sensus
953 4332 1091 4397 falsatio.
