3375 5567
475 644 514 717 ii

474 764 571 827 citata
586 761 718 827 luisses
733 782 758 827 s.
777 762 925 850 Martyre
946 772 984 831 ut
998 771 1124 833 rectum
1135 763 1284 848 Oripeuis
1299 784 1426 833 seusam
1438 766 1564 833 abstrue-

478 873 527 929 ret
547 865 587 928 tle
618 865 858 931 resurreetione
878 874 990 932 eontra
1021 884 1100 931 auus
1119 867 1334 933 airemarios.
1360 866 1503 934 Ceterum
1521 888 1565 933 ue·

476 966 593 1029 minem
614 966 707 1045 latet,
728 976 763 1031 et
775 978 981 1033 monumenta
1005 976 1164 1037 testantur
1177 968 1255 1033 iles.
1272 968 1452 1050 Pamphilo,
1466 971 1565 1050 pietate

477 1067 665 1149 conspicuo,
686 1070 719 1131 iu
739 1071 841 1135 saoria
853 1069 1107 1134 institutionibus
1127 1068 1261 1148 eximio,
1280 1079 1313 1135 et
1333 1088 1394 1151 pru
1414 1072 1564 1136 ebristiaoa

473 1178 507 1234 et
528 1170 686 1234 eatbolioa
708 1170 771 1234 iiie
792 1188 898 1252 usque
924 1171 963 1235 orl
986 1177 1123 1235 mortem
1144 1170 1393 1247 stationemi,
1414 1172 1505 1253 quale
1522 1172 1567 1233 iu·

472 1269 621 1351 penderit
639 1271 783 1335 studium
805 1273 838 1335 iu
859 1272 986 1354 seriptis
1006 1270 1154 1353 Orisseuis
1173 1272 1363 1337 evolvendis
1383 1290 1421 1337 ae
1434 1272 1567 1337 meiitau·

471 1371 534 1448 dis,
556 1379 590 1436 et
608 1390 649 1437 eo
669 1374 810 1438 maxime
831 1373 981 1448 intuitus,
995 1381 1033 1437 ui
1047 1373 1138 1437 istius
1159 1374 1268 1437 hostes
1284 1372 1461 1437 refelleret
1480 1370 1518 1437 Et
1534 1370 1567 1436 ob

474 1472 538 1538 boe
557 1472 590 1536 iu
612 1474 675 1538 bue
695 1474 810 1555 eapitis
830 1472 885 1537 vl.
909 1474 1112 1557 Apolopotioi
1133 1474 1263 1556 aiebats
1281 1472 1512 1555 «Consequens
1529 1481 1567 1537 est

474 1576 574 1639 etiam
597 1574 659 1654 (ob
674 1576 757 1640 bauo
768 1576 1045 1656 criminationem)
1060 1594 1118 1641 uos
1131 1576 1237 1642 verbis
1252 1576 1468 1663 calumniosos
1479 1584 1567 1639 ostsu-

472 1674 565 1751 dere,
585 1682 620 1739 et
640 1677 809 1741 mendaces
828 1676 997 1741 evidenter
1016 1693 1157 1759 arguere
1177 1696 1247 1755 eos,
1269 1678 1325 1758 qui
1348 1678 1445 1743 etiam
1464 1676 1565 1755 scripta

470 1777 512 1842 de
531 1777 596 1842 boe
615 1779 713 1842 eriere
732 1778 890 1843 adversus
911 1798 986 1843 eum
1008 1797 1072 1844 uuu
1094 1789 1321 1862 pepercerunt.
1351 1777 1431 1843 Tam
1450 1798 1489 1845 ex
1506 1778 1566 1858 ipsis

468 1878 570 1960 igitur
588 1879 703 1957 libris,
723 1898 808 1961 quoa
828 1881 866 1944 ria
887 1877 1127 1944 Resurrectiooa
1147 1880 1296 1962 scripsit,
1317 1898 1419 1961 quom
1438 1900 1478 1944 ex
1496 1886 1565 1943 eete-

470 1980 516 2043 ris
528 1978 601 2061 ejus
614 1980 751 2048 dirersis
764 1981 997 2061 voluminibus,
1018 1980 1270 2063 approbabimua
1280 1980 1379 2047 etium
1393 1982 1426 2044 in
1439 1982 1495 2044 baa
1507 1996 1564 2060 par·

470 2088 516 2157 te,
530 2098 630 2160 quam
651 2082 812 2146 oatboiioe
826 2082 972 2147 senserit.
994 2100 1011 2141 s
1033 2080 1094 2147 Sed
1110 2100 1149 2145 eo
1163 2080 1305 2162 amplius
1325 2099 1387 2145 uos
1400 2078 1564 2145 admiratio·

469 2198 511 2245 ne
531 2180 628 2246 alboit
649 2183 760 2262 quod,
782 2192 914 2266 praeter
933 2203 960 2248 a.
983 2182 1213 2264 Pamphilum,
1234 2202 1260 2247 a.
1282 2181 1431 2247 Hilarius
1451 2196 1563 2263 quoque

467 2284 569 2365 ipsius
590 2283 709 2349 Psalmi
736 2284 1013 2351 Commentarium
1033 2286 1075 2349 ab
1094 2285 1237 2367 Origene
1266 2286 1471 2350 eleboratum
1489 2298 1562 2345 aeae

469 2384 566 2464 perit,
588 2384 887 2467 commendaritque
914 2387 946 2450 iu
966 2384 1131 2466 eeclesiia3
1164 2386 1290 2449 etiarnsi
1311 2384 1505 2467 Epiphanius
1523 2398 1562 2445 re

467 2485 680 2565 prehensiouo
700 2486 834 2569 (liguum
855 2488 1035 2569 reputarits
1063 2487 1147 2551 uude
1165 2486 1242 2568 iure
1263 2487 1494 2569 oeujieieuium
1512 2488 1560 2555 esi·

470 2585 603 2653 falsatos
616 2588 744 2653 codices
756 2590 960 2653 cousuluisse
975 2586 1074 2673 Cypri
1096 2586 1292 2670 Episcopum
1305 2596 1340 2653 et
1352 2607 1428 2654 oum
1448 2606 1484 2651 eo
1502 2580 1561 2648 llie

458 2701 657 2773 rouyurum.
679 2686 742 2753 Sed
765 2688 827 2753 boe
848 2688 1000 2767 ulterius,
1022 2706 1098 2753 eum
1119 2689 1159 2755 de
1173 2690 1291 2757 ueteris
1304 2684 1559 2757 criminationibus

468 2786 644 2855 habebitur
663 2808 786 2870 sermo,
807 2792 909 2874 magia
931 2790 1071 2873 patelini.
