<?xml version="1.0" encoding="UTF-8"?>
<!DOCTYPE html PUBLIC "-//W3C//DTD XHTML 1.0 Transitional//EN"
    "http://www.w3.org/TR/xhtml1/DTD/xhtml1-transitional.dtd">
<html xmlns="http://www.w3.org/1999/xhtml" xml:lang="en" lang="en">
 <head>
  <title>
</title>
<meta http-equiv="Content-Type" content="text/html;charset=utf-8" />
  <meta name='ocr-system' content='tesseract 3.04.00' />
  <meta name='ocr-capabilities' content='ocr_page ocr_carea ocr_par ocr_line ocrx_word'/>
</head>
<body>
  <div class='ocr_page' id='page_1' title='image "./insgregoriinyss02vincgoog/insgregoriinyss02vincgoog_0097.png"; bbox 0 0 3375 5567; ppageno 0'>
   <div class='ocr_carea' id='block_1_1' title="bbox 1187 685 1230 755">
    <p class='ocr_par' dir='ltr' id='par_1_1' title="bbox 1187 685 1230 755">
     <span class='ocr_line' id='line_1_1' title="bbox 1187 685 1230 755; baseline 0 0"><span class='ocrx_word' id='word_1_1' title='bbox 1187 685 1230 755; x_wconf 77' lang='lat' dir='ltr'>Ti</span> 
     </span>
    </p>
   </div>
   <div class='ocr_carea' id='block_1_2' title="bbox 142 786 1282 2687">
    <p class='ocr_par' dir='ltr' id='par_1_2' title="bbox 142 786 1282 2687">
     <span class='ocr_line' id='line_1_2' title="bbox 208 786 1282 873; baseline -0.003 -17"><span class='ocrx_word' id='word_1_2' title='bbox 208 786 305 856; x_wconf 71' lang='lat' dir='ltr'>beate</span> <span class='ocrx_word' id='word_1_3' title='bbox 316 792 441 853; x_wconf 85' lang='lat' dir='ltr'>censitis</span> <span class='ocrx_word' id='word_1_4' title='bbox 455 807 542 870; x_wconf 85' lang='lat' dir='ltr'>quae</span> <span class='ocrx_word' id='word_1_5' title='bbox 557 790 741 870; x_wconf 81' lang='lat' dir='ltr'>perspicue,</span> <span class='ocrx_word' id='word_1_6' title='bbox 756 807 909 871; x_wconf 84' lang='lat' dir='ltr'>quaeque</span> <span class='ocrx_word' id='word_1_7' title='bbox 924 790 1124 857; x_wconf 73' lang='lat' dir='ltr'>obscuritate</span> <span class='ocrx_word' id='word_1_8' title='bbox 1139 810 1225 873; x_wconf 88' lang='lat' dir='ltr'>qna·</span> <span class='ocrx_word' id='word_1_9' title='bbox 1270 790 1282 813; x_wconf 86' lang='lat'>&#39;</span> 
     </span>
     <span class='ocr_line' id='line_1_3' title="bbox 154 890 1225 972; baseline 0.004 -21"><span class='ocrx_word' id='word_1_10' title='bbox 154 890 202 951; x_wconf 80' lang='lat' dir='ltr'>ian</span> <span class='ocrx_word' id='word_1_11' title='bbox 217 892 351 953; x_wconf 78' lang='lat' dir='ltr'>obvoluta</span> <span class='ocrx_word' id='word_1_12' title='bbox 374 892 494 954; x_wconf 84' lang='lat' dir='ltr'>tradita</span> <span class='ocrx_word' id='word_1_13' title='bbox 514 900 607 966; x_wconf 85' lang='lat' dir='ltr'>suut,</span> <span class='ocrx_word' id='word_1_14' title='bbox 624 892 664 952; x_wconf 84' lang='lat' dir='ltr'>ati</span> <span class='ocrx_word' id='word_1_15' title='bbox 680 894 803 971; x_wconf 83' lang='lat' dir='ltr'>species</span> <span class='ocrx_word' id='word_1_16' title='bbox 818 908 934 953; x_wconf 86' lang='lat' dir='ltr'>eorum</span> <span class='ocrx_word' id='word_1_17' title='bbox 952 892 1076 966; x_wconf 84' lang='lat' dir='ltr'>transit,</span> <span class='ocrx_word' id='word_1_18' title='bbox 1093 894 1141 956; x_wconf 89' lang='lat' dir='ltr'>uti</span> <span class='ocrx_word' id='word_1_19' title='bbox 1157 894 1225 972; x_wconf 87' lang='lat' dir='ltr'>ipsc</span> 
     </span>
     <span class='ocr_line' id='line_1_4' title="bbox 152 987 1225 1072; baseline 0.005 -22"><span class='ocrx_word' id='word_1_20' title='bbox 152 990 213 1065; x_wconf 80' lang='lat' dir='ltr'>licit,</span> <span class='ocrx_word' id='word_1_21' title='bbox 229 1010 298 1071; x_wconf 80' lang='lat' dir='ltr'>quac</span> <span class='ocrx_word' id='word_1_22' title='bbox 310 1008 365 1070; x_wconf 86' lang='lat' dir='ltr'>per</span> <span class='ocrx_word' id='word_1_23' title='bbox 381 989 652 1071; x_wconf 72' lang='lat' dir='ltr'>praedicationem</span> <span class='ocrx_word' id='word_1_24' title='bbox 671 988 879 1071; x_wconf 83' lang='lat' dir='ltr'>apostolicum</span> <span class='ocrx_word' id='word_1_25' title='bbox 905 987 1070 1072; x_wconf 63' lang='lat' dir='ltr'>manifeste</span> <span class='ocrx_word' id='word_1_26' title='bbox 1089 994 1225 1055; x_wconf 76' lang='lat' dir='ltr'>trudun-</span> 
     </span>
     <span class='ocr_line' id='line_1_5' title="bbox 151 1090 1225 1173; baseline 0.004 -20"><span class='ocrx_word' id='word_1_27' title='bbox 151 1102 200 1164; x_wconf 82' lang='lat' dir='ltr'>tsr,·</span> <span class='ocrx_word' id='word_1_28' title='bbox 215 1111 338 1173; x_wconf 82' lang='lat' dir='ltr'>quorum</span> <span class='ocrx_word' id='word_1_29' title='bbox 352 1094 481 1156; x_wconf 88' lang='lat' dir='ltr'>initium</span> <span class='ocrx_word' id='word_1_30' title='bbox 503 1093 546 1156; x_wconf 87' lang='lat' dir='ltr'>ita</span> <span class='ocrx_word' id='word_1_31' title='bbox 557 1112 593 1156; x_wconf 89' lang='lat' dir='ltr'>se</span> <span class='ocrx_word' id='word_1_32' title='bbox 614 1093 734 1155; x_wconf 85' lang='lat' dir='ltr'>babet:</span> <span class='ocrx_word' id='word_1_33' title='bbox 758 1113 776 1152; x_wconf 81' lang='lat' dir='ltr'>s</span> <span class='ocrx_word' id='word_1_34' title='bbox 800 1090 910 1153; x_wconf 81' lang='lat' dir='ltr'>Primo</span> <span class='ocrx_word' id='word_1_35' title='bbox 925 1092 1012 1170; x_wconf 81' lang='lat' dir='ltr'>quod</span> <span class='ocrx_word' id='word_1_36' title='bbox 1036 1110 1121 1156; x_wconf 88' lang='lat' dir='ltr'>uuus</span> <span class='ocrx_word' id='word_1_37' title='bbox 1135 1091 1225 1157; x_wconf 81' lang='lat' dir='ltr'>Deus</span> 
     </span>
     <span class='ocr_line' id='line_1_6' title="bbox 152 1192 1226 1275; baseline 0.001 -21"><span class='ocrx_word' id='word_1_38' title='bbox 152 1193 348 1273; x_wconf 72' lang='lat' dir='ltr'>utquiomnia</span> <span class='ocrx_word' id='word_1_39' title='bbox 372 1194 498 1258; x_wconf 85' lang='lat' dir='ltr'>crearit</span> <span class='ocrx_word' id='word_1_40' title='bbox 518 1204 618 1275; x_wconf 76' lang='lat' dir='ltr'>etune</span> <span class='ocrx_word' id='word_1_41' title='bbox 632 1192 816 1275; x_wconf 75' lang='lat' dir='ltr'>composuit</span> <span class='ocrx_word' id='word_1_42' title='bbox 836 1202 899 1255; x_wconf 87' lang='lat' dir='ltr'>etc.</span> <span class='ocrx_word' id='word_1_43' title='bbox 923 1196 971 1255; x_wconf 78' lang='lat' dir='ltr'>bc</span> <span class='ocrx_word' id='word_1_44' title='bbox 994 1194 1157 1257; x_wconf 77' lang='lat' dir='ltr'>nonnullis</span> <span class='ocrx_word' id='word_1_45' title='bbox 1177 1194 1226 1256; x_wconf 75' lang='lat' dir='ltr'>iu-</span> 
     </span>
     <span class='ocr_line' id='line_1_7' title="bbox 150 1292 1223 1376; baseline 0.002 -20"><span class='ocrx_word' id='word_1_46' title='bbox 150 1294 252 1374; x_wconf 78' lang='lat' dir='ltr'>terjectis</span> <span class='ocrx_word' id='word_1_47' title='bbox 268 1295 416 1374; x_wconf 87' lang='lat' dir='ltr'>sequitur</span> <span class='ocrx_word' id='word_1_48' title='bbox 437 1312 468 1356; x_wconf 92' lang='lat' dir='ltr'>n.</span> <span class='ocrx_word' id='word_1_49' title='bbox 490 1292 520 1359; x_wconf 83' lang='lat'>5.</span> <span class='ocrx_word' id='word_1_50' title='bbox 543 1315 561 1354; x_wconf 80' lang='lat' dir='ltr'>s</span> <span class='ocrx_word' id='word_1_51' title='bbox 584 1294 659 1357; x_wconf 77' lang='lat' dir='ltr'>l’ost</span> <span class='ocrx_word' id='word_1_52' title='bbox 680 1296 761 1358; x_wconf 87' lang='lat' dir='ltr'>baec</span> <span class='ocrx_word' id='word_1_53' title='bbox 778 1294 847 1376; x_wconf 79' lang='lat' dir='ltr'>jam</span> <span class='ocrx_word' id='word_1_54' title='bbox 878 1296 936 1373; x_wconf 75' lang='lat' dir='ltr'>lin</span> <span class='ocrx_word' id='word_1_55' title='bbox 957 1295 1099 1358; x_wconf 88' lang='lat' dir='ltr'>ecclesiis</span> <span class='ocrx_word' id='word_1_56' title='bbox 1122 1299 1223 1359; x_wconf 84' lang='lat' dir='ltr'>mani·</span> 
     </span>
     <span class='ocr_line' id='line_1_8' title="bbox 150 1394 1227 1485; baseline 0.003 -28"><span class='ocrx_word' id='word_1_57' title='bbox 150 1394 273 1458; x_wconf 79' lang='lat' dir='ltr'>latissime</span> <span class='ocrx_word' id='word_1_58' title='bbox 285 1396 511 1475; x_wconf 77' lang='lat' dir='ltr'>praedicatur)</span> <span class='ocrx_word' id='word_1_59' title='bbox 526 1396 613 1476; x_wconf 82' lang='lat' dir='ltr'>quoti</span> <span class='ocrx_word' id='word_1_60' title='bbox 628 1397 733 1459; x_wconf 84' lang='lat' dir='ltr'>anima</span> <span class='ocrx_word' id='word_1_61' title='bbox 754 1396 968 1459; x_wconf 73' lang='lat' dir='ltr'>substanttam</span> <span class='ocrx_word' id='word_1_62' title='bbox 983 1398 1147 1478; x_wconf 83' lang='lat' dir='ltr'>vitamque</span> <span class='ocrx_word' id='word_1_63' title='bbox 1168 1398 1227 1485; x_wconf 75' lang='lat' dir='ltr'>bu-</span> 
     </span>
     <span class='ocr_line' id='line_1_9' title="bbox 149 1495 1225 1578; baseline 0.004 -20"><span class='ocrx_word' id='word_1_64' title='bbox 149 1495 372 1576; x_wconf 69' lang='lat' dir='ltr'>impropriam,</span> <span class='ocrx_word' id='word_1_65' title='bbox 393 1516 470 1561; x_wconf 90' lang='lat' dir='ltr'>cum</span> <span class='ocrx_word' id='word_1_66' title='bbox 492 1516 533 1560; x_wconf 86' lang='lat' dir='ltr'>ex</span> <span class='ocrx_word' id='word_1_67' title='bbox 551 1498 615 1561; x_wconf 83' lang='lat' dir='ltr'>boc</span> <span class='ocrx_word' id='word_1_68' title='bbox 636 1499 762 1561; x_wconf 84' lang='lat' dir='ltr'>mundo</span> <span class='ocrx_word' id='word_1_69' title='bbox 773 1497 967 1573; x_wconf 78' lang='lat' dir='ltr'>discesserit,</span> <span class='ocrx_word' id='word_1_70' title='bbox 991 1501 1137 1578; x_wconf 87' lang='lat' dir='ltr'>proauis</span> <span class='ocrx_word' id='word_1_71' title='bbox 1159 1516 1225 1562; x_wconf 88' lang='lat' dir='ltr'>me·</span> 
     </span>
     <span class='ocr_line' id='line_1_10' title="bbox 150 1596 1226 1677; baseline 0.007 -21"><span class='ocrx_word' id='word_1_72' title='bbox 150 1596 196 1657; x_wconf 83' lang='lat' dir='ltr'>n&#39;tis</span> <span class='ocrx_word' id='word_1_73' title='bbox 210 1597 443 1677; x_wconf 74' lang='lat' dir='ltr'>dispensabitur,</span> <span class='ocrx_word' id='word_1_74' title='bbox 464 1599 535 1661; x_wconf 85' lang='lat' dir='ltr'>sire</span> <span class='ocrx_word' id='word_1_75' title='bbox 556 1600 641 1661; x_wconf 84' lang='lat' dir='ltr'>ritae</span> <span class='ocrx_word' id='word_1_76' title='bbox 661 1608 814 1661; x_wconf 83' lang='lat' dir='ltr'>cateruae</span> <span class='ocrx_word' id='word_1_77' title='bbox 828 1617 867 1662; x_wconf 89' lang='lat' dir='ltr'>ac</span> <span class='ocrx_word' id='word_1_78' title='bbox 884 1600 1091 1663; x_wconf 82' lang='lat' dir='ltr'>beatitudiuis</span> <span class='ocrx_word' id='word_1_79' title='bbox 1105 1600 1226 1663; x_wconf 85' lang='lat' dir='ltr'>baere-</span> 
     </span>
     <span class='ocr_line' id='line_1_11' title="bbox 147 1695 1222 1781; baseline 0.007 -27"><span class='ocrx_word' id='word_1_80' title='bbox 147 1695 215 1758; x_wconf 81' lang='lat' dir='ltr'>litate</span> <span class='ocrx_word' id='word_1_81' title='bbox 232 1700 390 1777; x_wconf 85' lang='lat' dir='ltr'>potitura,</span> <span class='ocrx_word' id='word_1_82' title='bbox 420 1699 447 1761; x_wconf 89' lang='lat' dir='ltr'>si</span> <span class='ocrx_word' id='word_1_83' title='bbox 470 1700 533 1761; x_wconf 91' lang='lat' dir='ltr'>boc</span> <span class='ocrx_word' id='word_1_84' title='bbox 552 1701 583 1762; x_wconf 88' lang='lat' dir='ltr'>ei</span> <span class='ocrx_word' id='word_1_85' title='bbox 606 1717 666 1762; x_wconf 92' lang='lat' dir='ltr'>sua</span> <span class='ocrx_word' id='word_1_86' title='bbox 688 1709 775 1779; x_wconf 68' lang='lat' dir='ltr'>gesta</span> <span class='ocrx_word' id='word_1_87' title='bbox 797 1701 1035 1781; x_wconf 79' lang='lat' dir='ltr'>praestiterint:</span> <span class='ocrx_word' id='word_1_88' title='bbox 1067 1701 1135 1764; x_wconf 81' lang='lat' dir='ltr'>sire</span> <span class='ocrx_word' id='word_1_89' title='bbox 1155 1701 1222 1781; x_wconf 72' lang='lat' dir='ltr'>igni</span> 
     </span>
     <span class='ocr_line' id='line_1_12' title="bbox 148 1800 1222 1881; baseline 0.006 -24"><span class='ocrx_word' id='word_1_90' title='bbox 148 1806 243 1860; x_wconf 82' lang='lat' dir='ltr'>ateroo</span> <span class='ocrx_word' id='word_1_91' title='bbox 254 1818 289 1861; x_wconf 84' lang='lat' dir='ltr'>ac</span> <span class='ocrx_word' id='word_1_92' title='bbox 300 1800 469 1880; x_wconf 79' lang='lat' dir='ltr'>suppliciis</span> <span class='ocrx_word' id='word_1_93' title='bbox 484 1802 705 1881; x_wconf 85' lang='lat' dir='ltr'>mancipanda,</span> <span class='ocrx_word' id='word_1_94' title='bbox 720 1804 747 1863; x_wconf 89' lang='lat' dir='ltr'>si</span> <span class='ocrx_word' id='word_1_95' title='bbox 761 1801 793 1863; x_wconf 93' lang='lat' dir='ltr'>in</span> <span class='ocrx_word' id='word_1_96' title='bbox 809 1802 871 1864; x_wconf 90' lang='lat' dir='ltr'>boc</span> <span class='ocrx_word' id='word_1_97' title='bbox 889 1820 961 1863; x_wconf 87' lang='lat' dir='ltr'>earu</span> <span class='ocrx_word' id='word_1_98' title='bbox 972 1801 1133 1865; x_wconf 87' lang='lat' dir='ltr'>scelerum</span> <span class='ocrx_word' id='word_1_99' title='bbox 1151 1803 1222 1865; x_wconf 92' lang='lat' dir='ltr'>cul·</span> 
     </span>
     <span class='ocr_line' id='line_1_13' title="bbox 148 1898 1221 1981; baseline 0.005 -23"><span class='ocrx_word' id='word_1_100' title='bbox 148 1898 361 1977; x_wconf 74' lang='lat' dir='ltr'>pletorseri13</span> <span class='ocrx_word' id='word_1_101' title='bbox 390 1901 446 1963; x_wconf 86' lang='lat' dir='ltr'>setl</span> <span class='ocrx_word' id='word_1_102' title='bbox 468 1909 501 1964; x_wconf 88' lang='lat' dir='ltr'>et</span> <span class='ocrx_word' id='word_1_103' title='bbox 521 1903 598 1981; x_wconf 85' lang='lat' dir='ltr'>quin</span> <span class='ocrx_word' id='word_1_104' title='bbox 619 1901 683 1963; x_wconf 83' lang='lat' dir='ltr'>erit</span> <span class='ocrx_word' id='word_1_105' title='bbox 713 1908 839 1980; x_wconf 87' lang='lat' dir='ltr'>tempus</span> <span class='ocrx_word' id='word_1_106' title='bbox 861 1902 1108 1965; x_wconf 87' lang='lat' dir='ltr'>resurrectionis</span> <span class='ocrx_word' id='word_1_107' title='bbox 1135 1920 1221 1964; x_wconf 86' lang='lat' dir='ltr'>mor-</span> 
     </span>
     <span class='ocr_line' id='line_1_14' title="bbox 148 2002 1222 2083; baseline 0.007 -25"><span class='ocrx_word' id='word_1_108' title='bbox 148 2008 254 2077; x_wconf 83' lang='lat' dir='ltr'>trorum,</span> <span class='ocrx_word' id='word_1_109' title='bbox 268 2020 339 2065; x_wconf 87' lang='lat' dir='ltr'>curu</span> <span class='ocrx_word' id='word_1_110' title='bbox 362 2020 485 2083; x_wconf 86' lang='lat' dir='ltr'>corpus</span> <span class='ocrx_word' id='word_1_111' title='bbox 506 2003 579 2079; x_wconf 89' lang='lat' dir='ltr'>boc,</span> <span class='ocrx_word' id='word_1_112' title='bbox 595 2002 682 2082; x_wconf 81' lang='lat' dir='ltr'>quod</span> <span class='ocrx_word' id='word_1_113' title='bbox 705 2004 834 2065; x_wconf 88' lang='lat' dir='ltr'>nuncin</span> <span class='ocrx_word' id='word_1_114' title='bbox 854 2005 1065 2082; x_wconf 87' lang='lat' dir='ltr'>corruptione</span> <span class='ocrx_word' id='word_1_115' title='bbox 1085 2006 1222 2067; x_wconf 87' lang='lat' dir='ltr'>semina·</span> 
     </span>
     <span class='ocr_line' id='line_1_15' title="bbox 148 2103 1277 2193; baseline 0.006 -35"><span class='ocrx_word' id='word_1_116' title='bbox 148 2108 190 2173; x_wconf 86' lang='lat' dir='ltr'>tur,</span> <span class='ocrx_word' id='word_1_117' title='bbox 200 2114 297 2181; x_wconf 73' lang='lat' dir='ltr'>surget</span> <span class='ocrx_word' id='word_1_118' title='bbox 309 2104 342 2164; x_wconf 91' lang='lat' dir='ltr'>in</span> <span class='ocrx_word' id='word_1_119' title='bbox 356 2103 624 2185; x_wconf 85' lang='lat' dir='ltr'>incorruptioue;</span> <span class='ocrx_word' id='word_1_120' title='bbox 638 2111 671 2167; x_wconf 87' lang='lat' dir='ltr'>et</span> <span class='ocrx_word' id='word_1_121' title='bbox 690 2103 778 2182; x_wconf 85' lang='lat' dir='ltr'>quod</span> <span class='ocrx_word' id='word_1_122' title='bbox 793 2104 974 2166; x_wconf 86' lang='lat' dir='ltr'>seminatur</span> <span class='ocrx_word' id='word_1_123' title='bbox 988 2105 1020 2165; x_wconf 89' lang='lat' dir='ltr'>in</span> <span class='ocrx_word' id='word_1_124' title='bbox 1034 2104 1221 2185; x_wconf 75' lang='lat' dir='ltr'>ignominia,</span> <span class='ocrx_word' id='word_1_125' title='bbox 1269 2181 1277 2193; x_wconf 34' lang='lat'><strong><em>¹</em></strong></span> 
     </span>
     <span class='ocr_line' id='line_1_16' title="bbox 143 2201 1222 2284; baseline 0.006 -24"><span class='ocrx_word' id='word_1_126' title='bbox 143 2210 222 2280; x_wconf 72' lang='lat' dir='ltr'>surget</span> <span class='ocrx_word' id='word_1_127' title='bbox 238 2204 391 2284; x_wconf 73' lang='lat' dir='ltr'>ingloria.</span> <span class='ocrx_word' id='word_1_128' title='bbox 410 2202 469 2266; x_wconf 73' lang='lat' dir='ltr'>list</span> <span class='ocrx_word' id='word_1_129' title='bbox 487 2213 520 2266; x_wconf 87' lang='lat' dir='ltr'>et</span> <span class='ocrx_word' id='word_1_130' title='bbox 533 2203 615 2267; x_wconf 86' lang='lat' dir='ltr'>illoti</span> <span class='ocrx_word' id='word_1_131' title='bbox 631 2203 799 2266; x_wconf 84' lang='lat' dir='ltr'>delinitum</span> <span class='ocrx_word' id='word_1_132' title='bbox 812 2201 1056 2267; x_wconf 62' lang='lat' dir='ltr'>scanienses</span> <span class='ocrx_word' id='word_1_133' title='bbox 1071 2204 1222 2284; x_wconf 76' lang='lat' dir='ltr'>origenis</span> 
     </span>
     <span class='ocr_line' id='line_1_17' title="bbox 144 2304 1222 2386; baseline 0.006 -24"><span class='ocrx_word' id='word_1_134' title='bbox 144 2304 271 2378; x_wconf 75' lang='lat' dir='ltr'>prolusio,</span> <span class='ocrx_word' id='word_1_135' title='bbox 292 2315 393 2386; x_wconf 85' lang='lat' dir='ltr'>atquc</span> <span class='ocrx_word' id='word_1_136' title='bbox 415 2305 602 2386; x_wconf 79' lang='lat' dir='ltr'>hujusmodi</span> <span class='ocrx_word' id='word_1_137' title='bbox 617 2304 720 2379; x_wconf 67' lang='lat' dir='ltr'>tiles,</span> <span class='ocrx_word' id='word_1_138' title='bbox 743 2314 780 2367; x_wconf 90' lang='lat' dir='ltr'>ot</span> <span class='ocrx_word' id='word_1_139' title='bbox 799 2304 919 2380; x_wconf 89' lang='lat' dir='ltr'>omnia,</span> <span class='ocrx_word' id='word_1_140' title='bbox 943 2323 1028 2386; x_wconf 90' lang='lat' dir='ltr'>quae</span> <span class='ocrx_word' id='word_1_141' title='bbox 1045 2314 1222 2385; x_wconf 79' lang='lat' dir='ltr'>supersunt</span> 
     </span>
     <span class='ocr_line' id='line_1_18' title="bbox 144 2402 1223 2487; baseline 0.006 -26"><span class='ocrx_word' id='word_1_142' title='bbox 144 2402 204 2465; x_wconf 89' lang='lat' dir='ltr'>llius</span> <span class='ocrx_word' id='word_1_143' title='bbox 222 2406 347 2486; x_wconf 82' lang='lat' dir='ltr'>scripta,</span> <span class='ocrx_word' id='word_1_144' title='bbox 364 2408 482 2487; x_wconf 83' lang='lat' dir='ltr'>quasis</span> <span class='ocrx_word' id='word_1_145' title='bbox 509 2407 593 2469; x_wconf 87' lang='lat' dir='ltr'>sitae</span> <span class='ocrx_word' id='word_1_146' title='bbox 615 2424 695 2469; x_wconf 86' lang='lat' dir='ltr'>suae</span> <span class='ocrx_word' id='word_1_147' title='bbox 717 2413 825 2469; x_wconf 84' lang='lat' dir='ltr'>aetate</span> <span class='ocrx_word' id='word_1_148' title='bbox 841 2406 941 2480; x_wconf 86' lang='lat' dir='ltr'>edita,</span> <span class='ocrx_word' id='word_1_149' title='bbox 967 2414 999 2468; x_wconf 86' lang='lat' dir='ltr'>et</span> <span class='ocrx_word' id='word_1_150' title='bbox 1018 2408 1223 2485; x_wconf 85' lang='lat' dir='ltr'>potissimum</span> 
     </span>
     <span class='ocr_line' id='line_1_19' title="bbox 143 2506 1224 2588; baseline 0.006 -25"><span class='ocrx_word' id='word_1_151' title='bbox 143 2508 442 2583; x_wconf 65' lang='lat' dir='ltr'>comsummatus,</span> <span class='ocrx_word' id='word_1_152' title='bbox 463 2508 584 2587; x_wconf 89' lang='lat' dir='ltr'>ubique</span> <span class='ocrx_word' id='word_1_153' title='bbox 605 2508 803 2571; x_wconf 86' lang='lat' dir='ltr'>tutissimum</span> <span class='ocrx_word' id='word_1_154' title='bbox 819 2506 1038 2571; x_wconf 80' lang='lat' dir='ltr'>vadimonium</span> <span class='ocrx_word' id='word_1_155' title='bbox 1058 2516 1224 2588; x_wconf 80' lang='lat' dir='ltr'>praestent</span> 
     </span>
     <span class='ocr_line' id='line_1_20' title="bbox 142 2602 1225 2687; baseline 0.007 -24"><span class='ocrx_word' id='word_1_156' title='bbox 142 2602 168 2665; x_wconf 86' lang='lat' dir='ltr'>le</span> <span class='ocrx_word' id='word_1_157' title='bbox 181 2606 285 2687; x_wconf 69' lang='lat' dir='ltr'>integra</span> <span class='ocrx_word' id='word_1_158' title='bbox 303 2628 366 2673; x_wconf 87' lang='lat' dir='ltr'>sna</span> <span class='ocrx_word' id='word_1_159' title='bbox 389 2628 466 2673; x_wconf 91' lang='lat' dir='ltr'>cum</span> <span class='ocrx_word' id='word_1_160' title='bbox 489 2608 632 2674; x_wconf 81' lang='lat' dir='ltr'>Ecclesia</span> <span class='ocrx_word' id='word_1_161' title='bbox 654 2608 823 2674; x_wconf 75' lang='lat' dir='ltr'>catholica</span> <span class='ocrx_word' id='word_1_162' title='bbox 845 2610 1065 2681; x_wconf 86' lang='lat' dir='ltr'>consensione,</span> <span class='ocrx_word' id='word_1_163' title='bbox 1089 2627 1152 2670; x_wconf 90' lang='lat' dir='ltr'>ooo</span> <span class='ocrx_word' id='word_1_164' title='bbox 1171 2626 1225 2671; x_wconf 83' lang='lat' dir='ltr'>so-</span> 
     </span>
    </p>
   </div>
   <div class='ocr_carea' id='block_1_3' title="bbox 142 2703 1347 2791">
    <p class='ocr_par' dir='ltr' id='par_1_3' title="bbox 142 2703 1347 2791">
     <span class='ocr_line' id='line_1_21' title="bbox 142 2703 1347 2791; baseline 0.009 -26"><span class='ocrx_word' id='word_1_165' title='bbox 142 2703 189 2766; x_wconf 90' lang='lat' dir='ltr'>lrn</span> <span class='ocrx_word' id='word_1_166' title='bbox 203 2710 298 2787; x_wconf 79' lang='lat' dir='ltr'>quoad</span> <span class='ocrx_word' id='word_1_167' title='bbox 319 2720 520 2791; x_wconf 85' lang='lat' dir='ltr'>perpetuum</span> <span class='ocrx_word' id='word_1_168' title='bbox 547 2728 727 2790; x_wconf 82' lang='lat' dir='ltr'>pravorum</span> <span class='ocrx_word' id='word_1_169' title='bbox 748 2710 1101 2789; x_wconf 65' lang='lat' dir='ltr'>suppliciamentum</span> <span class='ocrx_word' id='word_1_170' title='bbox 1124 2712 1222 2775; x_wconf 83' lang='lat' dir='ltr'>etium</span> <span class='ocrx_word' id='word_1_171' title='bbox 1343 2742 1347 2753; x_wconf 89' lang='lat'><strong>·</strong></span> 
     </span>
    </p>
   </div>
   <div class='ocr_carea' id='block_1_4' title="bbox 139 2804 1228 4603">
    <p class='ocr_par' dir='ltr' id='par_1_4' title="bbox 140 2804 1223 3099">
     <span class='ocr_line' id='line_1_22' title="bbox 141 2804 1222 2887; baseline 0.006 -20"><span class='ocrx_word' id='word_1_172' title='bbox 141 2804 238 2883; x_wconf 82' lang='lat' dir='ltr'>alicubi,</span> <span class='ocrx_word' id='word_1_173' title='bbox 252 2830 324 2874; x_wconf 86' lang='lat' dir='ltr'>cum</span> <span class='ocrx_word' id='word_1_174' title='bbox 338 2811 496 2874; x_wconf 88' lang='lat' dir='ltr'>nonnulla</span> <span class='ocrx_word' id='word_1_175' title='bbox 511 2813 541 2874; x_wconf 88' lang='lat' dir='ltr'>ei</span> <span class='ocrx_word' id='word_1_176' title='bbox 555 2812 777 2875; x_wconf 87' lang='lat' dir='ltr'>obiicerentur</span> <span class='ocrx_word' id='word_1_177' title='bbox 787 2812 899 2887; x_wconf 81' lang='lat' dir='ltr'>lubia,</span> <span class='ocrx_word' id='word_1_178' title='bbox 910 2830 970 2874; x_wconf 86' lang='lat' dir='ltr'>suu</span> <span class='ocrx_word' id='word_1_179' title='bbox 986 2810 1138 2885; x_wconf 81' lang='lat' dir='ltr'>obscura,</span> <span class='ocrx_word' id='word_1_180' title='bbox 1156 2828 1222 2873; x_wconf 88' lang='lat' dir='ltr'>am·</span> 
     </span>
     <span class='ocr_line' id='line_1_23' title="bbox 142 2906 1223 2995; baseline 0.006 -27"><span class='ocrx_word' id='word_1_181' title='bbox 142 2906 245 2979; x_wconf 71' lang='lat' dir='ltr'>sibime</span> <span class='ocrx_word' id='word_1_182' title='bbox 265 2913 532 2992; x_wconf 83' lang='lat' dir='ltr'>interpretatione</span> <span class='ocrx_word' id='word_1_183' title='bbox 546 2910 674 2987; x_wconf 69' lang='lat' dir='ltr'>litavit,</span> <span class='ocrx_word' id='word_1_184' title='bbox 691 2913 790 2995; x_wconf 86' lang='lat' dir='ltr'>bujus</span> <span class='ocrx_word' id='word_1_185' title='bbox 805 2913 966 2991; x_wconf 71' lang='lat' dir='ltr'>dogmatis</span> <span class='ocrx_word' id='word_1_186' title='bbox 988 2914 1159 2975; x_wconf 79' lang='lat' dir='ltr'>veritatem</span> <span class='ocrx_word' id='word_1_187' title='bbox 1172 2930 1223 2975; x_wconf 87' lang='lat' dir='ltr'>so·</span> 
     </span>
     <span class='ocr_line' id='line_1_24' title="bbox 140 3004 1066 3099; baseline 0.008 -30"><span class='ocrx_word' id='word_1_188' title='bbox 140 3004 211 3069; x_wconf 76' lang='lat' dir='ltr'>brier</span> <span class='ocrx_word' id='word_1_189' title='bbox 226 3030 261 3074; x_wconf 85' lang='lat' dir='ltr'>ac</span> <span class='ocrx_word' id='word_1_190' title='bbox 278 3013 420 3093; x_wconf 73' lang='lat' dir='ltr'>ingenue</span> <span class='ocrx_word' id='word_1_191' title='bbox 440 3030 659 3093; x_wconf 76' lang='lat' dir='ltr'>propugnans.</span> <span class='ocrx_word' id='word_1_192' title='bbox 1062 3094 1066 3099; x_wconf 27' lang='grc' dir='ltr'>Ι</span> 
     </span>
    </p>

    <p class='ocr_par' dir='ltr' id='par_1_5' title="bbox 139 3108 1228 4603">
     <span class='ocr_line' id='line_1_25' title="bbox 194 3108 1223 3196; baseline 0.004 -25"><span class='ocrx_word' id='word_1_193' title='bbox 194 3108 228 3172; x_wconf 80' lang='lat' dir='ltr'>Et</span> <span class='ocrx_word' id='word_1_194' title='bbox 249 3130 284 3173; x_wconf 84' lang='lat' dir='ltr'>ce</span> <span class='ocrx_word' id='word_1_195' title='bbox 307 3113 445 3193; x_wconf 81' lang='lat' dir='ltr'>quidem</span> <span class='ocrx_word' id='word_1_196' title='bbox 472 3132 570 3187; x_wconf 82' lang='lat' dir='ltr'>seca,</span> <span class='ocrx_word' id='word_1_197' title='bbox 592 3115 700 3195; x_wconf 84' lang='lat' dir='ltr'>quoad</span> <span class='ocrx_word' id='word_1_198' title='bbox 729 3122 873 3176; x_wconf 88' lang='lat' dir='ltr'>satanam</span> <span class='ocrx_word' id='word_1_199' title='bbox 899 3113 1035 3196; x_wconf 81' lang='lat' dir='ltr'>ejusque</span> <span class='ocrx_word' id='word_1_200' title='bbox 1061 3112 1223 3187; x_wconf 86' lang='lat' dir='ltr'>asseclas,</span> 
     </span>
     <span class='ocr_line' id='line_1_26' title="bbox 139 3213 1225 3295; baseline 0.008 -27"><span class='ocrx_word' id='word_1_201' title='bbox 139 3223 194 3282; x_wconf 77' lang='lat' dir='ltr'>quos</span> <span class='ocrx_word' id='word_1_202' title='bbox 213 3214 304 3275; x_wconf 71' lang='lat' dir='ltr'>rdoti</span> <span class='ocrx_word' id='word_1_203' title='bbox 320 3216 545 3292; x_wconf 82' lang='lat' dir='ltr'>resipiscentes</span> <span class='ocrx_word' id='word_1_204' title='bbox 563 3214 756 3293; x_wconf 81' lang='lat' dir='ltr'>aliqnando,</span> <span class='ocrx_word' id='word_1_205' title='bbox 769 3214 968 3295; x_wconf 85' lang='lat' dir='ltr'>coelestique</span> <span class='ocrx_word' id='word_1_206' title='bbox 989 3214 1094 3293; x_wconf 74' lang='lat' dir='ltr'>glorio</span> <span class='ocrx_word' id='word_1_207' title='bbox 1114 3213 1225 3277; x_wconf 85' lang='lat' dir='ltr'>denuo</span> 
     </span>
     <span class='ocr_line' id='line_1_27' title="bbox 141 3313 1223 3396; baseline 0.006 -25"><span class='ocrx_word' id='word_1_208' title='bbox 141 3313 336 3389; x_wconf 75' lang='lat' dir='ltr'>rmutandus,</span> <span class='ocrx_word' id='word_1_209' title='bbox 370 3316 462 3396; x_wconf 82' lang='lat' dir='ltr'>ajunt</span> <span class='ocrx_word' id='word_1_210' title='bbox 486 3315 822 3377; x_wconf 71' lang='lat' dir='ltr'>advemarli&#39;sensisse</span> <span class='ocrx_word' id='word_1_211' title='bbox 842 3313 1033 3395; x_wconf 75' lang='lat' dir='ltr'>origenem,</span> <span class='ocrx_word' id='word_1_212' title='bbox 1055 3314 1117 3390; x_wconf 85' lang='lat' dir='ltr'>(uti</span> <span class='ocrx_word' id='word_1_213' title='bbox 1140 3314 1223 3377; x_wconf 84' lang='lat' dir='ltr'>inira</span> 
     </span>
     <span class='ocr_line' id='line_1_28' title="bbox 139 3408 1224 3497; baseline 0.006 -27"><span class='ocrx_word' id='word_1_214' title='bbox 139 3408 254 3490; x_wconf 70' lang='lat' dir='ltr'>buturi</span> <span class='ocrx_word' id='word_1_215' title='bbox 274 3417 305 3477; x_wconf 87' lang='lat' dir='ltr'>in</span> <span class='ocrx_word' id='word_1_216' title='bbox 328 3414 430 3478; x_wconf 78' lang='lat' dir='ltr'>Libro</span> <span class='ocrx_word' id='word_1_217' title='bbox 450 3413 507 3476; x_wconf 84' lang='lat' dir='ltr'>vt.</span> <span class='ocrx_word' id='word_1_218' title='bbox 530 3428 646 3477; x_wconf 81' lang='lat' dir='ltr'>contro</span> <span class='ocrx_word' id='word_1_219' title='bbox 669 3413 791 3479; x_wconf 68' lang='lat' dir='ltr'>casum</span> <span class='ocrx_word' id='word_1_220' title='bbox 812 3433 843 3477; x_wconf 79' lang='lat' dir='ltr'>n</span> <span class='ocrx_word' id='word_1_221' title='bbox 868 3410 920 3485; x_wconf 80' lang='lat' dir='ltr'>ll.</span> <span class='ocrx_word' id='word_1_222' title='bbox 943 3418 1077 3497; x_wconf 89' lang='lat' dir='ltr'>penitus·</span> <span class='ocrx_word' id='word_1_223' title='bbox 1096 3423 1224 3479; x_wconf 87' lang='lat' dir='ltr'>coutra-</span> 
     </span>
     <span class='ocr_line' id='line_1_29' title="bbox 139 3510 1228 3598; baseline 0.006 -26"><span class='ocrx_word' id='word_1_224' title='bbox 139 3510 284 3595; x_wconf 74' lang='lat' dir='ltr'>iaiooe13</span> <span class='ocrx_word' id='word_1_225' title='bbox 304 3526 408 3597; x_wconf 82' lang='lat' dir='ltr'>atque</span> <span class='ocrx_word' id='word_1_226' title='bbox 420 3516 585 3579; x_wconf 77' lang='lat' dir='ltr'>doemonis</span> <span class='ocrx_word' id='word_1_227' title='bbox 601 3517 743 3580; x_wconf 83' lang='lat' dir='ltr'>malitiae</span> <span class='ocrx_word' id='word_1_228' title='bbox 759 3516 919 3591; x_wconf 81' lang='lat' dir='ltr'>auctoris,</span> <span class='ocrx_word' id='word_1_229' title='bbox 931 3524 1121 3598; x_wconf 85' lang='lat' dir='ltr'>perpetuam</span> <span class='ocrx_word' id='word_1_230' title='bbox 1131 3516 1228 3596; x_wconf 83' lang='lat' dir='ltr'>¹ejus·</span> 
     </span>
     <span class='ocr_line' id='line_1_30' title="bbox 140 3610 1225 3699; baseline 0.006 -26"><span class='ocrx_word' id='word_1_231' title='bbox 140 3610 187 3673; x_wconf 80' lang='lat' dir='ltr'>ieu</span> <span class='ocrx_word' id='word_1_232' title='bbox 201 3616 433 3689; x_wconf 81' lang='lat' dir='ltr'>lamnationem</span> <span class='ocrx_word' id='word_1_233' title='bbox 455 3617 524 3680; x_wconf 91' lang='lat' dir='ltr'>ulla</span> <span class='ocrx_word' id='word_1_234' title='bbox 546 3621 615 3680; x_wconf 87' lang='lat' dir='ltr'>siue</span> <span class='ocrx_word' id='word_1_235' title='bbox 634 3634 692 3699; x_wconf 84' lang='lat' dir='ltr'>spe</span> <span class='ocrx_word' id='word_1_236' title='bbox 713 3635 772 3681; x_wconf 87' lang='lat' dir='ltr'>uec</span> <span class='ocrx_word' id='word_1_237' title='bbox 794 3618 1009 3697; x_wconf 80' lang='lat' dir='ltr'>poeniteutiae</span> <span class='ocrx_word' id='word_1_238' title='bbox 1031 3636 1090 3680; x_wconf 90' lang='lat' dir='ltr'>uec</span> <span class='ocrx_word' id='word_1_239' title='bbox 1109 3617 1225 3680; x_wconf 85' lang='lat' dir='ltr'>salutis</span> 
     </span>
     <span class='ocr_line' id='line_1_31' title="bbox 140 3715 1223 3799; baseline 0.015 -33"><span class='ocrx_word' id='word_1_240' title='bbox 140 3716 238 3791; x_wconf 79' lang='lat' dir='ltr'>statuit,</span> <span class='ocrx_word' id='word_1_241' title='bbox 259 3720 429 3799; x_wconf 82' lang='lat' dir='ltr'>iuquiens:</span> <span class='ocrx_word' id='word_1_242' title='bbox 454 3738 471 3777; x_wconf 79' lang='lat' dir='ltr'>c</span> <span class='ocrx_word' id='word_1_243' title='bbox 493 3715 555 3781; x_wconf 84' lang='lat' dir='ltr'>Sed</span> <span class='ocrx_word' id='word_1_244' title='bbox 578 3720 677 3797; x_wconf 75' lang='lat' dir='ltr'>magis</span> <span class='ocrx_word' id='word_1_245' title='bbox 698 3721 831 3799; x_wconf 87' lang='lat' dir='ltr'>proprie</span> <span class='ocrx_word' id='word_1_246' title='bbox 855 3718 1064 3783; x_wconf 81' lang='lat' dir='ltr'>adversarius</span> <span class='ocrx_word' id='word_1_247' title='bbox 1085 3719 1141 3781; x_wconf 89' lang='lat' dir='ltr'>ille</span> <span class='ocrx_word' id='word_1_248' title='bbox 1161 3727 1223 3795; x_wconf 87' lang='lat' dir='ltr'>est,</span> 
     </span>
     <span class='ocr_line' id='line_1_32' title="bbox 140 3814 1224 3898; baseline 0.008 -25"><span class='ocrx_word' id='word_1_249' title='bbox 140 3814 305 3893; x_wconf 65' lang='lat' dir='ltr'>ciprianus</span> <span class='ocrx_word' id='word_1_250' title='bbox 327 3819 509 3897; x_wconf 82' lang='lat' dir='ltr'>lrueutiurn</span> <span class='ocrx_word' id='word_1_251' title='bbox 524 3836 604 3898; x_wconf 79' lang='lat' dir='ltr'>pace</span> <span class='ocrx_word' id='word_1_252' title='bbox 625 3820 786 3898; x_wconf 82' lang='lat' dir='ltr'>beateque</span> <span class='ocrx_word' id='word_1_253' title='bbox 809 3819 1001 3893; x_wconf 81' lang='lat' dir='ltr'>virentium,</span> <span class='ocrx_word' id='word_1_254' title='bbox 1019 3818 1224 3897; x_wconf 68' lang='lat' dir='ltr'>amassetis,</span> 
     </span>
     <span class='ocr_line' id='line_1_33' title="bbox 140 3914 1227 4002; baseline 0.009 -33"><span class='ocrx_word' id='word_1_255' title='bbox 140 3914 227 3975; x_wconf 69' lang='lat' dir='ltr'>uruit</span> <span class='ocrx_word' id='word_1_256' title='bbox 255 3916 437 3996; x_wconf 86' lang='lat' dir='ltr'>lelicitate;</span> <span class='ocrx_word' id='word_1_257' title='bbox 462 3916 519 4002; x_wconf 77' lang='lat' dir='ltr'>qui</span> <span class='ocrx_word' id='word_1_258' title='bbox 547 3916 723 3979; x_wconf 74' lang='lat' dir='ltr'>ambulavit</span> <span class='ocrx_word' id='word_1_259' title='bbox 752 3915 981 3997; x_wconf 76' lang='lat' dir='ltr'>inculpabilis,</span> <span class='ocrx_word' id='word_1_260' title='bbox 1012 3926 1049 3981; x_wconf 81' lang='lat' dir='ltr'>ut</span> <span class='ocrx_word' id='word_1_261' title='bbox 1077 3917 1227 3997; x_wconf 82' lang='lat' dir='ltr'>loquitur</span> 
     </span>
     <span class='ocr_line' id='line_1_34' title="bbox 140 4004 1226 4096; baseline 0.01 -26"><span class='ocrx_word' id='word_1_262' title='bbox 140 4004 268 4087; x_wconf 74' lang='lat' dir='ltr'>lcecbiel,</span> <span class='ocrx_word' id='word_1_263' title='bbox 281 4013 321 4079; x_wconf 82' lang='lat' dir='ltr'>in</span> <span class='ocrx_word' id='word_1_264' title='bbox 342 4016 489 4081; x_wconf 82' lang='lat' dir='ltr'>omnibus</span> <span class='ocrx_word' id='word_1_265' title='bbox 507 4016 570 4079; x_wconf 83' lang='lat' dir='ltr'>ciis</span> <span class='ocrx_word' id='word_1_266' title='bbox 588 4015 669 4090; x_wconf 83' lang='lat' dir='ltr'>suis,</span> <span class='ocrx_word' id='word_1_267' title='bbox 686 4012 787 4085; x_wconf 70' lang='lat' dir='ltr'>donec</span> <span class='ocrx_word' id='word_1_268' title='bbox 802 4018 931 4087; x_wconf 79' lang='lat' dir='ltr'>ipcsalo</span> <span class='ocrx_word' id='word_1_269' title='bbox 950 4028 995 4080; x_wconf 82' lang='lat' dir='ltr'>est</span> <span class='ocrx_word' id='word_1_270' title='bbox 1013 4015 1168 4096; x_wconf 72' lang='lat' dir='ltr'>iniquitas</span> <span class='ocrx_word' id='word_1_271' title='bbox 1179 4016 1226 4081; x_wconf 75' lang='lat' dir='ltr'>io</span> 
     </span>
     <span class='ocr_line' id='line_1_35' title="bbox 139 4116 1224 4203; baseline 0 -24"><span class='ocrx_word' id='word_1_272' title='bbox 139 4118 292 4196; x_wconf 64' lang='lat' dir='ltr'>tt‚cuique</span> <span class='ocrx_word' id='word_1_273' title='bbox 312 4137 392 4181; x_wconf 86' lang='lat' dir='ltr'>cum</span> <span class='ocrx_word' id='word_1_274' title='bbox 413 4126 495 4181; x_wconf 83' lang='lat' dir='ltr'>essct</span> <span class='ocrx_word' id='word_1_275' title='bbox 508 4116 712 4197; x_wconf 82' lang='lat' dir='ltr'>sipunculum</span> <span class='ocrx_word' id='word_1_276' title='bbox 726 4116 993 4203; x_wconf 75' lang='lat' dir='ltr'>similitudinicet</span> <span class='ocrx_word' id='word_1_277' title='bbox 1014 4136 1131 4179; x_wconf 74' lang='lat' dir='ltr'>curem</span> <span class='ocrx_word' id='word_1_278' title='bbox 1148 4118 1224 4196; x_wconf 84' lang='lat' dir='ltr'>pul·</span> 
     </span>
     <span class='ocr_line' id='line_1_36' title="bbox 140 4204 1224 4297; baseline 0.007 -26"><span class='ocrx_word' id='word_1_279' title='bbox 140 4207 293 4279; x_wconf 58' lang='lat' dir='ltr'>musicis</span> <span class='ocrx_word' id='word_1_280' title='bbox 311 4218 351 4281; x_wconf 79' lang='lat' dir='ltr'>in</span> <span class='ocrx_word' id='word_1_281' title='bbox 372 4216 615 4297; x_wconf 77' lang='lat' dir='ltr'>paradisollei,</span> <span class='ocrx_word' id='word_1_282' title='bbox 639 4238 678 4282; x_wconf 86' lang='lat' dir='ltr'>ac</span> <span class='ocrx_word' id='word_1_283' title='bbox 706 4222 808 4283; x_wconf 80' lang='lat' dir='ltr'>veluti</span> <span class='ocrx_word' id='word_1_284' title='bbox 830 4221 919 4283; x_wconf 89' lang='lat' dir='ltr'>bouis</span> <span class='ocrx_word' id='word_1_285' title='bbox 943 4204 1122 4292; x_wconf 82' lang='lat' dir='ltr'>saturatus,</span> <span class='ocrx_word' id='word_1_286' title='bbox 1144 4219 1224 4279; x_wconf 88' lang='lat' dir='ltr'>ami-</span> 
     </span>
     <span class='ocr_line' id='line_1_37' title="bbox 139 4310 1222 4404; baseline 0.006 -31"><span class='ocrx_word' id='word_1_287' title='bbox 139 4310 164 4368; x_wconf 77' lang='lat' dir='ltr'>il</span> <span class='ocrx_word' id='word_1_288' title='bbox 177 4320 277 4380; x_wconf 86' lang='lat' dir='ltr'>onnia.</span> <span class='ocrx_word' id='word_1_289' title='bbox 300 4319 401 4396; x_wconf 85' lang='lat' dir='ltr'>Quod</span> <span class='ocrx_word' id='word_1_290' title='bbox 418 4320 552 4400; x_wconf 19' lang='lat' dir='ltr'>‘quidem</span> <span class='ocrx_word' id='word_1_291' title='bbox 567 4321 772 4404; x_wconf 77' lang='lat' dir='ltr'>iliimystice</span> <span class='ocrx_word' id='word_1_292' title='bbox 790 4320 913 4385; x_wconf 88' lang='lat' dir='ltr'>dictum</span> <span class='ocrx_word' id='word_1_293' title='bbox 937 4320 1064 4383; x_wconf 82' lang='lat' dir='ltr'>luerat:</span> <span class='ocrx_word' id='word_1_294' title='bbox 1084 4314 1222 4397; x_wconf 78' lang='lat' dir='ltr'>perditio</span> 
     </span>
     <span class='ocr_line' id='line_1_38' title="bbox 141 4410 1225 4501; baseline -0.001 -19"><span class='ocrx_word' id='word_1_295' title='bbox 141 4410 217 4482; x_wconf 57' lang='lat' dir='ltr'>bitus</span> <span class='ocrx_word' id='word_1_296' title='bbox 228 4432 268 4482; x_wconf 86' lang='lat' dir='ltr'>est</span> <span class='ocrx_word' id='word_1_297' title='bbox 281 4432 310 4485; x_wconf 84' lang='lat' dir='ltr'>et</span> <span class='ocrx_word' id='word_1_298' title='bbox 332 4439 399 4483; x_wconf 81' lang='lat' dir='ltr'>noa</span> <span class='ocrx_word' id='word_1_299' title='bbox 415 4420 478 4482; x_wconf 80' lang='lat' dir='ltr'>cris</span> <span class='ocrx_word' id='word_1_300' title='bbox 498 4416 546 4501; x_wconf 76' lang='grc' dir='ltr'>ἐις</span> <span class='ocrx_word' id='word_1_301' title='bbox 564 4418 620 4489; x_wconf 77' lang='grc' dir='ltr'>τόν</span> <span class='ocrx_word' id='word_1_302' title='bbox 635 4417 736 4493; x_wconf 60' lang='lat' dir='ltr'>sisoim</span> <span class='ocrx_word' id='word_1_303' title='bbox 754 4420 791 4484; x_wconf 79' lang='lat' dir='ltr'>io</span> <span class='ocrx_word' id='word_1_304' title='bbox 805 4429 1002 4501; x_wconf 79' lang='lat' dir='ltr'>pcapetuum.</span> <span class='ocrx_word' id='word_1_305' title='bbox 1020 4438 1039 4477; x_wconf 84' lang='lat' dir='ltr'>n</span> <span class='ocrx_word' id='word_1_306' title='bbox 1056 4416 1129 4483; x_wconf 85' lang='lat' dir='ltr'>Hoc</span> <span class='ocrx_word' id='word_1_307' title='bbox 1149 4436 1225 4499; x_wconf 86' lang='lat' dir='ltr'>por·</span> 
     </span>
     <span class='ocr_line' id='line_1_39' title="bbox 141 4520 1223 4603; baseline -0.001 -17"><span class='ocrx_word' id='word_1_308' title='bbox 141 4528 164 4571; x_wconf 77' lang='lat'>¹⁰</span> <span class='ocrx_word' id='word_1_309' title='bbox 172 4520 375 4586; x_wconf 79' lang='lat' dir='ltr'>testimoium</span> <span class='ocrx_word' id='word_1_310' title='bbox 393 4520 527 4584; x_wconf 79' lang='lat' dir='ltr'>coneris</span> <span class='ocrx_word' id='word_1_311' title='bbox 539 4520 769 4602; x_wconf 80' lang='lat' dir='ltr'>inperpetuum</span> <span class='ocrx_word' id='word_1_312' title='bbox 782 4523 876 4603; x_wconf 83' lang='lat' dir='ltr'>quusi</span> <span class='ocrx_word' id='word_1_313' title='bbox 891 4522 1040 4599; x_wconf 75' lang='lat' dir='ltr'>cismar,</span> <span class='ocrx_word' id='word_1_314' title='bbox 1054 4538 1223 4603; x_wconf 71' lang='lat' dir='ltr'>uunquam</span> 
     </span>
    </p>
   </div>
   <div class='ocr_carea' id='block_1_5' title="bbox 0 0 1692 5567">
    <p class='ocr_par' dir='ltr' id='par_1_6' title="bbox 0 0 1692 5567">
     <span class='ocr_line' id='line_1_40' title="bbox 0 0 1692 5567; baseline 0 3"><span class='ocrx_word' id='word_1_315' title='bbox 0 0 1692 5567; x_wconf 95' lang='lat' dir='ltr'> </span> 
     </span>
    </p>
   </div>
  </div>
 </body>
</html>
