3375 5567
346 719 580 801 sicinini.
608 736 778 785 secernens
809 720 898 801 quud
929 720 1146 807 corruptibile
1172 724 1221 784 est
1245 722 1288 783 nb
1314 742 1355 787 ee
1374 726 1468 806 qnod

346 835 513 899 nunquam
535 821 653 887 decidit
673 823 735 885 sub
765 820 880 885 eedem
904 840 983 886 soce
1003 817 1109 891 deme
1128 822 1309 902 signidedt:
1337 846 1354 885 s
1378 824 1472 890 Ben-

345 920 415 983 ruit
433 922 580 1003 suenum,
603 932 632 985 ct
651 924 706 1003 iles
728 922 796 1005 ejus
820 922 1103 996 emimentem
1123 935 1227 989 ustam
1249 924 1380 989 &mini
1397 944 1472 989 mu·

346 1032 398 1083 net
419 1020 454 1085 in
475 1031 649 1087 nmmum.
670 1042 689 1082 n
711 1022 816 1089 Judns
838 1043 909 1106 cap.
933 1024 959 1088 l.
985 1043 1087 1106 pnrrn
1107 1028 1148 1089 de
1168 1027 1291 1107 eugelis
1314 1029 1472 1107 apostati·

346 1128 405 1197 cis,
419 1123 477 1207 qni
492 1124 726 1207 dereliquerunt
744 1124 943 1191 domicilium
956 1147 1051 1191 sunna
1064 1125 1101 1190 is
1110 1126 1270 1209 judicimus
1279 1126 1391 1208 magni
1402 1126 1471 1193 dies·

347 1222 487 1289 vinculis
508 1220 635 1305 didisse
657 1224 854 1310 sempiternis
872 1225 930 1290 snb
949 1228 1089 1309 caligine
1108 1246 1278 1293 reservasse
1293 1228 1468 1293 bominum

348 1326 454 1407 dccet3
469 1330 523 1392 ubi
535 1330 733 1393 vccabulum
753 1324 883 1399 ἀιώνιω
902 1343 1063 1397 mensum
1077 1332 1119 1393 ab
1133 1332 1239 1395 silere
1259 1325 1369 1399 ἀΐδιον
1388 1350 1471 1395 mm·

344 1426 509 1507 piternum
538 1433 772 1512 explanatum,
797 1433 875 1495 setis
906 1432 1083 1511 exprimit,
1111 1450 1277 1514 nunqnam
1305 1433 1471 1495 desiturus

348 1546 480 1607 peenas,
502 1533 622 1611 quibus
644 1534 820 1597 doemones
842 1536 1057 1598 mulctantur.

433 1631 528 1697 Eune
549 1644 660 1698 nutem
681 1637 852 1701 indubium
871 1635 1253 1700 -Bibliornmsacrnrnm
1275 1652 1405 1699 semum
1425 1633 1471 1697 de

347 1729 479 1804 ἀιῶνιον
505 1755 606 1811 vcce,
628 1740 697 1801 sire
721 1739 762 1801 de
793 1739 985 1801 aeternitate
1012 1753 1192 1817 poenarum
1224 1736 1469 1811 definitionem,

348 1838 516 1901 Ecclesiae
535 1838 665 1914 Patres,
686 1842 813 1920 quique
834 1840 1036 1919 potissimum
1057 1840 1208 1917 proxime
1236 1835 1468 1903 succeserunt

347 1940 651 2019 apsentissume
672 1942 787 2005 sectnti
811 1943 1032 2016 traditionem,
1053 1958 1118 2004 nnn
1137 1940 1246 2005 solum
1265 1945 1469 2018 statuerunt3

351 2060 464 2105 rerum
486 2043 584 2110 etiam
605 2044 757 2124 ampliori
777 2043 966 2123 evangelice
990 2042 1088 2105 rerba
1111 2042 1380 2122 interpretatione
1405 2058 1469 2105 eu·

348 2144 528 2216 mulerunt,
546 2143 639 2205 lirme
660 2148 816 2217 tenentes,
834 2142 1009 2206 doemones
1023 2160 1062 2206 rc
1076 2143 1235 2222 reprobos
1249 2144 1313 2222 igni
1327 2142 1470 2205 inextin-

349 2244 485 2323 guibili,
508 2261 547 2306 ac
569 2249 736 2308 tormentis
758 2254 919 2325 perpetue
939 2244 1109 2307 duraturis
1128 2245 1326 2307 excruciari.
1355 2242 1392 2306 lu
1414 2243 1469 2307 bis

351 2346 542 2425 praesertim
564 2347 654 2409 lucet
675 2343 823 2409 Clemens
851 2344 1043 2410 Romanus:
1065 2366 1085 2403 n
1107 2344 1212 2409 Pecus
1243 2344 1467 2426 sempiterna,

346 2448 483 2522 scribit,
506 2447 547 2510 ab
568 2448 815 2529 inextinguibili
828 2448 901 2529 igne
923 2449 1056 2528 punitee
1078 2448 1088 2526 i
1100 2447 1249 2524 enimse)
1270 2463 1377 2528 neque
1396 2462 1471 2511 mn·

350 2548 487 2623 rientes,
510 2564 627 2628 megnc
649 2565 710 2611 suu
733 2548 819 2611 male
840 2549 972 2614 nullum
994 2545 1090 2610 linem
1111 2547 1260 2611 obtinere
1279 2554 1424 2628 mant.
1448 2566 1471 2607 s

348 2646 498 2713 lustinus
520 2663 646 2731 mertpr
671 2651 702 2711 iu
725 2648 883 2730 Apologia
909 2648 931 2711 Ι.
954 2667 984 2713 c.
1004 2648 1069 2715 Ἅι
1093 2668 1110 2708 a
1130 2666 1229 2729 quem
1250 2649 1467 2729 (diabolum)

356 2752 413 2819 nit.
429 2751 580 2830 inignem
601 2768 670 2815 esse
691 2751 881 2815 mittendum
896 2768 973 2815 cum
985 2754 1134 2815 exercite
1155 2752 1257 2832 ipsius
1277 2759 1311 2815 et
1330 2751 1471 2813 bemini-

356 2850 430 2925 bue,
439 2852 495 2931 qui
507 2870 581 2915 eum
595 2861 791 2932 sequuntur,
802 2855 834 2916 iu
845 2861 1016 2916 ueternum
1028 2853 1220 2934 puniendus,
1232 2851 1381 2916 Christus
1390 2858 1470 2915 aute

354 2951 555 3032 significavit.
575 2972 591 3009 n
608 2952 710 3015 Divus
731 2951 886 3017 irenaeus
906 2963 1022 3017 contra
1043 2952 1202 3016 Haereses
1219 2951 1287 3015 Lib.
1304 2951 1361 3015 tv.
1376 2969 1405 3014 c.
1421 2949 1471 3017 Β

354 3054 456 3117 nddit:
479 3074 496 3115 s
520 3053 789 3133 Quibuscumque
803 3056 926 3118 dixerit
941 3053 1121 3119 Dominus:
1137 3054 1292 3119 discedite
1310 3096 1319 3115 .
1336 3099 1343 3114 .
1360 3096 1369 3115 .
1386 3100 1395 3117 .
1412 3054 1470 3118 isti

353 3165 450 3219 eruet
471 3174 600 3235 semper
619 3156 775 3235 damnati
796 3165 827 3217 et
849 3155 1114 3236 quibuscumque
1126 3155 1261 3218 dixerits
1279 3158 1405 3219 venite.
1425 3202 1432 3217 .
1455 3205 1464 3220 .

353 3258 404 3320 isti
425 3274 553 3338 semper
574 3260 754 3337 percipient
775 3275 923 3337 reguum.
947 3276 964 3314 s
1086 3289 1095 3305 .

432 3356 656 3422 Tertullianus
685 3362 761 3421 item
790 3360 823 3421 in
844 3357 1059 3438 Apciegetice
1079 3374 1108 3419 e.
1126 3353 1189 3421 ts:
1214 3376 1232 3415 a
1260 3358 1346 3421 exim
1374 3375 1468 3435 rere,

355 3460 462 3534 ducet,
486 3476 555 3535 uns,
577 3462 634 3539 qui
655 3462 717 3523 snb
738 3457 807 3523 Dee
827 3462 972 3523 omnium
993 3459 1202 3541 speculatore
1223 3459 1468 3540 dispungimur,

355 3562 478 3640 quique
499 3569 664 3625 aeternnm
679 3560 720 3622 eb
733 3578 774 3623 eo
796 3579 931 3641 poenam
946 3560 1157 3641 presidemus
1172 3602 1181 3620 .
1198 3606 1206 3622 .
1224 3604 1233 3622 .
1249 3606 1256 3623 .
1274 3570 1309 3624 et
1322 3578 1384 3642 pru
1398 3578 1470 3624 ma·

355 3662 520 3741 guitudiun
540 3663 707 3724 cruciatus
727 3678 791 3723 nnn
812 3662 974 3736 diuturni,
999 3678 1114 3724 verum
1134 3663 1321 3742 sempiterni
1335 3678 1412 3725 eum
1428 3662 1468 3725 tl-

354 3769 485 3826 msutcs.
502 3778 519 3819 n
535 3760 581 3825 lie
602 3762 727 3825 animae
741 3760 940 3825 Testimonin
955 3780 985 3824 c.
1003 3759 1047 3823 tv
1060 3759 1243 3837 rammam,
1256 3761 1383 3835 scribit,
1403 3777 1468 3843 pro

354 3865 477 3927 meritis
496 3871 555 3926 aut
576 3864 737 3927 cruciatui
759 3864 926 3941 destinari,
946 3871 1006 3927 aut
1028 3862 1212 3942 reirigerin,
1237 3864 1471 3943 utriquesem·

355 3966 493 4046 piteruo,
506 3984 522 4021 n
537 3962 570 4026 ln
583 3964 749 4029 Ecclesiae
765 3964 967 4047 smyrnensis
979 3964 1123 4045 Epistula
1139 3961 1179 4024 ad
1195 3960 1355 4027 Ecclesiae
1373 3960 1468 4027 Ponti

354 4067 395 4129 de
415 4086 441 4129 x.
468 4064 628 4145 Policerpi
652 4068 822 4150 martyrio,
840 4067 1054 4146 sempiternes
1075 4065 1155 4144 iguis
1172 4064 1338 4127 cruciatus
1353 4080 1466 4127 ceram

355 4166 555 4231 Proconsule
578 4170 644 4247 ipse
668 4166 871 4249 Polycarpus
890 4169 934 4229 ita
964 4166 1084 4241 edicit,
1107 4172 1145 4228 nt
1170 4164 1282 4227 unitus
1308 4168 1469 4229 terminus

356 4270 572 4348 reproborum
596 4268 706 4349 poenis
726 4271 767 4332 sit
789 4286 933 4349 unquam
955 4265 1220 4331 adinveniendus.
1243 4264 1296 4330 Sic
1322 4282 1467 4347 nemque

354 4388 378 4431 s.
403 4367 544 4451 Martyr,
566 4370 688 4433 celistc
709 4369 795 4449 igne,
817 4372 874 4449 qni
897 4369 936 4430 ed
960 4377 1088 4449 tempus
1107 4368 1306 4444 exardescit,
1322 4382 1397 4430 cum
1417 4367 1468 4429 nl-

358 4479 429 4533 tern
450 4468 535 4550 apud
557 4470 689 4547 inieres,
711 4468 767 4551 qui
790 4484 956 4549 nunquam
978 4467 1194 4548 extinguitur,
1217 4466 1379 4547 ioquilurs
1403 4463 1468 4528 «l-
