3375 5567
433 665 529 848 ἴξιν
544 765 727 835 eruditiones
739 766 869 830 ventris.
889 765 962 830 Scio
975 787 1016 830 er
1039 768 1099 842 llis,
1122 785 1207 846 qnae
1221 766 1299 830 milri
1319 767 1422 844 gretie
1443 766 1544 828 dirior

436 870 551 950 larqltn
573 877 634 943 est,
656 887 731 934 cunr
753 878 954 950 praesentem
976 871 1084 932 locum
1106 886 1323 949 exponerem,
1347 869 1545 940 modiolum,

321 972 326 979 ’
435 972 523 1052 qued
539 972 638 1037 draco
659 975 701 1035 sit
724 972 884 1036 lortitudo
899 972 1072 1034 contraria.
1099 971 1159 1035 lste
1175 973 1258 1034 eninr
1280 980 1329 1034 est
1350 971 1464 1045 draco,
1485 989 1546 1034 ser·

436 1093 512 1154 pens
534 1067 700 1153 antiquus,
721 1074 778 1152 qui
795 1081 933 1136 vocetur
954 1074 1103 1136 diabolus
1117 1083 1149 1136 et
1163 1073 1307 1146 Setinum,
1324 1073 1485 1152 decipiens
1499 1091 1548 1134 or·

437 1178 508 1236 uem
533 1185 697 1236 terrarum
722 1175 921 1236 universum.
957 1173 1051 1236 lstius
1073 1174 1231 1238 tortitudo
1262 1175 1294 1234 in
1316 1174 1471 1236 umbilico
1492 1183 1546 1234 est.

438 1275 506 1338 Nee
526 1277 684 1338 dubium:
715 1293 788 1337 nam
811 1276 1002 1355 principium
1036 1276 1198 1338 malorum
1219 1276 1363 1338 omnium
1386 1275 1417 1336 iu
1438 1276 1545 1336 loonio

440 1384 612 1455 uersatum
643 1385 675 1438 et
698 1377 771 1438 ideo
800 1377 909 1440 adhue
929 1379 961 1442 in
988 1377 1102 1440 lumbo
1125 1379 1224 1456 patris
1255 1380 1473 1450 constitutus,
1496 1379 1545 1455 qni

437 1480 621 1541 nasciturus
643 1486 735 1553 erat,
760 1477 923 1555 retertur,
954 1481 1029 1558 quie
1053 1481 1083 1541 in
1110 1479 1237 1542 lumbes
1268 1479 1388 1540 semiue
1412 1478 1544 1540 Ιιιιιιιιιι

400 1600 404 1606 ’
438 1579 576 1642 collecto
608 1589 694 1641 sunt.
725 1577 1011 1661 Fortituduerqo
1035 1583 1217 1656 contraria,
1251 1581 1450 1658 ubicumque
1477 1585 1545 1642 suut

437 1682 584 1754 minine,
601 1681 646 1741 ibi
668 1681 855 1744 insidiarum
877 1699 1012 1745 suarum
1036 1683 1100 1743 rim
1122 1690 1261 1745 conetur
1284 1683 1466 1744 ostendere.
1489 1677 1547 1740 ld·

440 1799 554 1844 vorsus
576 1780 737 1844 musculos
760 1781 864 1845 uirtus
891 1783 962 1864 ejus
984 1785 1015 1845 in
1037 1782 1156 1846 lumbis
1177 1792 1225 1845 est
1235 1803 1247 1860 ι
1261 1782 1420 1844 adsersus
1441 1779 1546 1844 lnemi·

439 1899 497 1942 nas
521 1883 623 1946 virtus
656 1881 727 1963 ejus
748 1890 796 1945 est
823 1883 855 1945 in
878 1881 1032 1947 umbilico
1066 1883 1196 1947 uentris.
1230 1882 1273 1946 Et
1294 1883 1367 1945 ride
1388 1883 1546 1963 quomedo

440 1983 573 2046 honeste
589 1984 649 2047 riri
663 1984 877 2063 mulierisque
892 1984 1041 2063 genitalis
1062 1985 1197 2046 obtectis
1211 1984 1395 2045 nominibus
1408 1983 1548 2062 Scriptu-

440 2103 477 2148 ra
498 2086 706 2165 nuncuparit,
727 2099 769 2148 ne
789 2104 848 2165 per
869 2101 905 2148 en
930 2085 1108 2158 vocabule,
1131 2103 1216 2166 quae
1237 2089 1268 2148 in
1290 2091 1444 2165 prompto
1465 2091 1546 2150 sunt.

439 2187 676 2267 turpitudinem
695 2187 900 2264 significaret.
917 2187 949 2252 st
966 2189 1166 2251 intellectum
1184 2198 1232 2252 est
1247 2188 1448 2268 exemplum,
1466 2185 1546 2264 quod

442 2288 638 2365 protulimus
659 2289 700 2350 de
720 2286 797 2362 luit,
819 2289 962 2368 intellige
985 2290 1063 2355 milri
1084 2291 1160 2369 quia
1183 2299 1245 2353 ete.
1270 2309 1286 2348 n

384 2429 392 2449 ι
520 2387 662 2452 Tandem
677 2390 892 2454 attendentius
908 2399 1018 2453 nostro
1033 2391 1255 2469 suffragentur
1264 2390 1435 2481 proposito
1451 2386 1550 2452 unr-

442 2488 584 2552 rotiones
614 2488 764 2570 Oripcna'r
790 2489 826 2554 tu
846 2489 902 2554 tot
924 2494 955 2554 in
976 2490 1175 2555 Bibliotheca
1211 2491 1421 2555 Gallaudinna
1444 2507 1551 2569 gruere

441 2599 475 2653 et
494 2591 593 2654 lotine
615 2592 742 2668 edituo,
772 2593 827 2655 ubi
850 2593 977 2656 ductor
1006 2594 1138 2656 litterali
1160 2593 1337 2671 aliqnando
1357 2591 1468 2672 junxit
1487 2609 1550 2653 sen·

440 2711 514 2756 sum
535 2693 727 2772 spiritalem3
742 2703 775 2756 et
789 2693 987 2774 quandoque
1009 2703 1108 2757 totnnr
1130 2695 1261 2757 necarit
1280 2711 1415 2774 operatu
1437 2695 1469 2756 in
1488 2709 1550 2755 seo·

442 2813 481 2857 su
503 2794 632 2858 litterae
655 2803 778 2858 uotum
793 2795 1012 2874 disquirendo.
1037 2795 1077 2858 lit
1097 2797 1123 2858 si
1145 2796 1312 2875 peculiare
1327 2797 1360 2858 in
1380 2795 1428 2858 iris
1449 2811 1550 2857 exeu-

443 2898 534 2980 plum
564 2899 696 2976 cupias,
724 2896 889 2960 considero
919 2913 1003 2976 quae
1024 2896 1136 2958 scribit
1165 2898 1195 2958 io
1223 2915 1253 2958 r.
1275 2893 1326 2960 te.
1348 2914 1377 2958 e.
1401 2893 1442 2956 ll.
1466 2891 1549 2956 odoi

443 2999 555 3062 amicis
573 2998 674 3060 diets:
702 2997 849 3058 sederunt
870 2995 959 3074 opud
979 2993 1083 3074 ipsum
1104 3005 1217 3075 reptem
1236 2993 1302 3058 diss
1322 3004 1351 3056 et
1372 3003 1483 3074 reptssr
1503 3011 1549 3055 so

443 3107 515 3161 ctos.
540 3096 574 3159 ln
594 3097 714 3176 quibus
729 3097 847 3170 veritis,
865 3096 923 3159 etsi
938 3093 1093 3176 Origenes
1107 3096 1300 3176 quibusdem
1315 3093 1549 3159 dillicultstiltus

445 3216 575 3279 pressus
597 3201 627 3262 ln
649 3198 777 3260 litterae
797 3197 1018 3277 expositione,
1041 3215 1100 3260 nee
1123 3207 1227 3260 temen
1250 3199 1376 3276 putarit
1399 3196 1440 3259 ilti
1460 3213 1549 3274 quse-

445 3317 519 3363 rere
539 3298 734 3360 solutionem
757 3297 1048 3377 perallegoriam:
1081 3297 1135 3360 sed
1157 3299 1301 3360 studiose
1330 3299 1548 3376 sapienterque

445 3401 611 3481 inquisivit
631 3399 838 3478 firmavitque
860 3415 988 3460 sensum
1016 3397 1204 3461 litteralem.
1229 3397 1283 3460 llit
1304 3400 1410 3461 enim:

525 3523 541 3559 e
563 3498 636 3564 Non
651 3501 734 3563 dirit
751 3515 829 3561 vero
849 3495 1032 3576 Scriptura,
1046 3498 1133 3578 quud
1150 3499 1326 3562 assederint
1340 3507 1464 3578 septem
1478 3496 1547 3566 dies,

446 3617 463 3664 a
487 3619 578 3666 mene
599 3618 703 3680 usquc
724 3598 763 3660 sd
788 3615 967 3677 vesperam,
984 3615 1089 3678 neque
1109 3607 1231 3678 septem
1254 3607 1364 3662 noctes
1385 3615 1403 3660 ι
1427 3611 1549 3674 respue

446 3703 486 3768 ad
508 3719 612 3765 mane.
636 3699 754 3781 Liquet
773 3716 866 3779 ergo,
888 3700 975 3779 quod
998 3719 1072 3763 cum
1090 3702 1263 3763 munimem
1285 3699 1347 3763 diei
1368 3707 1491 3780 purtem
1510 3713 1551 3758 as·

445 3806 613 3880 sedissent,
628 3803 820 3866 recedebunt
834 3803 1022 3866 necessariis
1045 3803 1158 3866 usibus
1177 3801 1344 3882 explendis
1357 3822 1366 3863 ι
1389 3819 1428 3864 ac
1443 3803 1549 3862 iterun

447 3913 647 3969 revertentes
669 3922 774 3983 usquc
793 3903 834 3965 nd
858 3901 993 3965 multam
1016 3909 1142 3966 noctem
1164 3904 1368 3979 assidebuntp
1390 3903 1550 3964 etiterum

448 4008 617 4079 obeuntes,
639 4021 756 4068 rursus
776 4021 871 4067 mone
897 4005 1064 4067 reniebsot
1085 4004 1125 4065 ad
1146 4021 1232 4066 cum.
1250 4002 1346 4080 Quod
1368 4021 1445 4066 sane
1466 4001 1554 4062 reris

444 4109 626 4180 simorum,
657 4113 692 4168 et
719 4103 1064 4168 effectuosissimorum
1097 4106 1276 4166 amicorum
1300 4106 1469 4183 proprium
1497 4103 1548 4160 est.

349 4257 354 4264 .
447 4205 618 4274 Communi
640 4213 750 4269 nutem
773 4205 1008 4268 consuetudine
1032 4197 1128 4267 utens'
1145 4201 1327 4282 Scriptura,
1350 4204 1393 4265 ita
1416 4198 1551 4262 obsolute

449 4308 641 4374 inculcent:
663 4305 811 4367 sederunt
830 4305 918 4383 opud
938 4303 1042 4383 ipsum
1058 4313 1169 4382 septem
1190 4301 1256 4364 dier
1271 4313 1300 4363 ct
1319 4311 1430 4380 reptem
1450 4306 1548 4360 secter.

450 4408 613 4486 Quoniam
641 4416 752 4470 notem
773 4423 848 4467 cum
871 4405 967 4482 dicit,
998 4405 1159 4470 incultum
1190 4404 1437 4486 quatuordecim
1463 4411 1550 4461 onnus

448 4510 587 4576 seorim
607 4516 641 4572 et
659 4515 814 4574 exustum
835 4506 936 4574 luisse
956 4515 1048 4572 nesto
1070 4507 1155 4582 diei,
1186 4516 1219 4570 et
1239 4506 1316 4585 pelu
1336 4505 1458 4570 nontin
1479 4513 1550 4564 nnn·
