3375 5567
424 744 518 817 locis,
541 749 579 805 ut
599 757 695 805 omne
716 756 801 820 genu
824 738 1014 805 decterctur
1028 740 1060 802 in
1084 738 1214 803 nomine
1227 737 1320 813 iesu,
1334 738 1531 811 coelestinus,

425 848 645 921 terrestrium,
670 843 899 910 internorum?
919 844 992 911 Non
1006 846 1103 907 niiter
1123 841 1273 909 Christus
1294 851 1376 919 eret,
1397 842 1474 907 licet
1492 846 1535 905 iu·

425 950 526 1013 terius
547 959 643 1025 esset,
670 960 706 1012 ut
727 952 773 1013 sie
794 949 921 1011 dicem:
938 949 997 1012 etsi
1019 949 1052 1009 iu
1072 946 1218 1010 interiori
1238 947 1312 1009 loco
1333 952 1456 1025 speret,
1483 963 1533 1007 so

425 1052 550 1117 luotcte
571 1052 722 1132 superins
743 1057 837 1113 esset.
864 1070 881 1107 s

505 1153 547 1218 Et
568 1155 648 1218 haec
668 1156 713 1217 nit
735 1151 903 1234 Origenes.
933 1151 1049 1216 Nescio
1070 1153 1148 1214 item
1169 1168 1230 1214 cur
1251 1158 1317 1213 tum
1337 1150 1478 1214 ollemus
1497 1150 1535 1213 sit

425 1254 617 1319 Eustethius
638 1256 669 1317 id
690 1257 801 1335 leneus
818 1298 827 1329 ‚
847 1274 888 1319 sc
908 1257 1140 1335 interpretetus
1160 1252 1255 1335 quusi
1276 1255 1312 1317 de
1331 1254 1402 1314 solo
1420 1250 1538 1313 domiso

423 1360 608 1437 loqueretur
630 1356 810 1437 (Origenes)
832 1356 1041 1420 notrannus
1061 1353 1191 1419 diuinae
1209 1364 1345 1418 neturus
1365 1354 1473 1419 ludite
1489 1374 1538 1416 rc·

425 1460 521 1535 tione,
543 1460 579 1521 s'n
599 1460 713 1535 intime
733 1458 841 1531 illum,
863 1458 943 1521 idest
968 1456 1141 1531 Christum,
1162 1456 1321 1521 devenisse
1336 1468 1400 1520 etc.
1417 1456 1538 1519 soros·

427 1578 461 1625 se
482 1562 525 1624 nb
539 1562 836 1641 aequiparationem
852 1558 934 1623 Jcsu
954 1578 1030 1623 cum
1051 1560 1167 1622 ceteris
1184 1557 1379 1640 propinetis?
1394 1560 1538 1621 Attamen

426 1672 459 1727 et
479 1663 609 1743 quidem
629 1663 705 1743 lure
727 1664 789 1727 tnnc
811 1663 876 1743 egit
897 1662 1053 1742 Origenes
1064 1682 1077 1741 ;
1107 1660 1210 1725 sicubi
1233 1659 1274 1723 de
1303 1661 1406 1741 ipsius
1427 1658 1537 1722 Christi

428 1773 533 1827 morte
554 1764 699 1837 locutus,
721 1766 905 1829 necessario
925 1765 1112 1844 prophetis,
1144 1764 1202 1841 qui
1227 1780 1303 1825 eum
1325 1776 1536 1842 praecessere,

426 1867 468 1927 cb
490 1867 722 1931 humunitntem
745 1886 837 1931 suem
859 1869 936 1953 ipsis
956 1865 1183 1939 nssimilstnm,
1204 1866 1237 1926 in
1258 1864 1417 1927 descensu
1437 1862 1478 1925 ud
1498 1863 1538 1923 in·

428 1967 514 2031 ieros
536 1969 675 2031 contulit
693 1966 819 2031 Jesum.
844 1969 880 2031 Iu
895 1986 960 2050 qus
974 1976 1081 2031 morte
1102 1984 1141 2028 ne
1156 1967 1313 2029 descensu
1327 1965 1361 2026 iu
1381 1964 1536 2027 iuteruuu

427 2075 564 2131 mortem
588 2070 819 2149 triumphavit.
850 2068 967 2131 interni
988 2086 1078 2131 seres
1106 2069 1278 2147 perrupit;
1300 2084 1340 2129 nc
1360 2074 1538 2129 cunctorum

428 2169 550 2231 enimes
570 2169 613 2229 ibi
634 2170 724 2245 sites,
747 2171 778 2231 io
800 2172 947 2251 requiem
968 2169 1142 2232 coelestem
1165 2168 1342 2231 trsostuiit.
1362 2166 1448 2232 Cum
1471 2184 1539 2229 sero

429 2271 472 2331 its
487 2270 646 2349 loquutur
660 2268 829 2351 Origenes,
853 2272 1032 2335 nullimode
1047 2271 1166 2338 Christi
1181 2271 1340 2333 divinitati
1353 2270 1538 2349 denegarim
1560 2292 1569 2315 ·

428 2372 607 2449 quinimmo
622 2372 706 2435 tstnd
729 2373 852 2437 tectum
867 2391 936 2438 esse
956 2375 1014 2448 nit,
1031 2380 1067 2435 ot
1083 2389 1143 2452 per
1164 2373 1264 2452 ipsius
1283 2370 1404 2439 Christi
1418 2371 1538 2435 descen·

413 2457 549 2535 'sionem
571 2473 610 2534 sd
633 2475 754 2537 interos
776 2494 814 2539 uc
830 2476 1000 2540 victorium
1020 2482 1286 2556 supermontem,
1303 2473 1540 2553 dignosceretur

427 2570 536 2633 disiuu
551 2573 695 2654 ejusdem
718 2586 848 2651 nature,
871 2578 1041 2655 virtusque
1059 2573 1288 2654 praepollens:
1307 2575 1410 2637 veluti
1429 2572 1539 2635 tuideo

430 2672 496 2733 nit:
516 2691 532 2730 s
550 2673 599 2735 An
626 2692 688 2737 oon
711 2673 773 2737 tuit
796 2674 898 2739 Filius
921 2674 992 2751 liei,
1021 2676 1099 2739 licet
1118 2675 1151 2737 iu
1173 2674 1395 2739 subterraneis
1417 2675 1540 2757 degent

429 2772 522 2848 locis,
538 2781 574 2837 et
594 2794 684 2839 omne
703 2794 785 2855 penu
799 2777 972 2856 meteretur
984 2776 1022 2839 itt
1035 2773 1162 2839 mmine
1180 2772 1270 2851 Jcstt,
1284 2774 1473 2851 emendem,
1487 2786 1541 2839 ttt·

428 2874 594 2948 restrium,
614 2876 814 2957 interorum
829 2872 882 2939 Ρ»

512 2973 601 3039 Licet
617 2996 695 3041 vero
717 2994 812 3057 peres
827 2978 957 3043 Christo
979 2977 1155 3058 prophetes
1169 2977 1346 3041 constituet
1367 2977 1400 3038 iu
1419 2975 1539 3039 descen·

430 3094 470 3138 su
492 3078 532 3137 sd
554 3078 686 3153 interos,
710 3089 746 3141 ut
766 3079 907 3160 njebnm,
929 3096 967 3141 sc
987 3079 1061 3141 ideo
1081 3078 1191 3153 sudet,
1215 3080 1300 3157 ipsos
1320 3078 1491 3159 prophetoe
1511 3083 1540 3139 et

432 3174 596 3241 Christum
614 3181 781 3243 votuutntc
802 3183 833 3243 in
854 3182 1080 3261 superioribus
1101 3179 1222 3258 tuisse;
1244 3188 1386 3242 ettamen
1407 3179 1450 3241 tui
1471 3194 1539 3257 pou·

431 3276 573 3342 dersnds
596 3291 683 3353 snut,
704 3298 789 3361 quse
809 3282 993 3345 immediate
1014 3284 1071 3355 nit,
1095 3289 1132 3344 set
1152 3279 1200 3342 ite
1219 3280 1346 3344 timess
1369 3296 1454 3358 quse
1471 3293 1538 3340 ssue

434 3377 534 3439 verbe
555 3383 711 3445 sermonis
734 3384 797 3445 viru
821 3391 1016 3463 temperent,
1034 3400 1111 3445 cum
1134 3382 1211 3445 velit
1225 3379 1384 3461 Origenes
1404 3380 1537 3443 osteude-

435 3493 484 3553 re,
507 3480 586 3542 nihil
607 3483 788 3546 mirandum
810 3502 880 3546 esse
915 3482 955 3545 de
976 3483 1136 3549 Samuelis
1163 3483 1302 3547 eletione
1321 3482 1408 3562 spnd
1430 3479 1537 3542 interos

434 3582 634 3666 espectsutis
656 3582 909 3664 redemptionem
933 3582 1058 3659 isreel,
1087 3584 1154 3647 stlte
1174 3583 1247 3647 idco
1268 3583 1434 3663 degentis,
1453 3578 1536 3645 sicuti

436 3688 468 3743 et
489 3685 555 3761 ipse
576 3682 724 3749 Christus
746 3694 856 3765 postes
878 3695 911 3749 et
936 3684 1038 3749 Filius
1060 3683 1131 3761 liei,
1146 3690 1179 3747 et
1198 3683 1331 3763 quidem
1352 3685 1384 3745 iu
1406 3678 1536 3745 tumnul-

439 3789 503 3845 tnte
523 3799 582 3847 sus
605 3786 685 3849 ilinc
708 3786 928 3851 descenderet.
950 3784 1121 3849 descendit
1141 3786 1225 3849 euim
1248 3783 1460 3848 mortitiestus
1478 3796 1537 3845 etr·

435 3899 487 3959 ue,
512 3886 558 3948 uti
580 3886 624 3948 nit
645 3887 759 3951 bentus
793 3887 909 3952 Petrus
929 3891 962 3951 io
985 3884 1130 3967 Epistola
1153 3886 1178 3949 l.
1201 3904 1230 3950 e.
1253 3883 1311 3948 lll.
1335 3902 1366 3947 u.
1387 3882 1438 3949 ts.
1465 3879 1538 3958 Osis

435 3994 464 4047 et
489 3980 634 4049 Christus
653 3989 743 4049 semel
759 4006 821 4067 pro
839 3986 977 4067 peccetis
997 3984 1115 4049 nostris
1135 3997 1281 4049 mortem
1301 3994 1359 4061 cst,
1374 3985 1478 4067 justes
1492 3998 1542 4063 pto

434 4084 577 4167 iniustis,
601 4096 637 4151 set
657 4106 715 4151 nos
729 4091 850 4173 offerret
872 4089 955 4162 item·
978 4086 1186 4167 mortificatus
1200 4086 1329 4168 quidem
1344 4104 1454 4159 cerne,
1472 4081 1541 4146 eiet'·

435 4186 549 4266 pectus
569 4199 674 4253 erstem
707 4190 839 4271 spiritu.
873 4189 1043 4254 Descendit
1065 4188 1214 4256 Christus
1243 4191 1283 4255 ed
1314 4189 1434 4253 interos
1456 4188 1540 4271 insts

439 4290 538 4353 verbe
560 4289 704 4373 symboli
725 4294 907 4373 apostotici,
931 4293 1013 4356 idest
1037 4292 1068 4354 iu
1095 4292 1247 4357 eumdem
1269 4292 1392 4367 iocum,
1414 4306 1478 4369 que
1496 4288 1540 4348 lu·

439 4404 516 4469 geue
534 4389 639 4455 Jeeob
660 4392 844 4473 patriarche
874 4392 982 4474 ejeltnt
1001 4411 1036 4457 se
1057 4391 1289 4456 descensurum
1311 4395 1366 4469 (c.
1388 4382 1538 4453 mill.

437 4486 598 4556 Geuesmn
607 4493 630 4570 l:
645 4493 829 4559 descendum
845 4492 955 4575 lucem
969 4494 1013 4557 cd
1022 4490 1127 4575 tilium
1141 4480 1537 4571 melsinensem
