3375 5567
454 792 559 856 uitare
566 812 577 873 3
591 808 655 857 non
670 796 780 858 antem
794 790 910 857 asserit
923 805 1062 873 corpora
1076 793 1186 855 nostra
1201 786 1351 853 aetherea
1362 792 1393 853 et
1407 788 1537 857 molestia

454 894 525 957 iore
545 895 739 960 suscitanda.

534 996 616 1060 ltcm
640 996 858 1083 Hieronymus
885 998 917 1059 in
938 998 1037 1061 citato
1058 996 1265 1078 paragrapho
1288 998 1434 1061 convenit
1453 996 1541 1059 textui

452 1096 527 1159 libri
539 1098 672 1163 secunct
688 1117 706 1162 n
721 1118 747 1163 s.
763 1096 911 1185 Martyre
924 1100 1116 1180 transcripto
1130 1098 1216 1161 circa
1228 1097 1347 1163 Curiati
1357 1097 1434 1163 lesu
1445 1116 1461 1159 a
1472 1116 1542 1159 mor·

454 1198 518 1261 tuis
540 1200 832 1280 resurrectionem
850 1200 905 1263 seo
926 1207 1042 1263 mutuo
1062 1199 1238 1265 abscedunt
1258 1200 1290 1262 in
1308 1198 1470 1263 statuenda
1482 1215 1541 1259 con

451 1298 539 1377 poris
559 1298 659 1380 ipsius
670 1300 868 1376 conditione,
882 1308 1052 1381 postquam
1067 1317 1086 1364 e
1102 1300 1239 1368 mortuis
1254 1300 1443 1364 resurrexit.
1456 1295 1542 1373 Unus,

451 1417 554 1481 prope
576 1400 827 1486 Hieronymum,
842 1401 922 1467 Jesu
943 1418 1064 1482 corpus
1084 1401 1358 1467 aresurrecticue
1378 1402 1495 1465 atrium
1507 1398 1543 1461 ie·

453 1503 521 1581 cit3
535 1520 574 1566 ac
590 1520 653 1566 non
674 1504 787 1568 nisiex
803 1504 1011 1567 simulatione
1024 1502 1164 1567 solidum
1180 1502 1283 1569 vuum
1298 1510 1359 1565 est.
1377 1501 1467 1565 Alter
1479 1517 1544 1562 sero

449 1622 492 1668 ex
505 1604 619 1669 eodem
633 1604 720 1668 libro
730 1607 842 1669 statuit
854 1623 968 1687 reapse
983 1607 1014 1668 in
1026 1622 1165 1687 corpora
1177 1604 1302 1669 ossibus
1317 1612 1353 1667 et
1364 1620 1457 1667 carne
1467 1618 1544 1683 prae

448 1704 516 1769 dito
527 1704 640 1770 Jesnm
654 1723 672 1767 a
685 1709 823 1771 mortuis
838 1707 1029 1778 excitorum,
1046 1706 1425 1785 discipulisnpparuisse,
1440 1710 1470 1765 et
1482 1719 1543 1765 cun

446 1808 493 1870 eis
513 1807 699 1872 comedisse.
719 1806 758 1871 Et
773 1826 848 1871 cnm
864 1808 908 1871 ita
926 1826 951 1871 s.
969 1806 1098 1891 Martyr
1111 1808 1227 1871 ibidem
1242 1813 1378 1882 nminat,
1394 1812 1426 1871 et
1444 1803 1542 1883 Orige-

448 1924 520 1970 nem
531 1908 590 1971 sibi
603 1908 725 1989 uirique
736 1918 984 1973 consentaneum
998 1909 1124 1991 probet,
1141 1908 1265 1972 scilieet
1275 1906 1440 1973 Christum
1452 1920 1545 1967 resur·

447 2016 596 2088 gentem,
625 2026 745 2089 eorpus
764 2011 833 2074 sire
854 2028 983 2074 curnem
1013 2009 1241 2089 praenotatione
1267 2008 1434 2081 camdem,
1461 2020 1544 2087 quam

448 2117 523 2173 onte
543 2118 680 2173 mortem
695 2110 812 2192 intinit3
833 2127 872 2175 ac
885 2128 997 2175 secum
1010 2110 1151 2191 amplius
1164 2110 1195 2174 in
1210 2109 1340 2174 coelum
1354 2108 1541 2179 sublimasse,

447 2210 527 2274 arten
549 2219 587 2275 nt
607 2218 640 2276 et
661 2212 720 2293 ipsi
741 2213 876 2292 spiritns
896 2214 1052 2277 coelestes
1072 2212 1113 2277 da
1141 2212 1203 2275 irac
1225 2212 1369 2276 novitate
1391 2210 1480 2273 valde
1497 2207 1543 2271 nie

444 2311 650 2391 stupuerint;
662 2312 828 2392 quomodo
841 2330 921 2393 ergo
931 2310 1131 2397 Hieronymo
1142 2312 1391 2375 convenerimus
1401 2309 1542 2372 adversm

449 2410 637 2490 origenem,
658 2416 757 2477 istum
779 2414 1137 2495 nempe-reprobantes,
1158 2412 1245 2493 qnod
1268 2413 1299 2474 in
1321 2408 1546 2479 resurrectione

445 2509 611 2577 Christum
626 2531 746 2594 corpus
761 2515 874 2580 tulisse
888 2514 1038 2579 docuerit
1057 2531 1120 2578 non
1141 2512 1242 2589 reale,
1255 2530 1319 2577 nou
1333 2511 1485 2585 solidum,
1496 2507 1542 2573 sed

444 2612 658 2679 simulatum?
668 2622 701 2679 nt
715 2615 846 2696 qnando
861 2615 1019 2681 adsersus
1033 2614 1162 2681 Celsum
1179 2612 1275 2679 Libro
1289 2610 1348 2677 lll.
1362 2610 1415 2677 Hi.
1433 2611 1545 2693 penitnt

442 2715 642 2780 contrarium
662 2718 783 2796 seutit;
805 2734 948 2797 eumque
969 2716 1235 2781 calumniatorem
1256 2713 1330 2777 tneo
1353 2718 1469 2789 vocet,
1495 2728 1543 2790 pn·

444 2820 577 2890 tantem,
598 2814 703 2878 Iessos
721 2824 881 2881 Μυκη
906 2836 926 2879 c
947 2815 1014 2879 ruis
1034 2814 1195 2881 sodalibus
1214 2824 1416 2895 conspectum
1435 2808 1542 2896 loun,

443 2916 480 2979 iai
497 2917 536 2978 rie
555 2916 668 2981 umbro
687 2916 826 2999 intelligi
843 2913 952 2982 neila?
967 2915 1002 2981 ln
1017 2918 1113 2983 iatum
1134 2916 1208 2981 ideo
1228 2933 1398 2996 pugnans,
1420 2915 1493 2979 (licit
1509 2911 1544 2973 Α·

442 3018 645 3082 canantius:
670 3041 687 3079 a
708 3018 752 3084 At
772 3026 883 3084 noster
903 3018 999 3084 Jesns
1018 3020 1086 3083 suis
1106 3025 1298 3098 conspectus
1317 3016 1495 3084 montibus.
1516 3019 1546 3075 nt

442 3136 518 3183 cnm
534 3116 630 3183 Celso
649 3120 783 3200 loquar,
798 3137 912 3183 revera
935 3120 999 3183 illis
1011 3119 1172 3199 apparuit.
1198 3116 1289 3182 llere
1302 3120 1390 3181 enim
1412 3125 1460 3181 ent
1473 3113 1545 3181 Celsi

442 3220 618 3295 calumnia,
634 3221 785 3285 umbram
799 3221 970 3285 dumtaxat
991 3226 1193 3300 conspectam
1208 3237 1289 3283 esse.
1311 3217 1400 3299 »Hx
1417 3218 1476 3282 hac
1489 3215 1547 3279 col-

443 3320 564 3383 latione
593 3320 726 3383 demum
747 3321 838 3385 nobis
858 3322 1060 3396 constiterit,
1082 3320 1205 3397 nullius
1225 3336 1294 3383 esse
1316 3317 1463 3383 lactente
1487 3330 1545 3379 mo·

364 3484 369 3489 ,
442 3419 555 3492 menti,
575 3438 661 3501 gnae
684 3421 817 3501 Origeni
837 3421 958 3503 obiecit
976 3419 1207 3502 Hieronymus,
1225 3420 1345 3501 quippo
1365 3420 1435 3498 (uti
1452 3416 1549 3481 Edito-

442 3538 495 3584 res
510 3518 653 3585 llanrini
673 3523 826 3604 suspicati
845 3521 941 3598 snut)
964 3528 1116 3601 tanquam
1139 3517 1320 3600 rapsodiam
1339 3515 1546 3599 praetereatis

441 3639 595 3685 sensnum
626 3624 793 3688 hincinde
824 3642 887 3689 non
908 3624 1014 3688 solum
1036 3642 1054 3686 e
1074 3622 1202 3686 luobus
1223 3620 1313 3683 libris
1335 3620 1482 3699 genuinis
1510 3613 1546 3677 tie

440 3717 680 3785 Hsmrrectiooe
693 3722 936 3804 decerptornm,
950 3722 1005 3787 seri
1024 3729 1057 3787 et
1071 3740 1115 3785 ex
1128 3718 1369 3787 Commentario
1391 3718 1507 3783 Psalmi
1520 3716 1545 3781 l·

441 3831 475 3885 et
490 3820 534 3885 Dr
548 3822 741 3888 Periorclon
760 3822 882 3907 Opere,
904 3826 936 3887 in
957 3840 1095 3906 prorum
1115 3822 1328 3905 significatum
1350 3821 1499 3895 retortis,
1513 3835 1547 3879 ac

440 3924 515 3987 ioco
534 3924 576 3987 ab
597 3924 751 3989 Auctoris
771 3934 879 3990 mento
897 3926 1020 3991 alienis.

521 4024 792 4092 tteuoieentum
806 4037 856 4093 est
874 4028 914 4092 tle
934 4030 984 4105 iis,
1007 4047 1093 4111 qnae
1112 4027 1198 4110 apud
1219 4046 1245 4091 s.
1269 4026 1486 4109 Epiphaniam
1505 4024 1546 4087 ie·

438 4134 637 4209 gnninrcen
656 4148 699 4193 cs
711 4127 861 4211 Origenis
879 4129 971 4195 libris
986 4129 1188 4210 deprompta,
1210 4136 1244 4192 ct
1258 4128 1312 4192 nbi
1335 4127 1442 4207 ipsum
1462 4140 1547 4206 prae·

439 4230 583 4293 snmilnr
604 4232 710 4293 carnia
736 4232 899 4296 contraire
920 4230 1161 4297 resurrectioni.
1186 4227 1233 4292 lta
1254 4245 1396 4309 namque
1416 4224 1545 4293 Sanetus

437 4330 550 4393 scribit
570 4327 704 4395 Haeresi
723 4329 775 4401 ot.
796 4351 829 4394 n.
851 4329 903 4397 3³:
927 4354 944 4392 a
966 4330 1023 4396 Est
1043 4332 1125 4396 illusi
1138 4332 1292 4411 insuper,
1307 4345 1329 4392 o
1342 4326 1542 4408 Aglaophon,

438 4429 693 4495 consideratione
704 4432 850 4513 digunm3
872 4433 1092 4498 errareillum
1115 4430 1311 4513 (origenem)
1326 4430 1540 4496 vehementer,

436 4546 476 4595 ac
495 4530 566 4596 lalli
586 4532 702 4612 siquod
723 4534 764 4599 ne
784 4534 834 4598 his
853 4533 1011 4601 audacter
1031 4533 1249 4616 pronunciare
1269 4532 1388 4607 licent,
1411 4546 1486 4595 curn
1510 4524 1545 4587 iis
