3375 5567
1172 702 1231 773 157

150 824 405 904 munitamque
419 822 515 887 Patro
533 838 603 887 esso
623 816 790 910 ἀγένητον,
804 814 936 881 Putrem
950 814 1058 880 solum
1079 808 1233 902 ἀγένητον

146 942 198 987 use
215 926 290 1004 rull,
306 926 386 1007 qnia
407 925 498 989 solus
510 924 553 987 ab
572 923 638 987 alio
652 940 717 985 uon
737 920 835 983 babet
850 926 886 983 ιιι
902 920 960 998 sit3
976 934 1039 981 uon
1060 930 1138 978 vero
1153 910 1231 992 quir

143 1024 212 1088 solus
229 1027 363 1091 iniectus
383 1035 416 1090 et
437 1026 599 1089 increatus
618 1032 678 1087 ost.
702 1021 786 1088 Nam
799 1029 833 1085 et
851 1021 913 1085 boe
928 1020 1044 1084 ultimo
1065 1034 1162 1082 sensu
1176 1013 1229 1077 Fi·

145 1126 206 1191 lium
222 1126 378 1220 ἅγινητοιι
398 1130 480 1191 idest
500 1130 680 1195 increatum
701 1128 816 1193 usserit
836 1127 936 1191 Libro
957 1122 1013 1187 Vl.
1037 1141 1068 1184 n.
1090 1118 1139 1187 tt.
1155 1139 1231 1183 oon·

145 1234 181 1289 tra
197 1226 361 1293 Celsum.»
386 1230 465 1294 item
484 1238 517 1294 ot
538 1230 569 1292 in
582 1230 681 1294 Libro
700 1229 739 1293 ll.
763 1248 792 1291 e.
812 1227 853 1291 ΙΙ.
871 1247 902 1290 ιι.
919 1224 949 1293 1.
976 1223 1019 1289 De
1036 1220 1229 1303 Principiis,

144 1330 184 1391 obi
196 1332 389 1395 manifestius
399 1352 530 1397 sensum
540 1352 638 1397 suum
651 1320 757 1411 aperit
766 1330 923 1410 Origenes
935 1328 974 1391 de
990 1329 1052 1392 boo
1069 1323 1229 1390 vocabulo

141 1431 250 1495 scribit:
271 1455 290 1494 ιι
306 1434 377 1498 lloo
398 1436 431 1497 iu
452 1436 525 1499 loeo
546 1452 708 1516 quaerere
727 1434 833 1499 solent
853 1431 998 1511 quidam,
1016 1436 1128 1493 utrum
1147 1427 1232 1490 siout

141 1529 295 1611 inperitum
318 1532 438 1597 Filium
459 1545 591 1615 generat
612 1534 726 1611 Peter,
748 1542 781 1599 et
805 1532 962 1614 Spiritum
983 1531 1135 1597 Sanctum
1157 1546 1231 1609 pro·

140 1630 199 1708 lert,
212 1652 272 1697 uon
293 1636 389 1715 quasi
409 1637 466 1716 qni
487 1646 561 1699 ante
585 1654 649 1699 nou
669 1645 752 1708 erat,
767 1634 822 1697 sed
840 1636 917 1713 quio
933 1632 1025 1711 origo
1047 1640 1079 1695 et
1095 1630 1164 1693 lons
1180 1625 1232 1691 pp.

140 1732 166 1793 lii
184 1737 227 1797 rel
247 1734 389 1817 Spiritus
404 1735 511 1801 Sancti
537 1736 633 1801 Pater
656 1744 718 1813 est,
739 1744 772 1801 et
795 1737 873 1799 nibil
896 1736 926 1797 lu
942 1735 991 1797 blo
1012 1732 1156 1796 anterius
1182 1729 1234 1791 vel

139 1838 278 1912 posterius
293 1838 431 1918 intelligi
452 1846 569 1919 potest.
587 1836 671 1901 Hine
686 1838 791 1918 liquet
810 1856 828 1899 a
853 1855 929 1903 sera
950 1834 1099 1914 Origenlo
1125 1838 1232 1894 monta

138 1936 281 2001 eborense
306 1937 542 2021 Hieronymum
567 1958 642 2003 oum
665 1942 782 2002 vertit:
809 1938 891 2001 nihil
920 1936 1041 2016 absque
1066 1932 1162 1997 Patre
1184 1930 1229 1991 iu·

138 2033 238 2101 loetum
258 2058 342 2103 esse.
364 2039 486 2104 Melius
506 2049 595 2104 certe
617 2038 777 2104 Ruffiuus:
799 2040 880 2103 nibil
895 2039 1070 2118 ingenitum
1086 2036 1167 2099 idest
1186 2035 1232 2097 in-

137 2147 229 2203 natum
249 2151 384 2222 praeter
402 2143 510 2205 solum
532 2140 637 2205 Deum
661 2140 801 2204 Putrem.
824 2160 842 2197 ιι

199 2240 431 2324 Quapropter,
461 2250 499 2307 ut
523 2253 632 2322 pateat
659 2252 782 2323 quanto
807 2242 925 2324 jures
954 2238 1044 2303 nobis
1069 2241 1174 2321 inepto
1200 2248 1234 2301 et

137 2342 200 2405 talea
218 2346 366 2409 babentia
380 2345 422 2407 sit
444 2364 508 2407 vox
529 2345 629 2409 latina
642 2348 762 2424 suetum
782 2346 835 2408 tel
852 2342 1004 2422 insertum
1018 2343 1049 2405 in
1066 2340 1164 2422 buius
1185 2339 1233 2401 di-

138 2444 188 2505 sini
206 2445 352 2529 mysterii
380 2453 542 2519 tractatu,
565 2444 606 2506 ab
626 2444 772 2526 eiusdem
796 2444 946 2524 Origonis
972 2449 1097 2506 constat
1121 2442 1234 2505 eloou-

138 2546 214 2608 tione.
235 2545 268 2610 st
289 2546 378 2609 enim
402 2545 560 2609 vocabula
583 2563 646 2609 non
668 2554 792 2609 tantum
814 2545 863 2607 uti
893 2544 924 2606 iu
945 2562 979 2606 se
999 2550 1032 2607 et
1053 2561 1111 2624 per
1137 2560 1172 2605 so
1193 2541 1235 2605 si·

136 2645 278 2724 poilieant,
295 2647 557 2727 considerentur3
571 2665 684 2712 verum
699 2655 731 2711 et
746 2655 846 2728 prout
860 2646 902 2709 ab
922 2644 1112 2708 unctoribus
1126 2643 1235 2725 singil-

135 2748 208 2811 latim
227 2750 436 2830 accipiuntur
458 2767 496 2812 ae
517 2749 731 2825 definiuntur,
751 2748 921 2812 dicendum
937 2730 997 2821 est,
1020 2746 1185 2811 Rulllnum
1202 2740 1238 2807 lu‘

136 2848 163 2910 iio
180 2850 346 2913 vocabulis
362 2852 497 2931 graecis,
512 2848 661 2931 Origenis
676 2852 802 2931 penitus
822 2857 962 2914 mentem
985 2857 1181 2929 penetrasse,
1203 2864 1236 2909 a·

135 2948 182 3011 leo
200 2958 236 3013 ιιι
255 2952 381 3015 eisdem
402 2951 517 3015 latinas
539 2971 634 3015 voces
662 2950 842 3031 inponitum
863 2960 895 3015 et
913 2950 1053 3033 penitam
1074 2950 1175 3033 probe
1204 2955 1238 3013 et

134 3059 192 3129 apte
209 3053 428 3117 substituerit.
453 3050 494 3115 Et
515 3054 576 3117 boo
598 3054 749 3117 firmatur
776 3074 816 3117 ox
845 3052 1130 3129 similitudinibus,
1153 3068 1235 3133 quos

135 3149 243 3213 luctor
262 3172 327 3215 suo
349 3154 543 3232 interposuit
562 3164 767 3233 argumento.
793 3152 967 3234 Postquam
990 3155 1072 3215 enim
1096 3152 1234 3215 obtesta-

135 3260 175 3312 tus
195 3262 242 3317 est
264 3270 434 3317 summum
456 3255 629 3334 impietatis
655 3253 739 3331 iore,
764 3255 796 3316 in
825 3262 932 3334 partes
961 3254 1105 3315 dividere
1130 3250 1234 3315 Deum

135 3360 269 3435 tauquam
292 3372 436 3435 corpus,
466 3372 541 3419 eum
563 3358 754 3436 incorporea
775 3358 816 3419 sit
837 3366 953 3420 natura
976 3356 1101 3433 divina,
1123 3356 1231 3419 addit:

134 3452 260 3535 «lingis
275 3474 357 3535 ergo
378 3458 462 3519 sieut
480 3457 629 3520 voluntas
652 3456 797 3540 procedit
817 3476 836 3521 a
856 3467 973 3531 mente,
990 3467 1021 3520 et
1039 3476 1144 3537 nequo
1164 3476 1236 3538 par·

135 3562 184 3616 tem
203 3559 349 3637 aliquam
372 3559 486 3619 mentis
506 3566 607 3630 secat,
629 3577 734 3639 neque
756 3559 798 3621 ab
818 3576 856 3621 ea
877 3566 1061 3638 separatur,
1084 3567 1142 3621 aut
1157 3558 1237 3620 dlvi-

134 3652 226 3737 litur3
243 3660 302 3721 tali
318 3658 460 3737 quadam
473 3660 579 3738 speeie
591 3658 751 3737 putandus
763 3665 812 3721 est
827 3657 924 3735 Pater
940 3660 1085 3737 genuisse
1102 3655 1234 3734 Filium,

135 3756 291 3837 imaginem
312 3762 437 3823 scilicet
457 3778 568 3838 suam3
585 3768 632 3834 ιιι,
654 3762 738 3823 sicut
760 3760 826 3840 ipse
848 3760 1014 3822 invisibilis
1036 3767 1083 3822 est
1105 3778 1163 3839 per
1184 3776 1239 3821 nu·

137 3866 251 3939 turam,
274 3865 320 3923 ita
343 3861 513 3941 imaginem
533 3880 665 3942 quoque
697 3861 887 3923 invisibilem
910 3862 1067 3939 genuerit.
1092 3858 1236 3924 Verbum

134 3964 202 4024 enim
226 3974 277 4028 est
298 3962 427 4035 Filius,
452 3971 484 4027 et
504 3964 576 4027 ideo
601 3963 682 4025 nibil
706 3964 738 4025 iu
758 3980 798 4025 eo
818 3962 966 4026 sensibile
993 3962 1234 4041 intelligendum

135 4071 213 4123 ιιι.»

197 4164 410 4251 Quapropter
425 4172 483 4234 nisi
500 4170 733 4257 Hieronymum
751 4171 843 4241 velis,
864 4169 949 4233 bauti
967 4178 1056 4232 recto
1070 4186 1166 4231 seusu
1185 4186 1240 4228 vo·

136 4280 191 4327 nm
210 4265 367 4359 ἀγένητον
391 4273 489 4337 latine
510 4275 711 4353 exposuisse,
735 4281 772 4335 ut
792 4270 865 4334 iutlo
880 4270 1054 4351 Origenem
1073 4276 1235 4333 errantem

136 4366 313 4433 existimarit
322 4393 334 4451 3
359 4373 574 4437 diversimode
587 4374 815 4454 suspicandum
831 4384 892 4447 est,
916 4372 1066 4440 ialsalum
1082 4371 1239 4447 codicem,

137 4482 219 4541 qoem
241 4490 320 4551 prae
344 4474 490 4538 manibus
512 4475 623 4539 babuit
638 4496 663 4539 s.
682 4474 817 4551 Ductor,
840 4492 1045 4554 nequaquam
1069 4474 1239 4536 lectionem

139 4560 278 4656 ὴένητον
299 4585 330 4641 et
351 4569 492 4665 panton,
512 4580 567 4641 sed
581 4580 645 4641 alia
663 4577 820 4641 vocabula
835 4593 965 4658 praesa,
987 4575 1106 4656 quibus
1120 4575 1240 4639 lutiuuo
