<?xml version="1.0" encoding="UTF-8"?>
<!DOCTYPE html PUBLIC "-//W3C//DTD XHTML 1.0 Transitional//EN"
    "http://www.w3.org/TR/xhtml1/DTD/xhtml1-transitional.dtd">
<html xmlns="http://www.w3.org/1999/xhtml" xml:lang="en" lang="en">
 <head>
  <title>
</title>
<meta http-equiv="Content-Type" content="text/html;charset=utf-8" />
  <meta name='ocr-system' content='tesseract 3.04.00' />
  <meta name='ocr-capabilities' content='ocr_page ocr_carea ocr_par ocr_line ocrx_word'/>
</head>
<body>
  <div class='ocr_page' id='page_1' title='image "./insgregoriinyss02vincgoog/insgregoriinyss02vincgoog_0772.png"; bbox 0 0 3375 5567; ppageno 0'>
   <div class='ocr_carea' id='block_1_1' title="bbox 434 770 1538 1868">
    <p class='ocr_par' dir='ltr' id='par_1_1' title="bbox 434 770 1529 1059">
     <span class='ocr_line' id='line_1_1' title="bbox 434 770 1524 854; baseline -0.009 -11"><span class='ocrx_word' id='word_1_1' title='bbox 434 777 539 843; x_wconf 86' lang='lat' dir='ltr'><strong>lienes</strong></span> <span class='ocrx_word' id='word_1_2' title='bbox 560 784 667 843; x_wconf 84' lang='lat' dir='ltr'><strong>sutem</strong></span> <span class='ocrx_word' id='word_1_3' title='bbox 694 776 824 841; x_wconf 76' lang='lat' dir='ltr'><strong>sensiles</strong></span> <span class='ocrx_word' id='word_1_4' title='bbox 849 777 1002 842; x_wconf 92' lang='lat' dir='ltr'><strong>erudiunt</strong></span> <span class='ocrx_word' id='word_1_5' title='bbox 1025 790 1112 850; x_wconf 84' lang='lat' dir='ltr'><strong>eum,</strong></span> <span class='ocrx_word' id='word_1_6' title='bbox 1139 775 1195 854; x_wconf 80' lang='lat' dir='ltr'><strong>gni</strong></span> <span class='ocrx_word' id='word_1_7' title='bbox 1218 770 1357 854; x_wconf 87' lang='lat' dir='ltr'><strong>possidet</strong></span> <span class='ocrx_word' id='word_1_8' title='bbox 1377 787 1524 836; x_wconf 81' lang='lat' dir='ltr'><strong>summan</strong></span> 
     </span>
     <span class='ocr_line' id='line_1_2' title="bbox 436 874 1529 959; baseline -0.004 -16"><span class='ocrx_word' id='word_1_9' title='bbox 436 878 650 959; x_wconf 85' lang='lat' dir='ltr'><strong>prudentiam,</strong></span> <span class='ocrx_word' id='word_1_10' title='bbox 666 885 698 942; x_wconf 89' lang='lat' dir='ltr'><strong>et</strong></span> <span class='ocrx_word' id='word_1_11' title='bbox 712 895 815 958; x_wconf 83' lang='lat' dir='ltr'><strong>usqne</strong></span> <span class='ocrx_word' id='word_1_12' title='bbox 829 877 868 940; x_wconf 87' lang='lat' dir='ltr'><strong>sd</strong></span> <span class='ocrx_word' id='word_1_13' title='bbox 889 884 1015 942; x_wconf 86' lang='lat' dir='ltr'><strong>noctem</strong></span> <span class='ocrx_word' id='word_1_14' title='bbox 1037 874 1207 956; x_wconf 80' lang='lat' dir='ltr'><strong>prohibent</strong></span> <span class='ocrx_word' id='word_1_15' title='bbox 1227 894 1268 939; x_wconf 89' lang='lat' dir='ltr'><strong>ue</strong></span> <span class='ocrx_word' id='word_1_16' title='bbox 1287 874 1408 939; x_wconf 86' lang='lat' dir='ltr'><strong>semina</strong></span> <span class='ocrx_word' id='word_1_17' title='bbox 1422 893 1529 956; x_wconf 89' lang='lat' dir='ltr'><strong>eorpo-</strong></span> 
     </span>
     <span class='ocr_line' id='line_1_3' title="bbox 437 975 1046 1059; baseline -0.011 -17"><span class='ocrx_word' id='word_1_18' title='bbox 437 996 492 1042; x_wconf 87' lang='lat' dir='ltr'><strong>res</strong></span> <span class='ocrx_word' id='word_1_19' title='bbox 514 996 531 1041; x_wconf 90' lang='lat' dir='ltr'><strong>a</strong></span> <span class='ocrx_word' id='word_1_20' title='bbox 553 985 640 1042; x_wconf 83' lang='lat' dir='ltr'><strong>cesta</strong></span> <span class='ocrx_word' id='word_1_21' title='bbox 660 979 853 1059; x_wconf 68' lang='lat' dir='ltr'><strong>cogitatione</strong></span> <span class='ocrx_word' id='word_1_22' title='bbox 873 975 1046 1041; x_wconf 73' lang='lat' dir='ltr'><strong>effluant.»</strong></span> 
     </span>
    </p>

    <p class='ocr_par' dir='ltr' id='par_1_2' title="bbox 437 1078 1538 1868">
     <span class='ocr_line' id='line_1_4' title="bbox 514 1078 1531 1161; baseline -0.004 -16"><span class='ocrx_word' id='word_1_23' title='bbox 514 1078 618 1145; x_wconf 87' lang='lat' dir='ltr'><strong>Nemo</strong></span> <span class='ocrx_word' id='word_1_24' title='bbox 638 1088 729 1145; x_wconf 81' lang='lat' dir='ltr'><strong>entes</strong></span> <span class='ocrx_word' id='word_1_25' title='bbox 744 1083 877 1156; x_wconf 87' lang='lat' dir='ltr'><strong>nesciat,</strong></span> <span class='ocrx_word' id='word_1_26' title='bbox 891 1079 1065 1160; x_wconf 87' lang='lat' dir='ltr'><strong>Origenem</strong></span> <span class='ocrx_word' id='word_1_27' title='bbox 1085 1080 1118 1142; x_wconf 91' lang='lat' dir='ltr'><strong>ln</strong></span> <span class='ocrx_word' id='word_1_28' title='bbox 1133 1080 1192 1143; x_wconf 89' lang='lat' dir='ltr'><strong>bac</strong></span> <span class='ocrx_word' id='word_1_29' title='bbox 1207 1078 1403 1143; x_wconf 74' lang='lat' dir='ltr'><strong>discussione</strong></span> <span class='ocrx_word' id='word_1_30' title='bbox 1422 1080 1531 1161; x_wconf 79' lang='lat' dir='ltr'><strong>imprn</strong></span> 
     </span>
     <span class='ocr_line' id='line_1_5' title="bbox 438 1178 1531 1263; baseline -0.003 -18"><span class='ocrx_word' id='word_1_31' title='bbox 438 1183 519 1262; x_wconf 84' lang='lat' dir='ltr'><strong>prio,</strong></span> <span class='ocrx_word' id='word_1_32' title='bbox 540 1181 607 1244; x_wconf 85' lang='lat' dir='ltr'><strong>sire</strong></span> <span class='ocrx_word' id='word_1_33' title='bbox 628 1181 847 1263; x_wconf 85' lang='lat' dir='ltr'><strong>metaphorice</strong></span> <span class='ocrx_word' id='word_1_34' title='bbox 865 1179 970 1262; x_wconf 78' lang='lat' dir='ltr'><strong>loqul3</strong></span> <span class='ocrx_word' id='word_1_35' title='bbox 990 1182 1085 1245; x_wconf 92' lang='lat' dir='ltr'><strong>slcuti</strong></span> <span class='ocrx_word' id='word_1_36' title='bbox 1107 1190 1139 1243; x_wconf 88' lang='lat' dir='ltr'><strong>et</strong></span> <span class='ocrx_word' id='word_1_37' title='bbox 1161 1178 1327 1243; x_wconf 83' lang='lat' dir='ltr'><strong>Psalmists</strong></span> <span class='ocrx_word' id='word_1_38' title='bbox 1349 1180 1412 1243; x_wconf 90' lang='lat' dir='ltr'><strong>sub</strong></span> <span class='ocrx_word' id='word_1_39' title='bbox 1430 1178 1531 1242; x_wconf 85' lang='lat' dir='ltr'><strong>cadem</strong></span> 
     </span>
     <span class='ocr_line' id='line_1_6' title="bbox 437 1279 1532 1365; baseline -0.006 -18"><span class='ocrx_word' id='word_1_40' title='bbox 437 1281 624 1362; x_wconf 86' lang='lat' dir='ltr'><strong>metaphora</strong></span> <span class='ocrx_word' id='word_1_41' title='bbox 639 1283 704 1363; x_wconf 90' lang='lat' dir='ltr'><strong>agit</strong></span> <span class='ocrx_word' id='word_1_42' title='bbox 724 1283 763 1345; x_wconf 89' lang='lat' dir='ltr'><strong>de</strong></span> <span class='ocrx_word' id='word_1_43' title='bbox 783 1282 833 1358; x_wconf 91' lang='lat' dir='ltr'><strong>iis,</strong></span> <span class='ocrx_word' id='word_1_44' title='bbox 849 1283 906 1363; x_wconf 86' lang='lat' dir='ltr'><strong>qni</strong></span> <span class='ocrx_word' id='word_1_45' title='bbox 926 1284 1065 1365; x_wconf 86' lang='lat' dir='ltr'><strong>primum</strong></span> <span class='ocrx_word' id='word_1_46' title='bbox 1087 1282 1206 1362; x_wconf 88' lang='lat' dir='ltr'><strong>gratiss</strong></span> <span class='ocrx_word' id='word_1_47' title='bbox 1219 1279 1289 1345; x_wconf 85' lang='lat' dir='ltr'><strong>Deo</strong></span> <span class='ocrx_word' id='word_1_48' title='bbox 1304 1279 1483 1361; x_wconf 83' lang='lat' dir='ltr'><strong>rependunt</strong></span> <span class='ocrx_word' id='word_1_49' title='bbox 1495 1280 1532 1342; x_wconf 92' lang='lat' dir='ltr'><strong>nb</strong></span> 
     </span>
     <span class='ocr_line' id='line_1_7' title="bbox 439 1380 1535 1463; baseline -0.003 -18"><span class='ocrx_word' id='word_1_50' title='bbox 439 1383 548 1460; x_wconf 86' lang='lat' dir='ltr'><strong>illam,</strong></span> <span class='ocrx_word' id='word_1_51' title='bbox 570 1400 667 1463; x_wconf 83' lang='lat' dir='ltr'><strong>quam</strong></span> <span class='ocrx_word' id='word_1_52' title='bbox 696 1380 782 1447; x_wconf 84' lang='lat' dir='ltr'><strong>Deus</strong></span> <span class='ocrx_word' id='word_1_53' title='bbox 805 1383 992 1463; x_wconf 87' lang='lat' dir='ltr'><strong>impertitur</strong></span> <span class='ocrx_word' id='word_1_54' title='bbox 1015 1383 1196 1446; x_wconf 88' lang='lat' dir='ltr'><strong>bominibus</strong></span> <span class='ocrx_word' id='word_1_55' title='bbox 1219 1382 1482 1463; x_wconf 84' lang='lat' dir='ltr'><strong>intelligentiam,</strong></span> <span class='ocrx_word' id='word_1_56' title='bbox 1502 1387 1535 1442; x_wconf 87' lang='lat' dir='ltr'><strong>ut</strong></span> 
     </span>
     <span class='ocr_line' id='line_1_8' title="bbox 440 1480 1533 1565; baseline -0.006 -16"><span class='ocrx_word' id='word_1_57' title='bbox 440 1486 577 1565; x_wconf 87' lang='lat' dir='ltr'><strong>capiant,</strong></span> <span class='ocrx_word' id='word_1_58' title='bbox 599 1501 684 1565; x_wconf 83' lang='lat' dir='ltr'><strong>quac</strong></span> <span class='ocrx_word' id='word_1_59' title='bbox 704 1483 830 1548; x_wconf 84' lang='lat' dir='ltr'><strong>Domini</strong></span> <span class='ocrx_word' id='word_1_60' title='bbox 850 1494 937 1557; x_wconf 90' lang='lat' dir='ltr'><strong>saut,</strong></span> <span class='ocrx_word' id='word_1_61' title='bbox 959 1502 1104 1565; x_wconf 86' lang='lat' dir='ltr'><strong>suaeque</strong></span> <span class='ocrx_word' id='word_1_62' title='bbox 1123 1485 1347 1565; x_wconf 82' lang='lat' dir='ltr'><strong>obsequantur</strong></span> <span class='ocrx_word' id='word_1_63' title='bbox 1369 1480 1533 1556; x_wconf 76' lang='lat' dir='ltr'><strong>voluntati,</strong></span> 
     </span>
     <span class='ocr_line' id='line_1_9' title="bbox 442 1582 1534 1667; baseline -0.004 -19"><span class='ocrx_word' id='word_1_64' title='bbox 442 1603 480 1649; x_wconf 90' lang='lat' dir='ltr'><strong>ao</strong></span> <span class='ocrx_word' id='word_1_65' title='bbox 499 1586 630 1667; x_wconf 88' lang='lat' dir='ltr'><strong>insuper</strong></span> <span class='ocrx_word' id='word_1_66' title='bbox 643 1585 914 1666; x_wconf 79' lang='lat' dir='ltr'><strong>comprehensioni</strong></span> <span class='ocrx_word' id='word_1_67' title='bbox 928 1584 1044 1661; x_wconf 79' lang='lat' dir='ltr'><strong>Deum,</strong></span> <span class='ocrx_word' id='word_1_68' title='bbox 1059 1586 1133 1667; x_wconf 91' lang='lat' dir='ltr'><strong>ipsis</strong></span> <span class='ocrx_word' id='word_1_69' title='bbox 1148 1586 1310 1649; x_wconf 81' lang='lat' dir='ltr'><strong>auxilium</strong></span> <span class='ocrx_word' id='word_1_70' title='bbox 1330 1584 1485 1664; x_wconf 88' lang='lat' dir='ltr'><strong>praebere</strong></span> <span class='ocrx_word' id='word_1_71' title='bbox 1500 1582 1534 1646; x_wconf 90' lang='lat' dir='ltr'><strong>ad</strong></span> 
     </span>
     <span class='ocr_line' id='line_1_10' title="bbox 441 1684 1538 1766; baseline -0.003 -17"><span class='ocrx_word' id='word_1_72' title='bbox 441 1687 709 1766; x_wconf 84' lang='lat' dir='ltr'><strong>perseverandum</strong></span> <span class='ocrx_word' id='word_1_73' title='bbox 731 1690 762 1749; x_wconf 93' lang='lat' dir='ltr'><strong>iu</strong></span> <span class='ocrx_word' id='word_1_74' title='bbox 791 1686 990 1766; x_wconf 81' lang='lat' dir='ltr'><strong>beneplacito</strong></span> <span class='ocrx_word' id='word_1_75' title='bbox 1012 1704 1085 1761; x_wconf 89' lang='lat' dir='ltr'><strong>suo,</strong></span> <span class='ocrx_word' id='word_1_76' title='bbox 1103 1694 1140 1749; x_wconf 92' lang='lat' dir='ltr'><strong>ut</strong></span> <span class='ocrx_word' id='word_1_77' title='bbox 1160 1686 1240 1749; x_wconf 91' lang='lat' dir='ltr'><strong>bene</strong></span> <span class='ocrx_word' id='word_1_78' title='bbox 1259 1689 1410 1759; x_wconf 85' lang='lat' dir='ltr'><strong>sentiant,</strong></span> <span class='ocrx_word' id='word_1_79' title='bbox 1432 1684 1538 1765; x_wconf 76' lang='lat' dir='ltr'><strong>probe</strong></span> 
     </span>
     <span class='ocr_line' id='line_1_11' title="bbox 442 1786 1538 1868; baseline -0.002 -19"><span class='ocrx_word' id='word_1_80' title='bbox 442 1803 506 1865; x_wconf 82' lang='lat' dir='ltr'><strong>qna</strong></span> <span class='ocrx_word' id='word_1_81' title='bbox 526 1795 711 1868; x_wconf 88' lang='lat' dir='ltr'><strong>operantur.</strong></span> <span class='ocrx_word' id='word_1_82' title='bbox 735 1786 820 1851; x_wconf 88' lang='lat' dir='ltr'><strong>ldest</strong></span> <span class='ocrx_word' id='word_1_83' title='bbox 841 1790 976 1867; x_wconf 86' lang='lat' dir='ltr'><strong>gratiam</strong></span> <span class='ocrx_word' id='word_1_84' title='bbox 1000 1788 1257 1867; x_wconf 82' lang='lat' dir='ltr'><strong>praevenientem</strong></span> <span class='ocrx_word' id='word_1_85' title='bbox 1278 1795 1313 1851; x_wconf 88' lang='lat' dir='ltr'><strong>et</strong></span> <span class='ocrx_word' id='word_1_86' title='bbox 1334 1786 1538 1851; x_wconf 86' lang='lat' dir='ltr'><strong>concomitan-</strong></span> 
     </span>
    </p>
   </div>
   <div class='ocr_carea' id='block_1_2' title="bbox 440 1887 1540 2579">
    <p class='ocr_par' dir='ltr' id='par_1_3' title="bbox 442 1887 1539 2071">
     <span class='ocr_line' id='line_1_12' title="bbox 445 1887 1539 1969; baseline 0 -20"><span class='ocrx_word' id='word_1_87' title='bbox 445 1894 508 1950; x_wconf 91' lang='lat' dir='ltr'><strong>tem</strong></span> <span class='ocrx_word' id='word_1_88' title='bbox 528 1888 686 1968; x_wconf 89' lang='lat' dir='ltr'><strong>elargitur</strong></span> <span class='ocrx_word' id='word_1_89' title='bbox 706 1887 792 1952; x_wconf 84' lang='lat' dir='ltr'><strong>Deus</strong></span> <span class='ocrx_word' id='word_1_90' title='bbox 815 1889 996 1952; x_wconf 88' lang='lat' dir='ltr'><strong>bominibus</strong></span> <span class='ocrx_word' id='word_1_91' title='bbox 1015 1889 1055 1950; x_wconf 85' lang='lat' dir='ltr'><strong>ad</strong></span> <span class='ocrx_word' id='word_1_92' title='bbox 1067 1905 1128 1961; x_wconf 84' lang='lat' dir='ltr'><strong>ea,</strong></span> <span class='ocrx_word' id='word_1_93' title='bbox 1151 1906 1236 1969; x_wconf 79' lang='lat' dir='ltr'><strong>quae</strong></span> <span class='ocrx_word' id='word_1_94' title='bbox 1257 1898 1348 1953; x_wconf 85' lang='lat' dir='ltr'><strong>recta</strong></span> <span class='ocrx_word' id='word_1_95' title='bbox 1369 1895 1456 1965; x_wconf 91' lang='lat' dir='ltr'><strong>sunt,</strong></span> <span class='ocrx_word' id='word_1_96' title='bbox 1471 1888 1539 1950; x_wconf 86' lang='lat' dir='ltr'><strong>ioci·</strong></span> 
     </span>
     <span class='ocr_line' id='line_1_13' title="bbox 442 1988 1051 2071; baseline -0.003 -16"><span class='ocrx_word' id='word_1_97' title='bbox 442 1990 568 2071; x_wconf 90' lang='lat' dir='ltr'><strong>pieuds,</strong></span> <span class='ocrx_word' id='word_1_98' title='bbox 591 1990 769 2057; x_wconf 86' lang='lat' dir='ltr'><strong>exercenda</strong></span> <span class='ocrx_word' id='word_1_99' title='bbox 791 1999 822 2054; x_wconf 86' lang='lat' dir='ltr'><strong>et</strong></span> <span class='ocrx_word' id='word_1_100' title='bbox 845 1988 1051 2070; x_wconf 83' lang='lat' dir='ltr'><strong>perficienda.</strong></span> 
     </span>
    </p>

    <p class='ocr_par' dir='ltr' id='par_1_4' title="bbox 440 2089 1540 2579">
     <span class='ocr_line' id='line_1_14' title="bbox 440 2089 1538 2173; baseline -0.007 -16"><span class='ocrx_word' id='word_1_101' title='bbox 440 2094 445 2105; x_wconf 84' lang='lat'>&#39;</span> <span class='ocrx_word' id='word_1_102' title='bbox 497 2089 706 2171; x_wconf 84' lang='lat' dir='ltr'><strong>-Qusproter</strong></span> <span class='ocrx_word' id='word_1_103' title='bbox 725 2110 766 2154; x_wconf 87' lang='lat' dir='ltr'><strong>ex</strong></span> <span class='ocrx_word' id='word_1_104' title='bbox 786 2092 898 2154; x_wconf 87' lang='lat' dir='ltr'><strong>eodem</strong></span> <span class='ocrx_word' id='word_1_105' title='bbox 927 2090 1149 2173; x_wconf 85' lang='lat' dir='ltr'><strong>metapborico</strong></span> <span class='ocrx_word' id='word_1_106' title='bbox 1170 2110 1288 2167; x_wconf 86' lang='lat' dir='ltr'><strong>sensu,</strong></span> <span class='ocrx_word' id='word_1_107' title='bbox 1321 2101 1362 2155; x_wconf 93' lang='lat' dir='ltr'><strong>ut</strong></span> <span class='ocrx_word' id='word_1_108' title='bbox 1382 2089 1538 2153; x_wconf 84' lang='lat' dir='ltr'><strong>Psalmists</strong></span> 
     </span>
     <span class='ocr_line' id='line_1_15' title="bbox 441 2190 1537 2275; baseline -0.006 -18"><span class='ocrx_word' id='word_1_109' title='bbox 441 2194 546 2271; x_wconf 90' lang='lat' dir='ltr'><strong>docet,</strong></span> <span class='ocrx_word' id='word_1_110' title='bbox 568 2192 839 2273; x_wconf 87' lang='lat' dir='ltr'><strong>comprehendens</strong></span> <span class='ocrx_word' id='word_1_111' title='bbox 861 2193 1058 2256; x_wconf 80' lang='lat' dir='ltr'><strong>vocabulum</strong></span> <span class='ocrx_word' id='word_1_112' title='bbox 1078 2212 1180 2268; x_wconf 85' lang='lat' dir='ltr'><strong>renes,</strong></span> <span class='ocrx_word' id='word_1_113' title='bbox 1201 2195 1304 2275; x_wconf 89' lang='lat' dir='ltr'><strong>inquit</strong></span> <span class='ocrx_word' id='word_1_114' title='bbox 1325 2192 1491 2274; x_wconf 77' lang='lat' dir='ltr'><strong>Origenes,</strong></span> <span class='ocrx_word' id='word_1_115' title='bbox 1510 2190 1537 2251; x_wconf 92' lang='lat' dir='ltr'><strong>in</strong></span> 
     </span>
     <span class='ocr_line' id='line_1_16' title="bbox 442 2294 1537 2378; baseline -0.004 -19"><span class='ocrx_word' id='word_1_116' title='bbox 442 2297 545 2359; x_wconf 84' lang='lat' dir='ltr'><strong>anima</strong></span> <span class='ocrx_word' id='word_1_117' title='bbox 566 2296 706 2359; x_wconf 88' lang='lat' dir='ltr'><strong>bumana</strong></span> <span class='ocrx_word' id='word_1_118' title='bbox 721 2294 803 2370; x_wconf 86' lang='lat' dir='ltr'><strong>lieri,</strong></span> <span class='ocrx_word' id='word_1_119' title='bbox 828 2310 932 2375; x_wconf 85' lang='lat' dir='ltr'><strong>eaque</strong></span> <span class='ocrx_word' id='word_1_120' title='bbox 946 2298 1082 2377; x_wconf 87' lang='lat' dir='ltr'><strong>concipi,</strong></span> <span class='ocrx_word' id='word_1_121' title='bbox 1106 2315 1191 2378; x_wconf 86' lang='lat' dir='ltr'><strong>quae</strong></span> <span class='ocrx_word' id='word_1_122' title='bbox 1206 2297 1340 2377; x_wconf 88' lang='lat' dir='ltr'><strong>propria</strong></span> <span class='ocrx_word' id='word_1_123' title='bbox 1364 2297 1395 2357; x_wconf 92' lang='lat' dir='ltr'><strong>in</strong></span> <span class='ocrx_word' id='word_1_124' title='bbox 1411 2310 1537 2373; x_wconf 89' lang='lat' dir='ltr'><strong>corpore</strong></span> 
     </span>
     <span class='ocr_line' id='line_1_17' title="bbox 443 2392 1539 2477; baseline -0.003 -19"><span class='ocrx_word' id='word_1_125' title='bbox 443 2395 525 2461; x_wconf 87' lang='lat' dir='ltr'><strong>liunt</strong></span> <span class='ocrx_word' id='word_1_126' title='bbox 538 2399 623 2460; x_wconf 86' lang='lat' dir='ltr'><strong>circa</strong></span> <span class='ocrx_word' id='word_1_127' title='bbox 644 2398 762 2460; x_wconf 88' lang='lat' dir='ltr'><strong>semina</strong></span> <span class='ocrx_word' id='word_1_128' title='bbox 776 2415 814 2460; x_wconf 88' lang='lat' dir='ltr'><strong>aa</strong></span> <span class='ocrx_word' id='word_1_129' title='bbox 834 2396 1003 2460; x_wconf 86' lang='lat' dir='ltr'><strong>seminales</strong></span> <span class='ocrx_word' id='word_1_130' title='bbox 1025 2398 1111 2460; x_wconf 86' lang='lat' dir='ltr'><strong>siras</strong></span> <span class='ocrx_word' id='word_1_131' title='bbox 1123 2398 1322 2477; x_wconf 89' lang='lat' dir='ltr'><strong>generationi</strong></span> <span class='ocrx_word' id='word_1_132' title='bbox 1346 2406 1447 2477; x_wconf 86' lang='lat' dir='ltr'><strong>aptas.</strong></span> <span class='ocrx_word' id='word_1_133' title='bbox 1471 2392 1539 2456; x_wconf 79' lang='lat' dir='ltr'><strong>Pro</strong></span> 
     </span>
     <span class='ocr_line' id='line_1_18' title="bbox 444 2494 1540 2579; baseline -0.005 -19"><span class='ocrx_word' id='word_1_134' title='bbox 444 2498 582 2579; x_wconf 81' lang='lat' dir='ltr'><strong>indeque</strong></span> <span class='ocrx_word' id='word_1_135' title='bbox 603 2514 736 2579; x_wconf 86' lang='lat' dir='ltr'><strong>pergens</strong></span> <span class='ocrx_word' id='word_1_136' title='bbox 755 2498 816 2561; x_wconf 90' lang='lat' dir='ltr'><strong>sub</strong></span> <span class='ocrx_word' id='word_1_137' title='bbox 845 2498 958 2561; x_wconf 84' lang='lat' dir='ltr'><strong>eodem</strong></span> <span class='ocrx_word' id='word_1_138' title='bbox 982 2498 1141 2562; x_wconf 84' lang='lat' dir='ltr'><strong>vocabulo</strong></span> <span class='ocrx_word' id='word_1_139' title='bbox 1159 2517 1248 2562; x_wconf 83' lang='lat' dir='ltr'><strong>renes</strong></span> <span class='ocrx_word' id='word_1_140' title='bbox 1276 2500 1417 2579; x_wconf 88' lang='lat' dir='ltr'><strong>tropice,</strong></span> <span class='ocrx_word' id='word_1_141' title='bbox 1439 2494 1540 2576; x_wconf 75' lang='lat' dir='ltr'><strong>inimi·</strong></span> 
     </span>
    </p>
   </div>
   <div class='ocr_carea' id='block_1_3' title="bbox 444 2597 1542 4598">
    <p class='ocr_par' dir='ltr' id='par_1_5' title="bbox 444 2597 1542 4598">
     <span class='ocr_line' id='line_1_19' title="bbox 446 2597 1540 2679; baseline -0.005 -18"><span class='ocrx_word' id='word_1_142' title='bbox 446 2613 519 2661; x_wconf 89' lang='lat' dir='ltr'><strong>rum</strong></span> <span class='ocrx_word' id='word_1_143' title='bbox 532 2598 609 2678; x_wconf 88' lang='lat' dir='ltr'><strong>spiri</strong></span> <span class='ocrx_word' id='word_1_144' title='bbox 615 2597 722 2661; x_wconf 87' lang='lat' dir='ltr'><strong>taliter</strong></span> <span class='ocrx_word' id='word_1_145' title='bbox 735 2616 794 2661; x_wconf 89' lang='lat' dir='ltr'><strong>neo</strong></span> <span class='ocrx_word' id='word_1_146' title='bbox 813 2598 988 2661; x_wconf 87' lang='lat' dir='ltr'><strong>carnaliter</strong></span> <span class='ocrx_word' id='word_1_147' title='bbox 1002 2598 1186 2678; x_wconf 76' lang='lat' dir='ltr'><strong>designato)</strong></span> <span class='ocrx_word' id='word_1_148' title='bbox 1200 2609 1233 2661; x_wconf 91' lang='lat' dir='ltr'><strong>et</strong></span> <span class='ocrx_word' id='word_1_149' title='bbox 1245 2616 1452 2679; x_wconf 87' lang='lat' dir='ltr'><strong>comparans,</strong></span> <span class='ocrx_word' id='word_1_150' title='bbox 1467 2612 1540 2676; x_wconf 80' lang='lat' dir='ltr'><strong>guse</strong></span> 
     </span>
     <span class='ocr_line' id='line_1_20' title="bbox 446 2697 1541 2779; baseline -0.006 -17"><span class='ocrx_word' id='word_1_151' title='bbox 446 2698 568 2763; x_wconf 86' lang='lat' dir='ltr'><strong>carnali</strong></span> <span class='ocrx_word' id='word_1_152' title='bbox 583 2697 733 2762; x_wconf 87' lang='lat' dir='ltr'><strong>accidunt</strong></span> <span class='ocrx_word' id='word_1_153' title='bbox 754 2700 965 2778; x_wconf 86' lang='lat' dir='ltr'><strong>generationi,</strong></span> <span class='ocrx_word' id='word_1_154' title='bbox 981 2700 1031 2776; x_wconf 88' lang='lat' dir='ltr'><strong>iis,</strong></span> <span class='ocrx_word' id='word_1_155' title='bbox 1054 2717 1145 2779; x_wconf 89' lang='lat' dir='ltr'><strong>quaa·</strong></span> <span class='ocrx_word' id='word_1_156' title='bbox 1161 2718 1205 2763; x_wconf 84' lang='lat' dir='ltr'><strong>ex</strong></span> <span class='ocrx_word' id='word_1_157' title='bbox 1229 2701 1343 2763; x_wconf 88' lang='lat' dir='ltr'><strong>intimo</strong></span> <span class='ocrx_word' id='word_1_158' title='bbox 1363 2714 1459 2761; x_wconf 84' lang='lat' dir='ltr'><strong>sensu</strong></span> <span class='ocrx_word' id='word_1_159' title='bbox 1478 2713 1541 2758; x_wconf 89' lang='lat' dir='ltr'><strong>ere·</strong></span> 
     </span>
     <span class='ocr_line' id='line_1_21' title="bbox 444 2796 1538 2880; baseline -0.005 -18"><span class='ocrx_word' id='word_1_160' title='bbox 444 2800 548 2875; x_wconf 87' lang='lat' dir='ltr'><strong>niani,</strong></span> <span class='ocrx_word' id='word_1_161' title='bbox 563 2817 637 2863; x_wconf 92' lang='lat' dir='ltr'><strong>oum</strong></span> <span class='ocrx_word' id='word_1_162' title='bbox 652 2799 713 2863; x_wconf 89' lang='lat' dir='ltr'><strong>boe</strong></span> <span class='ocrx_word' id='word_1_163' title='bbox 726 2801 766 2863; x_wconf 89' lang='lat' dir='ltr'><strong>sit</strong></span> <span class='ocrx_word' id='word_1_164' title='bbox 780 2799 868 2880; x_wconf 86' lang='lat' dir='ltr'><strong>qaod</strong></span> <span class='ocrx_word' id='word_1_165' title='bbox 890 2816 1003 2879; x_wconf 85' lang='lat' dir='ltr'><strong>reapse</strong></span> <span class='ocrx_word' id='word_1_166' title='bbox 1018 2800 1049 2861; x_wconf 92' lang='lat' dir='ltr'><strong>in</strong></span> <span class='ocrx_word' id='word_1_167' title='bbox 1064 2801 1125 2863; x_wconf 89' lang='lat' dir='ltr'><strong>boc</strong></span> <span class='ocrx_word' id='word_1_168' title='bbox 1138 2817 1286 2863; x_wconf 89' lang='lat' dir='ltr'><strong>sermone</strong></span> <span class='ocrx_word' id='word_1_169' title='bbox 1301 2796 1538 2868; x_wconf 77' lang='lat' dir='ltr'><strong>animadvertit,</strong></span> 
     </span>
     <span class='ocr_line' id='line_1_22' title="bbox 445 2899 1542 2983; baseline -0.009 -17"><span class='ocrx_word' id='word_1_170' title='bbox 445 2899 627 2966; x_wconf 79' lang='lat' dir='ltr'><strong>concludit:</strong></span> <span class='ocrx_word' id='word_1_171' title='bbox 643 2918 729 2963; x_wconf 83' lang='lat' dir='ltr'><strong>rsnes</strong></span> <span class='ocrx_word' id='word_1_172' title='bbox 743 2908 845 2964; x_wconf 80' lang='lat' dir='ltr'><strong>caten</strong></span> <span class='ocrx_word' id='word_1_173' title='bbox 857 2900 997 2977; x_wconf 74' lang='lat' dir='ltr'><strong>sensiles,</strong></span> <span class='ocrx_word' id='word_1_174' title='bbox 1016 2919 1079 2964; x_wconf 92' lang='lat' dir='ltr'><strong>non</strong></span> <span class='ocrx_word' id='word_1_175' title='bbox 1094 2902 1224 2983; x_wconf 91' lang='lat' dir='ltr'><strong>proprie</strong></span> <span class='ocrx_word' id='word_1_176' title='bbox 1242 2900 1389 2976; x_wconf 90' lang='lat' dir='ltr'><strong>sensiles,</strong></span> <span class='ocrx_word' id='word_1_177' title='bbox 1404 2900 1472 2962; x_wconf 85' lang='lat' dir='ltr'><strong>sire</strong></span> <span class='ocrx_word' id='word_1_178' title='bbox 1483 2914 1542 2959; x_wconf 82' lang='lat' dir='ltr'><strong>sen</strong></span> 
     </span>
     <span class='ocr_line' id='line_1_23' title="bbox 446 2999 1539 3082; baseline -0.01 -16"><span class='ocrx_word' id='word_1_179' title='bbox 446 3002 566 3078; x_wconf 83' lang='lat' dir='ltr'><strong>sosias,</strong></span> <span class='ocrx_word' id='word_1_180' title='bbox 582 3010 640 3065; x_wconf 90' lang='lat' dir='ltr'><strong>aut</strong></span> <span class='ocrx_word' id='word_1_181' title='bbox 662 3003 810 3082; x_wconf 87' lang='lat' dir='ltr'><strong>corporei</strong></span> <span class='ocrx_word' id='word_1_182' title='bbox 832 3020 947 3066; x_wconf 88' lang='lat' dir='ltr'><strong>eorum</strong></span> <span class='ocrx_word' id='word_1_183' title='bbox 962 3020 1076 3066; x_wconf 87' lang='lat' dir='ltr'><strong>renum</strong></span> <span class='ocrx_word' id='word_1_184' title='bbox 1096 3002 1383 3078; x_wconf 62' lang='lat' dir='ltr'><strong>metonomicos</strong></span> <span class='ocrx_word' id='word_1_185' title='bbox 1400 2999 1539 3062; x_wconf 80' lang='lat' dir='ltr'><strong>beminen</strong></span> 
     </span>
     <span class='ocr_line' id='line_1_24' title="bbox 449 3098 1540 3183; baseline -0.003 -18"><span class='ocrx_word' id='word_1_186' title='bbox 449 3102 489 3165; x_wconf 93' lang='lat' dir='ltr'><strong>ad</strong></span> <span class='ocrx_word' id='word_1_187' title='bbox 510 3103 701 3183; x_wconf 74' lang='lat' dir='ltr'><strong>probitatem</strong></span> <span class='ocrx_word' id='word_1_188' title='bbox 723 3104 835 3167; x_wconf 88' lang='lat' dir='ltr'><strong>mentis</strong></span> <span class='ocrx_word' id='word_1_189' title='bbox 856 3111 888 3167; x_wconf 89' lang='lat' dir='ltr'><strong>et</strong></span> <span class='ocrx_word' id='word_1_190' title='bbox 907 3105 1041 3167; x_wconf 89' lang='lat' dir='ltr'><strong>actionis</strong></span> <span class='ocrx_word' id='word_1_191' title='bbox 1071 3104 1153 3183; x_wconf 73' lang='lat' dir='ltr'><strong>(boc</strong></span> <span class='ocrx_word' id='word_1_192' title='bbox 1174 3106 1257 3167; x_wconf 90' lang='lat' dir='ltr'><strong>enim</strong></span> <span class='ocrx_word' id='word_1_193' title='bbox 1284 3114 1337 3167; x_wconf 85' lang='lat' dir='ltr'><strong>est</strong></span> <span class='ocrx_word' id='word_1_194' title='bbox 1356 3098 1540 3173; x_wconf 80' lang='lat' dir='ltr'><strong>absurdum)</strong></span> 
     </span>
     <span class='ocr_line' id='line_1_25' title="bbox 447 3202 1541 3284; baseline -0.006 -17"><span class='ocrx_word' id='word_1_195' title='bbox 447 3204 501 3267; x_wconf 91' lang='lat' dir='ltr'><strong>sed</strong></span> <span class='ocrx_word' id='word_1_196' title='bbox 524 3222 616 3269; x_wconf 88' lang='lat' dir='ltr'><strong>renes</strong></span> <span class='ocrx_word' id='word_1_197' title='bbox 636 3202 867 3284; x_wconf 77' lang='lat' dir='ltr'><strong>intelligibiles,</strong></span> <span class='ocrx_word' id='word_1_198' title='bbox 884 3205 1058 3269; x_wconf 86' lang='lat' dir='ltr'><strong>rationales</strong></span> <span class='ocrx_word' id='word_1_199' title='bbox 1074 3203 1220 3269; x_wconf 81' lang='lat' dir='ltr'><strong>imbuunt</strong></span> <span class='ocrx_word' id='word_1_200' title='bbox 1232 3206 1402 3279; x_wconf 84' lang='lat' dir='ltr'><strong>bominem,</strong></span> <span class='ocrx_word' id='word_1_201' title='bbox 1415 3216 1541 3279; x_wconf 83' lang='lat' dir='ltr'><strong>eumque</strong></span> 
     </span>
     <span class='ocr_line' id='line_1_26' title="bbox 448 3305 1538 3386; baseline -0.008 -18"><span class='ocrx_word' id='word_1_202' title='bbox 448 3305 572 3370; x_wconf 88' lang='lat' dir='ltr'><strong>ducunt</strong></span> <span class='ocrx_word' id='word_1_203' title='bbox 591 3305 630 3367; x_wconf 91' lang='lat' dir='ltr'><strong>ad</strong></span> <span class='ocrx_word' id='word_1_204' title='bbox 646 3306 958 3386; x_wconf 86' lang='lat' dir='ltr'><strong>contemplationem,</strong></span> <span class='ocrx_word' id='word_1_205' title='bbox 974 3314 1011 3369; x_wconf 93' lang='lat' dir='ltr'><strong>ut</strong></span> <span class='ocrx_word' id='word_1_206' title='bbox 1026 3306 1098 3369; x_wconf 90' lang='lat' dir='ltr'><strong>bino</strong></span> <span class='ocrx_word' id='word_1_207' title='bbox 1120 3307 1224 3370; x_wconf 83' lang='lat' dir='ltr'><strong>rideat</strong></span> <span class='ocrx_word' id='word_1_208' title='bbox 1239 3309 1406 3369; x_wconf 87' lang='lat' dir='ltr'><strong>actionum</strong></span> <span class='ocrx_word' id='word_1_209' title='bbox 1420 3317 1538 3366; x_wconf 83' lang='lat' dir='ltr'><strong>suarum</strong></span> 
     </span>
     <span class='ocr_line' id='line_1_27' title="bbox 451 3398 1538 3489; baseline -0.009 -20"><span class='ocrx_word' id='word_1_210' title='bbox 451 3406 666 3489; x_wconf 79' lang='lat' dir='ltr'><strong>probitatem,</strong></span> <span class='ocrx_word' id='word_1_211' title='bbox 687 3425 786 3487; x_wconf 87' lang='lat' dir='ltr'><strong>saque</strong></span> <span class='ocrx_word' id='word_1_212' title='bbox 805 3406 880 3471; x_wconf 92' lang='lat' dir='ltr'><strong>ideo</strong></span> <span class='ocrx_word' id='word_1_213' title='bbox 910 3409 1117 3487; x_wconf 85' lang='lat' dir='ltr'><strong>temperantia</strong></span> <span class='ocrx_word' id='word_1_214' title='bbox 1149 3418 1208 3471; x_wconf 90' lang='lat' dir='ltr'><strong>sut</strong></span> <span class='ocrx_word' id='word_1_215' title='bbox 1227 3398 1398 3488; x_wconf 86' lang='lat' dir='ltr'><strong>prudentia</strong></span> <span class='ocrx_word' id='word_1_216' title='bbox 1420 3402 1538 3466; x_wconf 82' lang='lat' dir='ltr'><strong>muniat.</strong></span> 
     </span>
     <span class='ocr_line' id='line_1_28' title="bbox 450 3504 1540 3587; baseline -0.006 -18"><span class='ocrx_word' id='word_1_217' title='bbox 450 3504 493 3569; x_wconf 84' lang='lat' dir='ltr'><strong>tn</strong></span> <span class='ocrx_word' id='word_1_218' title='bbox 511 3525 608 3587; x_wconf 80' lang='lat' dir='ltr'><strong>usqne</strong></span> <span class='ocrx_word' id='word_1_219' title='bbox 627 3508 671 3571; x_wconf 87' lang='lat' dir='ltr'><strong>od</strong></span> <span class='ocrx_word' id='word_1_220' title='bbox 690 3516 807 3571; x_wconf 85' lang='lat' dir='ltr'><strong>nectens</strong></span> <span class='ocrx_word' id='word_1_221' title='bbox 827 3506 881 3572; x_wconf 86' lang='lat' dir='ltr'><strong>s&#39;sts&#39;</strong></span> <span class='ocrx_word' id='word_1_222' title='bbox 903 3526 992 3573; x_wconf 84' lang='lat' dir='ltr'><strong>renes</strong></span> <span class='ocrx_word' id='word_1_223' title='bbox 1013 3512 1186 3576; x_wconf 80' lang='lat' dir='ltr'><strong>rationales</strong></span> <span class='ocrx_word' id='word_1_224' title='bbox 1206 3510 1287 3573; x_wconf 90' lang='lat' dir='ltr'><strong>adeo</strong></span> <span class='ocrx_word' id='word_1_225' title='bbox 1307 3507 1490 3579; x_wconf 88' lang='lat' dir='ltr'><strong>ascendunt,</strong></span> <span class='ocrx_word' id='word_1_226' title='bbox 1511 3510 1540 3565; x_wconf 93' lang='lat' dir='ltr'><strong>ut</strong></span> 
     </span>
     <span class='ocr_line' id='line_1_29' title="bbox 450 3609 1541 3695; baseline -0.005 -25"><span class='ocrx_word' id='word_1_227' title='bbox 450 3626 500 3682; x_wconf 90' lang='lat' dir='ltr'><strong>ea,</strong></span> <span class='ocrx_word' id='word_1_228' title='bbox 525 3627 609 3689; x_wconf 86' lang='lat' dir='ltr'><strong>quse</strong></span> <span class='ocrx_word' id='word_1_229' title='bbox 633 3609 815 3673; x_wconf 86' lang='lat' dir='ltr'><strong>abscondita</strong></span> <span class='ocrx_word' id='word_1_230' title='bbox 837 3619 924 3688; x_wconf 88' lang='lat' dir='ltr'><strong>sunt,</strong></span> <span class='ocrx_word' id='word_1_231' title='bbox 947 3613 1228 3695; x_wconf 89' lang='lat' dir='ltr'><strong>contemplantur,</strong></span> <span class='ocrx_word' id='word_1_232' title='bbox 1250 3609 1449 3690; x_wconf 76' lang='lat' dir='ltr'><strong>ignorantiae</strong></span> <span class='ocrx_word' id='word_1_233' title='bbox 1468 3615 1541 3667; x_wconf 78' lang='lat' dir='ltr'><strong>tene</strong></span> 
     </span>
     <span class='ocr_line' id='line_1_30' title="bbox 451 3704 1539 3790; baseline -0.007 -18"><span class='ocrx_word' id='word_1_234' title='bbox 451 3710 516 3773; x_wconf 89' lang='lat' dir='ltr'><strong>bris</strong></span> <span class='ocrx_word' id='word_1_235' title='bbox 536 3709 715 3790; x_wconf 80' lang='lat' dir='ltr'><strong>dissipatis3</strong></span> <span class='ocrx_word' id='word_1_236' title='bbox 731 3728 769 3773; x_wconf 87' lang='lat' dir='ltr'><strong>ac</strong></span> <span class='ocrx_word' id='word_1_237' title='bbox 789 3712 927 3790; x_wconf 87' lang='lat' dir='ltr'><strong>amplius</strong></span> <span class='ocrx_word' id='word_1_238' title='bbox 947 3711 1087 3776; x_wconf 78' lang='lat' dir='ltr'><strong>collident</strong></span> <span class='ocrx_word' id='word_1_239' title='bbox 1108 3732 1145 3774; x_wconf 82' lang='lat' dir='ltr'><strong>ne</strong></span> <span class='ocrx_word' id='word_1_240' title='bbox 1157 3710 1278 3775; x_wconf 81' lang='lat' dir='ltr'><strong>sesninc</strong></span> <span class='ocrx_word' id='word_1_241' title='bbox 1296 3726 1457 3788; x_wconf 84' lang='lat' dir='ltr'><strong>corporeo,</strong></span> <span class='ocrx_word' id='word_1_242' title='bbox 1472 3704 1539 3767; x_wconf 86' lang='lat' dir='ltr'><strong>idest</strong></span> 
     </span>
     <span class='ocr_line' id='line_1_31' title="bbox 451 3811 1540 3895; baseline -0.008 -21"><span class='ocrx_word' id='word_1_243' title='bbox 451 3829 491 3875; x_wconf 90' lang='lat' dir='ltr'><strong>tte</strong></span> <span class='ocrx_word' id='word_1_244' title='bbox 506 3817 651 3875; x_wconf 85' lang='lat' dir='ltr'><strong>terrenae</strong></span> <span class='ocrx_word' id='word_1_245' title='bbox 668 3812 874 3889; x_wconf 76' lang='lat' dir='ltr'><strong>causationes,</strong></span> <span class='ocrx_word' id='word_1_246' title='bbox 887 3821 944 3877; x_wconf 88' lang='lat' dir='ltr'><strong>aut</strong></span> <span class='ocrx_word' id='word_1_247' title='bbox 958 3814 1057 3895; x_wconf 76' lang='lat' dir='ltr'><strong>buius</strong></span> <span class='ocrx_word' id='word_1_248' title='bbox 1071 3814 1181 3879; x_wconf 89' lang='lat' dir='ltr'><strong>muudi</strong></span> <span class='ocrx_word' id='word_1_249' title='bbox 1197 3812 1400 3892; x_wconf 87' lang='lat' dir='ltr'><strong>cupiditates,</strong></span> <span class='ocrx_word' id='word_1_250' title='bbox 1415 3811 1540 3872; x_wconf 75' lang='lat' dir='ltr'><strong>sirene</strong></span> 
     </span>
     <span class='ocr_line' id='line_1_32' title="bbox 454 3911 1538 3996; baseline -0.009 -21"><span class='ocrx_word' id='word_1_251' title='bbox 454 3920 509 3975; x_wconf 90' lang='lat' dir='ltr'><strong>otu</strong></span> <span class='ocrx_word' id='word_1_252' title='bbox 523 3913 591 3975; x_wconf 83' lang='lat' dir='ltr'><strong>site</strong></span> <span class='ocrx_word' id='word_1_253' title='bbox 616 3913 687 3989; x_wconf 89' lang='lat' dir='ltr'><strong>die,</strong></span> <span class='ocrx_word' id='word_1_254' title='bbox 709 3911 878 3978; x_wconf 81' lang='lat' dir='ltr'><strong>effluente</strong></span> <span class='ocrx_word' id='word_1_255' title='bbox 906 3918 1056 3996; x_wconf 90' lang='lat' dir='ltr'><strong>prudenti</strong></span> <span class='ocrx_word' id='word_1_256' title='bbox 1078 3926 1109 3980; x_wconf 94' lang='lat' dir='ltr'><strong>et</strong></span> <span class='ocrx_word' id='word_1_257' title='bbox 1130 3916 1254 3979; x_wconf 90' lang='lat' dir='ltr'><strong>sollerti</strong></span> <span class='ocrx_word' id='word_1_258' title='bbox 1282 3912 1538 3976; x_wconf 77' lang='lat' dir='ltr'><strong>ratiociniorum</strong></span> 
     </span>
     <span class='ocr_line' id='line_1_33' title="bbox 456 4004 1538 4097; baseline -0.006 -22"><span class='ocrx_word' id='word_1_259' title='bbox 456 4023 560 4076; x_wconf 87' lang='lat' dir='ltr'><strong>tamen</strong></span> <span class='ocrx_word' id='word_1_260' title='bbox 581 4014 715 4078; x_wconf 83' lang='lat' dir='ltr'><strong>excluso</strong></span> <span class='ocrx_word' id='word_1_261' title='bbox 736 4014 844 4078; x_wconf 90' lang='lat' dir='ltr'><strong>diriun</strong></span> <span class='ocrx_word' id='word_1_262' title='bbox 867 4016 1010 4094; x_wconf 78' lang='lat' dir='ltr'><strong>anxilio,</strong></span> <span class='ocrx_word' id='word_1_263' title='bbox 1031 4019 1126 4081; x_wconf 87' lang='lat' dir='ltr'><strong>sicuti</strong></span> <span class='ocrx_word' id='word_1_264' title='bbox 1148 4017 1247 4097; x_wconf 89' lang='lat' dir='ltr'><strong>paulu</strong></span> <span class='ocrx_word' id='word_1_265' title='bbox 1267 4023 1342 4077; x_wconf 90' lang='lat' dir='ltr'><strong>ante</strong></span> <span class='ocrx_word' id='word_1_266' title='bbox 1363 4013 1442 4074; x_wconf 81' lang='lat' dir='ltr'><strong>dixit</strong></span> <span class='ocrx_word' id='word_1_267' title='bbox 1463 4028 1489 4069; x_wconf 84' lang='lat' dir='ltr'><strong>r.</strong></span> <span class='ocrx_word' id='word_1_268' title='bbox 1507 4004 1538 4068; x_wconf 79' lang='lat'><strong>3:</strong></span> 
     </span>
     <span class='ocr_line' id='line_1_34' title="bbox 455 4110 1540 4199; baseline -0.001 -26"><span class='ocrx_word' id='word_1_269' title='bbox 455 4110 609 4177; x_wconf 77' lang='lat' dir='ltr'><strong>«Verum</strong></span> <span class='ocrx_word' id='word_1_270' title='bbox 632 4114 815 4195; x_wconf 82' lang='lat' dir='ltr'><strong>hujusmodi</strong></span> <span class='ocrx_word' id='word_1_271' title='bbox 838 4116 1037 4181; x_wconf 82' lang='lat' dir='ltr'><strong>infirmitates</strong></span> <span class='ocrx_word' id='word_1_272' title='bbox 1056 4120 1088 4179; x_wconf 92' lang='lat' dir='ltr'><strong>in</strong></span> <span class='ocrx_word' id='word_1_273' title='bbox 1109 4119 1202 4199; x_wconf 89' lang='lat' dir='ltr'><strong>ipsis,</strong></span> <span class='ocrx_word' id='word_1_274' title='bbox 1225 4117 1327 4178; x_wconf 87' lang='lat' dir='ltr'><strong>donee</strong></span> <span class='ocrx_word' id='word_1_275' title='bbox 1347 4132 1400 4177; x_wconf 87' lang='lat' dir='ltr'><strong>eas</strong></span> <span class='ocrx_word' id='word_1_276' title='bbox 1419 4122 1540 4188; x_wconf 66' lang='lat' dir='ltr'><strong>sgnotr</strong></span> 
     </span>
     <span class='ocr_line' id='line_1_35' title="bbox 455 4205 1539 4299; baseline -0.008 -24"><span class='ocrx_word' id='word_1_277' title='bbox 455 4214 530 4289; x_wconf 92' lang='lat' dir='ltr'><strong>rint,</strong></span> <span class='ocrx_word' id='word_1_278' title='bbox 546 4225 720 4290; x_wconf 81' lang='lat' dir='ltr'><strong>monentes,</strong></span> <span class='ocrx_word' id='word_1_279' title='bbox 732 4216 796 4279; x_wconf 89' lang='lat' dir='ltr'><strong>cito</strong></span> <span class='ocrx_word' id='word_1_280' title='bbox 811 4216 943 4292; x_wconf 88' lang='lat' dir='ltr'><strong>abeunt,</strong></span> <span class='ocrx_word' id='word_1_281' title='bbox 956 4229 1128 4299; x_wconf 87' lang='lat' dir='ltr'><strong>propterea</strong></span> <span class='ocrx_word' id='word_1_282' title='bbox 1142 4218 1230 4298; x_wconf 87' lang='lat' dir='ltr'><strong>qnod</strong></span> <span class='ocrx_word' id='word_1_283' title='bbox 1251 4216 1310 4278; x_wconf 88' lang='lat' dir='ltr'><strong>riri</strong></span> <span class='ocrx_word' id='word_1_284' title='bbox 1325 4214 1423 4277; x_wconf 79' lang='lat' dir='ltr'><strong>sancti</strong></span> <span class='ocrx_word' id='word_1_285' title='bbox 1433 4229 1450 4272; x_wconf 87' lang='lat' dir='ltr'><strong>a</strong></span> <span class='ocrx_word' id='word_1_286' title='bbox 1461 4205 1539 4271; x_wconf 84' lang='lat' dir='ltr'><strong>Cbri·</strong></span> 
     </span>
     <span class='ocr_line' id='line_1_36' title="bbox 454 4313 1454 4399; baseline -0.001 -21"><span class='ocrx_word' id='word_1_287' title='bbox 454 4322 505 4378; x_wconf 92' lang='lat' dir='ltr'><strong>sto</strong></span> <span class='ocrx_word' id='word_1_288' title='bbox 526 4313 760 4393; x_wconf 75' lang='lat' dir='ltr'><strong>confortentur,</strong></span> <span class='ocrx_word' id='word_1_289' title='bbox 783 4317 944 4383; x_wconf 84' lang='lat' dir='ltr'><strong>dieentes:</strong></span> <span class='ocrx_word' id='word_1_290' title='bbox 966 4319 1004 4383; x_wconf 83' lang='lat' dir='ltr'><strong>s&#39;n</strong></span> <span class='ocrx_word' id='word_1_291' title='bbox 1025 4318 1087 4381; x_wconf 82' lang='lat' dir='ltr'><strong>lieo</strong></span> <span class='ocrx_word' id='word_1_292' title='bbox 1106 4319 1255 4399; x_wconf 79' lang='lat' dir='ltr'><strong>sociemus</strong></span> <span class='ocrx_word' id='word_1_293' title='bbox 1274 4316 1415 4379; x_wconf 83' lang='lat' dir='ltr'><strong>uirtutes.</strong></span> <span class='ocrx_word' id='word_1_294' title='bbox 1438 4331 1454 4367; x_wconf 76' lang='lat' dir='ltr'><strong>s</strong></span> 
     </span>
     <span class='ocr_line' id='line_1_37' title="bbox 535 4405 1536 4503; baseline -0.007 -25"><span class='ocrx_word' id='word_1_295' title='bbox 535 4413 675 4497; x_wconf 86' lang='lat' dir='ltr'><strong>ideoque</strong></span> <span class='ocrx_word' id='word_1_296' title='bbox 696 4434 771 4479; x_wconf 88' lang='lat' dir='ltr'><strong>cum</strong></span> <span class='ocrx_word' id='word_1_297' title='bbox 790 4434 816 4480; x_wconf 90' lang='lat' dir='ltr'><strong>s.</strong></span> <span class='ocrx_word' id='word_1_298' title='bbox 846 4416 1063 4503; x_wconf 74' lang='lat' dir='ltr'><strong>Hieronymus</strong></span> <span class='ocrx_word' id='word_1_299' title='bbox 1082 4417 1214 4501; x_wconf 86' lang='lat' dir='ltr'><strong>Origeui</strong></span> <span class='ocrx_word' id='word_1_300' title='bbox 1238 4420 1383 4498; x_wconf 86' lang='lat' dir='ltr'><strong>increpat</strong></span> <span class='ocrx_word' id='word_1_301' title='bbox 1401 4405 1536 4476; x_wconf 82' lang='lat' dir='ltr'><strong>asserenti</strong></span> 
     </span>
     <span class='ocr_line' id='line_1_38' title="bbox 460 4502 1536 4598; baseline 0.002 -20"><span class='ocrx_word' id='word_1_302' title='bbox 460 4516 620 4579; x_wconf 89' lang='lat' dir='ltr'><strong>bominem</strong></span> <span class='ocrx_word' id='word_1_303' title='bbox 644 4518 800 4582; x_wconf 78' lang='lat' dir='ltr'><strong>virtutum</strong></span> <span class='ocrx_word' id='word_1_304' title='bbox 820 4522 1037 4587; x_wconf 86' lang='lat' dir='ltr'><strong>summitatem</strong></span> <span class='ocrx_word' id='word_1_305' title='bbox 1059 4526 1255 4598; x_wconf 74' lang='lat' dir='ltr'><strong>assecutum,</strong></span> <span class='ocrx_word' id='word_1_306' title='bbox 1270 4538 1308 4583; x_wconf 84' lang='lat' dir='ltr'><strong>ns</strong></span> <span class='ocrx_word' id='word_1_307' title='bbox 1327 4518 1362 4582; x_wconf 86' lang='lat' dir='ltr'><strong>in</strong></span> <span class='ocrx_word' id='word_1_308' title='bbox 1382 4521 1461 4579; x_wconf 77' lang='lat' dir='ltr'><strong>soen</strong></span> <span class='ocrx_word' id='word_1_309' title='bbox 1477 4502 1536 4590; x_wconf 73' lang='lat' dir='ltr'><strong>psi·</strong></span> 
     </span>
    </p>
   </div>
   <div class='ocr_carea' id='block_1_4' title="bbox 0 0 1717 5567">
    <p class='ocr_par' dir='ltr' id='par_1_6' title="bbox 0 0 1717 5567">
     <span class='ocr_line' id='line_1_39' title="bbox 0 0 1717 5567; baseline 0 0"><span class='ocrx_word' id='word_1_310' title='bbox 0 0 1717 5567; x_wconf 95' lang='lat' dir='ltr'><strong> </strong></span> 
     </span>
    </p>
   </div>
  </div>
 </body>
</html>
