3375 5567
436 765 505 826 riae
525 765 565 825 atl
587 766 723 828 inlicem
746 771 939 843 operantur,
961 766 1056 830 sicuti
1078 763 1292 828 diversimode
1313 761 1354 826 ab
1376 761 1455 836 illis,
1468 775 1537 840 quae

431 873 524 926 antea
540 865 687 942 luerunt3
703 865 784 928 atleo
796 875 846 942 ut,
863 867 1058 946 impossibile
1072 875 1216 930 statuens
1235 863 1387 929 eumdem
1402 861 1537 926 ordinem

434 965 674 1029 rationabilium
697 966 850 1030 continuo
871 969 997 1031 serrari
1019 968 1061 1032 ob
1083 967 1245 1047 praelatas
1265 964 1392 1030 arbitrii
1421 979 1536 1036 causas,

436 1070 543 1131 rarius
564 1069 700 1132 mundos
718 1068 788 1133 sira
807 1071 919 1134 secula
942 1071 1015 1134 ideo
1037 1081 1129 1150 pntcl
1148 1069 1361 1150 supervenire
1382 1083 1488 1148 posse.
1504 1061 1538 1128 Et

435 1170 509 1232 binc
529 1170 612 1246 beri,
635 1180 671 1233 ut
693 1170 811 1234 rnelior
833 1172 932 1252 bajus
953 1174 1062 1236 mundi
1079 1174 1158 1251 (sive
1178 1169 1292 1247 seculi)
1312 1177 1419 1232 status
1434 1169 1538 1232 babet·

434 1280 490 1334 tur
509 1290 561 1345 eo,
583 1274 639 1350 qui
658 1273 725 1353 jam
747 1275 928 1350 praeteriit,
950 1283 1007 1337 ant
1030 1275 1162 1338 loturus
1183 1281 1251 1352 est;
1273 1281 1306 1334 et
1325 1271 1369 1333 ita
1392 1271 1538 1342 mundns,

432 1371 497 1434 alio
517 1373 653 1437 inferior
672 1374 799 1446 subeat,
821 1393 879 1437 seu
896 1378 1122 1455 praestantior,
1144 1376 1212 1438 sira
1227 1375 1311 1436 iuter
1330 1372 1390 1434 bos
1406 1371 1537 1436 medinm

432 1472 558 1536 incedat
578 1475 726 1537 seculum
738 1495 750 1554 3
771 1493 847 1538 cnm
870 1478 900 1538 iu
923 1478 1072 1542 omnibus
1094 1477 1142 1539 bis
1167 1477 1245 1540 nolit
1264 1473 1422 1552 Origenes
1447 1471 1538 1535 raris·

433 1583 531 1638 tatem
553 1575 750 1639 mundorum
770 1577 839 1639 sine
859 1579 1048 1641 seculorum
1070 1579 1197 1642 emetiri
1218 1598 1260 1643 ex
1289 1580 1482 1645 diuersitate
1500 1590 1540 1636 rs·

433 1677 636 1740 tiouabilinm
658 1679 689 1739 in
711 1677 759 1740 bis
783 1678 971 1742 virentium.
1511 1735 1513 1740 .

509 1778 663 1845 Ceterum
685 1789 722 1842 ut
747 1781 887 1860 amplius
919 1789 1039 1861 pateat,
1065 1799 1120 1844 eos
1148 1781 1293 1846 diversos
1318 1780 1456 1847 mundos
1478 1777 1538 1842 siro

429 1881 540 1945 secula
562 1882 594 1943 in
610 1900 675 1945 nno
697 1882 922 1944 tantummodo
942 1873 1099 1945 contineri
1111 1901 1122 1962 3
1143 1899 1249 1962 neque
1271 1881 1429 1946 mnndum
1443 1879 1536 1944 alium

432 1981 497 2060 pati
519 1999 662 2061 uoqunm
684 1978 859 2060 origenem
880 1980 945 2044 dici
966 1990 1097 2062 praeter
1119 1980 1211 2043 illum
1222 2024 1235 2056 ,
1259 1983 1316 2060 qni
1337 1982 1378 2044 ab
1399 1980 1493 2044 initio
1514 1986 1539 2041 at

430 2101 472 2145 ex
493 2083 596 2145 nihilo
615 2083 765 2146 conditus
785 2078 857 2158 es't,
879 2092 912 2145 et
933 2084 963 2144 iu
984 2101 1052 2163 quo
1073 2091 1206 2146 ceteros
1227 2082 1421 2162 collocarit3
1444 2079 1538 2162 paulo

432 2191 504 2262 post
533 2201 564 2246 n.
585 2182 616 2249 6.
646 2180 826 2246 salvatoris
848 2182 932 2245 dieta
954 2184 1153 2262 explanans:
1175 2182 1464 2263 aquaemanile
1489 2181 1537 2244 loe

431 2284 563 2357 mosao,
586 2284 753 2347 manileste
773 2283 892 2348 ‹locetr
916 2305 932 2344 e
955 2280 1121 2364 Tanquam
1143 2285 1227 2346 enlm
1253 2303 1296 2348 ex
1316 2284 1381 2348 alio
1402 2283 1536 2364 qnodsu

430 2394 515 2448 esset
535 2385 668 2459 mnodo,
693 2385 736 2446 ita
758 2384 944 2463 dicitquod
967 2401 1029 2446 nou
1050 2402 1121 2448 snm
1144 2386 1184 2448 tle
1205 2387 1267 2448 boc
1288 2385 1420 2450 mundo.
1443 2385 1538 2466 anm

431 2485 542 2550 mnndi
556 2484 717 2548 difficilem
733 2485 824 2548 nobis
844 2503 913 2548 esse
929 2486 1161 2565 expositionem
1177 2486 1298 2552 idcirco
1310 2487 1536 2568 praediximus,

431 2603 472 2648 ue
485 2585 572 2650 forte
592 2585 788 2665 praebeatur
800 2584 965 2666 aliquibus
979 2588 1107 2650 occasio
1121 2586 1209 2650 illins
1223 2587 1467 2667 intelligentiae,
1479 2602 1536 2667 qua

408 2740 411 2744 .
432 2694 547 2767 putent
566 2705 624 2750 nos
645 2687 798 2767 imagines
819 2686 998 2767 qnastlam,
1022 2704 1103 2768 quas
1124 2689 1230 2768 graeci
1252 2685 1339 2750 ideas
1360 2690 1534 2762 nominant,

431 2784 604 2851 afirmare.
627 2786 723 2863 Quod
746 2788 861 2866 utique
883 2805 900 2848 a
925 2790 1042 2852 uostris
1062 2788 1203 2852 alienum
1226 2795 1296 2864 est,
1320 2789 1475 2852 mnodum
1496 2789 1535 2848 iu·

430 2905 627 2967 corporeum
647 2890 756 2952 dicere
777 2889 809 2950 iu
822 2889 890 2952 sola
912 2891 1026 2954 mantis
1041 2890 1221 2970 phantasia,
1245 2889 1297 2953 vel
1312 2891 1533 2970 cogitationum

430 2990 560 3055 lubrico
580 2994 819 3069 consistentem
842 2999 874 3052 at
894 2990 1058 3070 quomodo
1072 2988 1274 3054 Salvatorem
1296 2992 1368 3056 inde
1389 3009 1469 3064 esse,
1490 2989 1533 3054 rel

431 3099 558 3156 sanctos
577 3109 712 3172 quoque
732 3091 814 3153 illuc
833 3091 938 3154 ituros
959 3098 1125 3170 poterunt,
1145 3094 1307 3156 affirmare
1327 3109 1390 3154 nou
1407 3094 1532 3158 rideo.»

434 3188 476 3254 Et
498 3201 667 3274 postquam
689 3194 747 3268 ait,
769 3193 812 3256 ibi
833 3191 946 3256 alesu
968 3193 1102 3256 indicari
1120 3193 1217 3275 buius
1239 3194 1349 3259 mnndi
1370 3195 1411 3258 ab
1438 3197 1532 3259 altaro

432 3294 644 3357 (lillereutiam
666 3294 709 3356 ob
725 3293 899 3374 qualitates
919 3293 1075 3375 quasdam
1092 3295 1337 3375 praecellentes,
1352 3315 1390 3360 ac
1408 3297 1466 3360 sibi
1487 3317 1532 3362 re-

433 3394 577 3458 rosimila
601 3394 702 3458 videri
723 3395 754 3455 in
775 3395 845 3475 ipso
866 3394 1102 3472 circumscribi,
1126 3393 1301 3460 Clementis
1320 3415 1453 3478 quoqne
1471 3415 1532 3460 seu·

432 3496 562 3558 lentim
583 3513 688 3576 unper
708 3498 838 3559 citatam
861 3495 998 3577 profert,
1015 3495 1071 3559 ubi
1092 3495 1225 3574 legitur:
1247 3494 1390 3562 Occoutu
1403 3497 1531 3564 intrass-

432 3595 860 3674 motibusmotibus,
891 3607 918 3660 et
938 3597 973 3658 lsi
999 3595 1124 3673 mendi,
1143 3597 1201 3678 qni
1224 3608 1297 3678 post
1322 3598 1426 3680 ipssuu
1455 3609 1528 3666 sest.

433 3696 664 3775 Quantumsis,
686 3701 831 3779 inquam,
851 3699 910 3761 sibi
926 3698 1111 3780 hujusmodi
1132 3697 1337 3766 difficultates
1358 3709 1530 3774 occurrant,

435 3800 644 3863 nibilominus
659 3803 755 3875 nnius
776 3801 886 3864 muudi
901 3803 1042 3881 optuioui
1065 3801 1233 3868 inhaerens
1247 3803 1350 3869 alttte
1360 3827 1377 3866 a
1389 3805 1439 3870 lix
1454 3823 1531 3870 muu-

436 3903 552 3967 tlornsu
568 3902 757 3983 pluralitate
771 3902 918 3967 Clemens
937 3905 1058 3968 semina
1074 3905 1344 3984 quaedaiu'uobis
1359 3906 1529 3989 hujusmodi

434 4004 665 4086 intelligentiae
687 4005 816 4070 ridetur
835 4023 1024 4088 aspergeres
1047 4024 1114 4087 qno
1135 4017 1271 4087 putetur
1291 4009 1394 4072 omnis
1413 4008 1527 4089 qotteo

435 4107 626 4171 universitas
646 4124 776 4184 eornm,
797 4125 884 4189 qnae
903 4117 979 4172 sont
1006 4117 1104 4188 atqne
1125 4109 1316 4182 subsistunt,
1340 4110 1526 4179 coelestium,

433 4212 469 4270 st
493 4207 807 4286 supercoelestium,
836 4217 1065 4286 turrenorum,
1088 4208 1377 4292 iuloruornmque,
1400 4227 1477 4274 unns
1501 4215 1529 4270 at

436 4309 601 4387 perlectus
631 4308 772 4374 mundus
793 4311 988 4389 generaliter
1018 4311 1102 4374 lici:
1125 4311 1210 4375 intra
1239 4329 1338 4391 quem
1361 4314 1410 4376 rel
1436 4325 1528 4390 aquo

436 4412 537 4474 ceteri
558 4412 665 4492 (siqui
686 4409 850 4485 illinunt)
872 4411 1005 4493 putandi
1025 4422 1102 4477 sunt
1121 4414 1278 4479 contineri
1298 4422 1360 4480 etc.
1381 4434 1398 4472 s
