3375 5567
438 801 570 864 genere,
593 791 745 866 tanquam
767 801 880 849 norme
904 789 992 848 serta
1009 783 1039 845 in
1054 777 1236 848 'bibliorum
1251 783 1370 860 studio,
1386 799 1541 864 nunquam

440 889 592 961 reoessit,
614 887 652 950 iis
675 887 841 950 rarimodo
861 905 941 952 esus
960 886 1063 951 sicubi
1085 888 1241 950 orationis
1269 905 1405 967 scopes,
1428 887 1543 949 audito·

440 990 719 1062 rnm‘neoessitas,
741 997 774 1051 et
794 990 825 1051 in
848 996 995 1051 errantes
1016 996 1049 1052 et
1070 986 1213 1052 inlideles
1234 989 1378 1070 ejusdem
1394 988 1545 1050 dimicatio

442 1090 658 1169 postularent,
672 1091 812 1170 aptando
833 1092 1045 1172 pharmacum
1062 1089 1307 1172 scripturarum
1330 1109 1433 1172 prope
1449 1089 1543 1152 morbi

439 1191 625 1270 qualitates.
650 1190 692 1254 Et
713 1193 786 1256 bine
808 1192 1009 1271 factumest,
1036 1202 1072 1258 ut
1093 1195 1123 1256 in
1144 1194 1243 1257 citato
1259 1192 1357 1256 Libro
1375 1191 1418 1255 lle
1435 1189 1547 1254 Priori·

436 1289 502 1370 piis
522 1292 661 1371 longiori
683 1293 900 1372 disputatione
921 1303 1033 1360 contre
1052 1283 1202 1376 iudaeos,
1218 1313 1252 1357 se
1266 1313 1301 1358 se
1322 1312 1339 1355 a
1362 1311 1457 1357 sense
1471 1292 1546 1354 litte·

442 1393 505 1455 reli
525 1393 622 1456 ultius
643 1395 774 1458 elevare
794 1395 939 1459 nolentes
960 1397 1000 1458 ad
1030 1396 1207 1476 spiritaiem
1232 1396 1421 1458 divinornm
1445 1395 1546 1456 verbo·

442 1513 516 1558 rum
533 1496 788 1574 intelligentiam,
807 1500 929 1560 veritus
945 1515 984 1561 ne
1005 1497 1108 1576 aliqui
1122 1495 1195 1558 ideo
1209 1494 1465 1568 ollenderentor,
1478 1512 1546 1573 qna·

440 1597 466 1659 si
488 1596 630 1659 litteram
653 1599 868 1677 transegisset,
891 1601 922 1660 in
948 1617 978 1660 n.
1001 1594 1041 1664 te
1062 1598 1206 1678 ejusdem
1226 1599 1310 1660 iibri
1333 1593 1392 1660 tv.
1414 1596 1544 1659 dixerit:

524 1719 541 1756 e
563 1695 685 1777 Nequia
709 1716 786 1761 vero
803 1715 861 1762 nos
882 1701 1068 1780 suspicetur
1081 1700 1112 1762 in
1133 1699 1281 1761 omnibus
1296 1699 1327 1759 id
1349 1698 1470 1772 dicere,
1486 1695 1546 1758 nul·

442 1799 507 1862 lam
538 1799 705 1862 historiam
727 1801 921 1880 contigisse,
943 1803 1094 1881 qnoniam
1125 1800 1234 1880 aliqua
1257 1818 1320 1862 oon
1345 1800 1500 1879 contigit;
1520 1804 1546 1860 et

442 1900 565 1963 nuliam
585 1901 689 1980 legem
711 1901 751 1964 ad
773 1903 914 1966 litteram
944 1921 1013 1967 esse
1035 1902 1248 1979 sermotiem,
1271 1904 1427 1982 qnoniam
1449 1903 1545 1982 alique

441 2000 619 2064 sennodum
640 2002 783 2064 litteram
803 2010 863 2064 aut
887 2003 1041 2080 absurde,
1064 2012 1121 2067 ent
1147 2004 1356 2083 impossibilia
1379 2005 1547 2084 praeeipit;

445 2102 496 2167 rel
517 2120 603 2183 quae
617 2103 657 2166 de
672 2103 841 2168 salvatore
860 2106 980 2185 scripta
995 2113 1082 2180 sunt,
1099 2105 1275 2168 seeundum
1297 2106 1474 2169 litteralem
1489 2123 1547 2167 sen·

440 2220 513 2268 sum
535 2222 598 2268 nou
619 2223 795 2284 reserere,
818 2214 875 2269 aut
890 2207 1013 2269 nullam
1038 2209 1136 2286 ipsius
1152 2207 1255 2286 legem
1280 2208 1331 2270 vel
1348 2218 1546 2289 praeceptum

441 2309 566 2370 serrari
587 2318 763 2388 oportere,
785 2309 923 2372 dicimus
945 2309 1111 2373 manileste
1133 2311 1165 2371 in
1186 2309 1380 2389 quibusdam
1406 2309 1546 2373 historiae

443 2409 613 2472 veritatem
635 2409 725 2472 nobis
748 2427 929 2489 apparere;
953 2429 1007 2475 ex.
1031 2429 1060 2491 g.
1087 2410 1262 2502 abranam,
1287 2410 1378 2474 leaeo
1400 2422 1434 2475 et
1456 2410 1546 2475 Jrcob

442 2525 519 2570 eum
540 2526 603 2570 una
624 2527 684 2571 sna
707 2527 974 2590 unumquemque
996 2527 1133 2572 uxorem
1156 2511 1186 2571 in
1199 2509 1320 2589 duplici
1341 2511 1494 2591 spelunea
1508 2527 1549 2572 se·

443 2609 552 2689 pultes
576 2627 645 2674 esse
665 2611 697 2671 in
727 2608 871 2672 flebrom
883 2630 894 2689 3
918 2607 1045 2675 Sibbem
1066 2610 1209 2691 losepbo
1230 2611 1261 2672 io
1285 2615 1468 2690 portionem
1488 2629 1546 2673 esse

443 2711 655 2792 attributam
678 2709 882 2775 Hierusalem
909 2714 1117 2794 metropolim
1139 2731 1208 2776 esse
1237 2711 1367 2790 dudae,
1391 2715 1425 2776 in
1454 2729 1545 2792 quaa

442 2810 613 2878 Salomone
634 2813 838 2876 aedificatum
862 2816 922 2876 init
946 2816 1113 2895 templum,
1130 2824 1162 2877 et
1182 2815 1244 2876 alia
1266 2821 1433 2877 sexcenta.
1451 2812 1545 2876 linito

442 2915 527 2979 onim
547 2916 643 2995 plura
665 2924 740 2979 sunt
758 2915 938 2978 seeundum
953 2917 1119 2980 historiam
1143 2935 1232 2989 rere,
1248 2933 1347 2995 quam
1369 2933 1456 2996 qnae
1472 2929 1546 2974 mere

442 3016 625 3098 spiritualia
648 3018 712 3079 iilis
732 3022 856 3079 attexta
877 3024 953 3080 snut
974 3025 1035 3080 ete.
1059 3037 1075 3074 n
1101 3017 1141 3081 Et
1160 3019 1271 3097 ¹petreis
1294 3019 1471 3099 interjectis
1483 3032 1546 3078 ooo·

444 3117 560 3182 eludit:
584 3116 844 3193 «Quamobrem
867 3134 994 3194 neeesse
1015 3128 1075 3194 est,
1099 3129 1136 3181 ut
1157 3126 1330 3182 accuratus
1353 3120 1471 3192 lector,
1490 3133 1546 3178 aer·

446 3228 521 3283 rato
542 3220 605 3282 boe
624 3219 802 3282 salvatoris
824 3229 1018 3298 praecepto:
1040 3217 1232 3280 scrutamini
1246 3215 1444 3298 Scriptores,
1460 3231 1545 3296 quen·

444 3320 560 3384 donam
585 3338 698 3382 rernm
716 3321 759 3382 ait
778 3321 866 3399 quod
889 3321 996 3383 littere
1017 3331 1131 3395 sonet,
1155 3321 1358 3401 quandonam
1380 3321 1421 3383 ait
1440 3319 1545 3397 impos·

443 3421 548 3496 sibile,
571 3420 741 3500 diligenter
761 3421 911 3501 exploret
922 3441 934 3501 3
957 3428 989 3484 et
1011 3441 1051 3485 ex
1073 3422 1226 3485 similium
1251 3439 1369 3484 vocum
1392 3435 1545 3498 eompara-

445 3525 532 3586 tinne
552 3522 705 3587 ditiorum
730 3518 850 3600 ubique
874 3540 931 3602 per
952 3521 1138 3602 Scripturas
1153 3540 1280 3585 sensum
1303 3522 1388 3603 ejus,
1404 3521 1487 3602 qood
1505 3535 1545 3581 se·

444 3626 587 3688 eundum
608 3625 748 3691 litteram
769 3633 817 3688 est
838 3626 1046 3704 impossibile,
1071 3643 1129 3705 pro
1154 3625 1276 3688 viribus
1298 3625 1474 3703 investiget.
1497 3641 1511 3676 ι

351 3756 353 3759 ·
466 3760 473 3773 =
527 3724 567 3788 Et
588 3726 649 3789 boo
673 3728 749 3791 item
776 3725 939 3805 sapienter
966 3727 1127 3790 instauret
1149 3724 1290 3788 Romilio
1320 3722 1376 3786 xl.
1403 3741 1433 3785 n.
1464 3720 1491 3785 i.
1518 3721 1544 3781 iu

443 3823 616 3903 Numeros,
644 3837 788 3891 statuens
819 3827 876 3889 Dei
905 3828 1072 3890 mandata:
1095 3846 1160 3888 noo
1184 3823 1302 3888 occides
1313 3870 1325 3901 ,
1346 3843 1411 3887 non
1438 3822 1544 3885 adeltr-

442 3929 528 3991 rs'em
537 3928 646 4009 socies,
658 3947 723 3991 non
733 3927 891 4009 furaberis
904 3929 1081 3992 secundum
1096 3929 1238 3992 litteram
1256 3927 1461 3990 custodienda
1477 3941 1542 3984 esse.

445 4029 525 4093 item
539 4049 579 4091 er
596 4029 742 4108 apostott
754 4030 860 4092 dietis:
874 4037 988 4090 sertore
1000 4029 1212 4110 qnodjnstnm
1227 4035 1281 4089 est:
1299 4028 1379 4107 qnid
1401 4043 1479 4105 opus
1494 4031 1544 4088 eso

445 4131 502 4204 sit,
525 4131 556 4192 in
578 4131 628 4193 bis
647 4131 837 4210 allegoriam
862 4149 1034 4210 quaerere,
1058 4149 1131 4193 oum
1153 4127 1301 4192 aedidcet
1321 4129 1417 4190 etiam
1434 4117 1544 4186 litteral

449 4228 569 4294 Deinde
586 4233 617 4293 in
638 4233 856 4312 evangelicam
872 4232 1060 4294 sententiam
1071 4251 1079 4292 ε
1092 4237 1219 4306 propter
1235 4227 1290 4288 boo
1302 4226 1458 4306 relinquet
1472 4223 1546 4282 bomo

442 4343 567 4410 petrem
585 4340 614 4394 el
634 4341 779 4404 matrem,
799 4341 829 4393 rt
849 4325 1025 4392 nddesrrbr'l
1050 4325 1146 4391 neeri
1166 4346 1239 4389 enee
1258 4336 1315 4387 elo.
1337 4326 1460 4389 etiamsi
1490 4335 1544 4400 rup-

446 4432 581 4494 sterinm
603 4433 704 4495 iobis
726 4432 841 4495 viderit
865 4430 1063 4512 Apostolus:
1086 4449 1139 4509 epo
1160 4439 1262 4490 nutem
1283 4424 1354 4490 dieo
1374 4427 1410 4489 io
1439 4419 1543 4488 coron

444 4541 472 4592 rt
491 4529 527 4592 ln
550 4530 704 4609 Ecclesia,
728 4540 882 4607 attamen,
912 4530 1032 4608 subdit,
1055 4541 1208 4610 oportere
1238 4527 1417 4590 boeotiam
1445 4537 1541 4587 socon·
