3375 5567
536 776 619 842 Cum
635 775 721 842 enim
736 781 812 842 tnnc
831 775 901 842 sire
922 775 1070 842 dolerent
1090 783 1275 853 creatorae,
1294 779 1361 842 aire
1380 785 1535 858 ponerent,

451 891 510 947 ant
524 881 657 957 vellent,
671 897 731 944 aen
745 881 832 960 ipsae
847 878 982 954 nollent,
1006 877 1122 942 lldaml
1145 879 1305 960 peccantia
1318 878 1465 960 supplicia
1478 899 1536 960 pn·

449 1001 506 1049 sae
529 991 628 1062 snnt3
648 980 723 1045 idco
743 981 813 1044 sive
833 978 965 1044 doleant
985 997 1093 1056 nnuc,
1114 980 1184 1046 sive
1205 987 1345 1059 gemant,
1369 983 1433 1044 sire
1452 981 1538 1044 noliat

449 1087 520 1151 aive
542 1084 653 1158 velint,
676 1089 734 1146 aut
753 1088 904 1161 sperant,
928 1081 960 1144 in
975 1083 1035 1145 hac
1057 1083 1176 1145 mucra
1191 1079 1397 1146 humanitatis
1411 1097 1539 1162 praeacc-

450 1189 491 1252 tis
510 1185 740 1250 constitutione
759 1202 801 1247 ex
821 1185 1011 1246 necessilate
1033 1184 1205 1263 persistere
1219 1183 1348 1258 debant,
1370 1181 1539 1248 donaolim

449 1288 604 1363 libuerit,
628 1286 712 1350 idest
740 1303 846 1364 usqne
870 1284 911 1346 ad
942 1283 1041 1364 hujus
1067 1284 1178 1347 mnndi
1208 1284 1324 1362 linem,
1351 1285 1540 1366 ejusdemque

449 1391 633 1472 perignem
654 1387 892 1450 lustrationem.
914 1382 963 1448 Ac
994 1385 1120 1448 tandem
1147 1395 1207 1450 ant
1228 1386 1327 1462 velit,
1351 1394 1408 1450 aut
1427 1387 1540 1451 nolitia

448 1491 559 1554 mnndi
579 1489 868 1564 consummatione,
892 1487 1042 1550 universa
1065 1495 1217 1552 creature
1238 1487 1433 1553 absolutioni
1453 1504 1470 1550 a
1488 1507 1542 1550 aer·

451 1593 554 1654 vitute
575 1588 781 1671 participabit
801 1606 860 1669 per
873 1586 954 1652 lesu
974 1586 1094 1654 Christi
1111 1591 1312 1670 triumphurn
1332 1608 1432 1671 super
1449 1609 1541 1654 onae

448 1693 651 1756 adversarias
672 1699 867 1773 potestates,
890 1691 933 1754 ita
956 1697 994 1754 ut
1014 1699 1046 1753 et
1068 1691 1134 1769 ipsa
1156 1701 1242 1756 astra
1264 1692 1416 1756 dicantur
1442 1691 1541 1758 Christi

447 1791 602 1874 passionis
623 1792 708 1856 bono
729 1791 895 1865 lenitura,
919 1793 1032 1854 mortis
1052 1792 1189 1873 imperio
1215 1794 1385 1860 destructo
1404 1803 1437 1859 ct
1459 1793 1543 1858 omni·

447 1896 509 1959 bns
524 1893 727 1973 reintegratis
741 1892 781 1955 ad
796 1893 940 1971 priorem
953 1899 1089 1970 statum,
1106 1896 1138 1956 in
1153 1912 1220 1975 qno
1236 1915 1254 1958 a
1268 1892 1339 1960 Deo
1352 1905 1459 1960 creata
1470 1903 1542 1960 anntr

447 2004 478 2057 et
495 1992 578 2057 cidit
598 1993 683 2057 usos
700 1990 809 2056 omnio
827 2011 909 2073 quoa
928 1993 1044 2071 format
1065 2003 1094 2057 st
1113 2005 1204 2058 cruat
1226 1995 1319 2059 oaida
1338 1995 1430 2060 loon.
1449 1995 1544 2075 ltaque

448 2095 709 2161 concludendum
722 2093 972 2169 est,‘rationales
987 2095 1174 2176 hujusmodi
1188 2105 1371 2173 creaturas,
1384 2098 1491 2173 solem,
1504 2097 1544 2160 ln·

448 2215 523 2262 nam
543 2207 576 2260 et
596 2197 707 2261 stellas
720 2197 881 2260 actionem
903 2211 992 2259 mere
1005 2198 1164 2276 passivam
1185 2196 1288 2262 alleo
1310 2201 1485 2280 possideam
1497 2215 1544 2262 nac

447 2300 520 2364 ullo
541 2299 650 2373 modo,
672 2315 731 2361 nec
753 2314 896 2378 unquam
918 2297 1055 2375 (etiamsi
1077 2299 1196 2362 inritae
1210 2299 1242 2364 ld
1263 2316 1364 2380 apere
1382 2299 1544 2376 videantnrl

447 2399 607 2463 voluntati
639 2394 698 2461 Dei
719 2397 870 2460 resistere
898 2414 1012 2476 posse,
1035 2398 1138 2462 donoc
1167 2399 1323 2480 impleant
1350 2401 1544 2465 ministeriun

445 2517 523 2580 erga
541 2498 729 2564 Creatorem
750 2515 860 2561 sunna.
884 2496 925 2562 Et
946 2499 1009 2563 noc
1029 2499 1197 2565 manileste
1215 2501 1332 2566 statuit
1352 2499 1500 2583 Origenes
1510 2499 1547 2562 di

446 2620 534 2680 cens3
547 2621 565 2660 a
577 2598 650 2665 Nou
671 2601 754 2663 enini
771 2600 940 2664 voluntate
961 2610 1115 2666 creatura
1138 2603 1197 2664 ista
1219 2603 1283 2681 (sol
1295 2603 1377 2668 luna
1393 2611 1425 2669 et
1443 2599 1544 2678 siderei

448 2702 593 2782 suscepit
614 2701 828 2764 ministerium
852 2701 984 2764 vanitati
1005 2701 1223 2768 exhibendum
1235 2725 1247 2786 ς
1259 2705 1315 2769 sed
1331 2707 1483 2785 qnoniam
1501 2718 1545 2766 ro

446 2805 536 2868 lebat
556 2804 640 2883 ipse,
662 2803 719 2884 qni
740 2801 941 2884 subjiciebat.
963 2821 980 2860 n
1003 2801 1044 2866 ΕΙ
1063 2805 1111 2868 sic
1132 2803 1180 2866 ab,
1195 2805 1315 2868 eisdem
1339 2805 1464 2870 arltitrii
1483 2821 1547 2870 mur

449 2917 483 2969 ct
499 2905 598 2985 onlpa
614 2904 811 2979 voluntaria,
834 2903 1037 2984 proindeque
1057 2923 1075 2967 a
1097 2905 1310 2972 conscientiae
1333 2909 1483 2989 propriae
1499 2923 1543 2968 an

446 3009 552 3088 postia
574 3007 701 3086 penitus
720 3007 957 3072 excluduntur.

527 3108 621 3184 ltem,
637 3126 712 3172 cum
725 3117 836 3186 postea
858 3108 978 3174 eisdem
993 3109 1187 3187 corporibus
1205 3109 1365 3188 spondeat
1379 3111 1545 3175 libertitan

447 3208 617 3289 Origenes,
639 3208 781 3287 ipsisque
800 3207 890 3270 indat
909 3225 998 3287 spem
1022 3208 1160 3285 salutis,
1183 3211 1253 3289 pari
1272 3209 1352 3290 iure
1374 3212 1499 3284 dicitnr,
1520 3213 1545 3272 ia

447 3311 498 3374 iris
517 3309 643 3373 actibus
664 3309 791 3389 passive
810 3328 846 3372 as
866 3327 982 3388 gerere
1002 3327 1141 3390 corpora
1157 3310 1324 3388 coelestia,
1347 3329 1454 3393 neque
1466 3311 1546 3376 ueri·

448 3411 548 3473 ritum
571 3407 677 3473 ullum
697 3409 758 3471 sibi
782 3408 945 3472 vindicare
957 3429 969 3488 3
991 3427 1033 3473 ex
1054 3428 1122 3491 qno
1142 3411 1272 3474 omnino
1294 3411 1413 3478 divinia
1433 3412 1546 3478 nntiins

445 3517 561 3592 parant
581 3518 735 3591 unquam
755 3513 967 3574 instrumenta
989 3510 1021 3572 ln
1043 3527 1140 3576 mann
1161 3511 1307 3594 opificis3
1330 3533 1437 3596 eoque
1462 3511 1546 3594 mari

446 3629 522 3674 cnm
546 3612 613 3687 ait,
636 3629 699 3675 non
719 3613 751 3674 in
769 3629 867 3677 anum
889 3613 1096 3676 commodum
1116 3631 1249 3692 sperare
1270 3623 1480 3692 creaturam,
1499 3631 1546 3676 nac

447 3712 487 3774 dc
506 3729 542 3774 aa
560 3710 691 3791 lupera,
711 3713 770 3776 nisi
791 3712 834 3775 ol
854 3710 1007 3776 adactum
1028 3730 1105 3793 erpa
1128 3713 1217 3790 illos,
1238 3714 1360 3794 quibus
1383 3715 1529 3779 ministrat
1536 3731 1545 3792 5

448 3810 551 3874 relnti
578 3816 612 3873 et
632 3827 743 3876 omnes
763 3821 856 3875 actus
885 3829 962 3876 suoa
983 3829 1047 3875 non
1068 3829 1129 3892 pro
1150 3831 1207 3889 se,
1232 3831 1348 3878 aarum
1370 3815 1403 3878 in
1427 3813 1547 3878 hominis

444 3911 617 3975 utilitatem
636 3909 761 3990 perlicit
774 3928 877 3993 prope
892 3910 1057 3977 Crantoris
1073 3923 1224 3991 mentem,
1242 3915 1298 3994 qni
1317 3915 1472 3980 mnndum
1485 3931 1547 3978 con·

446 4013 526 4076 didil
540 4014 572 4074 in
586 4013 718 4076 lanmani
732 4012 858 4092 generis
870 4031 976 4077 nanrn.
996 4012 1138 4096 ldeoqna
1157 4019 1189 4086 in
1204 4015 1320 4079 inlnro
1333 4017 1460 4092 aecum,
1474 4031 1546 4080 nor·

446 4123 479 4178 ta
499 4114 634 4191 abolita,
656 4115 820 4179 daemonis
840 4121 999 4193 potestate
1018 4115 1165 4194 samen,
1188 4135 1367 4198 corporeae
1389 4124 1545 4182 creaturae

445 4216 692 4296 regeneratione
703 4214 849 4295 expleta,
864 4213 993 4280 Christo
1015 4216 1246 4299 triumphante,
1259 4237 1336 4284 cnm
1358 4220 1458 4285 inerit
1471 4217 1546 4282 usas

375 4373 378 4380 .
444 4316 554 4381 onnia
568 4315 600 4378 in
613 4315 778 4388 omnibus,
792 4315 888 4378 etiam
908 4317 1021 4382 inistis
1040 4319 1136 4382 astris
1156 4323 1220 4385 erit
1234 4317 1322 4386 Dens
1340 4321 1437 4386 sicntl
1458 4319 1490 4384 ia
1503 4333 1547 4381 cr·

447 4415 536 4480 teria.
551 4413 642 4480 llaec
659 4423 771 4480 aeman
791 4416 832 4478 ad
847 4433 885 4480 ea
907 4417 1076 4482 referenda
1097 4427 1185 4497 annt,
1201 4437 1287 4501 quae
1308 4421 1340 4484 in
1360 4422 1462 4502 prima
1475 4417 1545 4482 Per

447 4513 598 4581 telnsius
620 4516 892 4597 pertractavimus
911 4517 951 4582 de
975 4517 1125 4584 arcemn·
1147 4520 1289 4587 malitiae
1308 4522 1342 4586 in
1362 4521 1448 4586 lruac
1466 4531 1545 4582 nane
