3375 5567
170 797 237 856 nere,
251 797 305 844 non
325 781 524 864 sileremus,
547 801 653 864 neque
668 785 919 865 interrogemus,
938 801 1045 863 neque
1060 785 1250 863 toquentur,

168 885 238 964 nursi
249 884 382 947 audienti
396 886 526 966 spiritui
546 885 732 949 immundos
755 887 809 949 sed
826 891 1051 967 permanentes
1071 885 1103 946 in
1124 883 1247 949 oratio

169 985 239 1046 situs
256 991 285 1046 et
301 985 430 1065 jejuniis
451 989 662 1066 impetremus
682 987 814 1067 potienti
829 987 969 1050 satutem
984 1005 1001 1048 ι
1016 984 1086 1048 Deo
1093 1006 1105 1064 ;
1126 992 1160 1048 et
1179 983 1246 1046 ant-

167 1103 253 1164 puus
268 1085 396 1167 jeiuniis
417 1097 449 1151 et
469 1089 672 1152 orationibus
693 1089 811 1152 nostris
831 1091 967 1168 spiritns
988 1087 1154 1166 malignos.
1178 1107 1196 1144 s

225 1183 329 1266 ltaque
346 1187 577 1251 animadversis
608 1207 694 1270 qnae
714 1191 747 1254 in
767 1207 799 1250 n.
821 1187 854 1251 7.
877 1188 973 1251 nocet
993 1185 1151 1267 Origenes
1170 1203 1246 1249 cun

165 1289 287 1367 inpune
305 1289 460 1352 dicuntur
474 1289 506 1352 in
527 1309 558 1352 n.
579 1288 610 1355 6.
634 1291 771 1370 (emese
794 1292 825 1352 in
844 1289 946 1353 veteri
967 1290 1065 1350 totino
1089 1287 1250 1368 interpre-

167 1388 276 1462 tatione)
296 1407 426 1468 paruos,
442 1389 627 1454 ostenditur
639 1391 725 1454 inter
736 1409 771 1454 se
789 1409 827 1454 en
843 1385 1038 1454 convenire:
1053 1390 1097 1453 ito
1118 1397 1157 1452 nt
1173 1388 1251 1469 jore

165 1489 205 1550 itta
220 1491 311 1568 prino
325 1491 529 1554 excludendo
542 1492 637 1554 sinte
653 1492 796 1572 genuinis
810 1491 961 1570 (trigenis
970 1491 1098 1570 scriptia
1112 1497 1145 1552 et
1163 1487 1250 1552 Ano·

167 1605 239 1673 ayne
248 1592 415 1670 glossatori
429 1591 610 1655 tribuendo.
625 1591 798 1669 Quomodo
814 1610 891 1655 nune
907 1591 1117 1654 Adamantius
1131 1593 1162 1653 in
1173 1607 1205 1652 n.
1220 1587 1251 1656 ιι

166 1689 328 1754 toenonurn
346 1691 568 1756 tunntieornm
589 1692 766 1756 nomionis
781 1690 969 1755 difficultate
989 1691 1031 1752 ιιι
1052 1691 1090 1754 ιιι
1109 1689 1252 1754 conside·

167 1799 228 1867 rata,
245 1793 298 1872 qui
320 1793 383 1856 hoe
404 1809 578 1856 munerea
600 1791 669 1858 Deo
691 1793 828 1874 pollent,
850 1793 958 1855 ttinere
980 1798 1128 1872 poteret,
1150 1809 1251 1871 qnan-

165 1891 247 1972 toqne
260 1897 341 1974 ipseo
355 1896 398 1958 ιιι
413 1895 474 1958 hon
493 1913 592 1974 opera
613 1913 753 1974 nesure,
768 1903 804 1958 et
818 1893 993 1974 ntiqnandn
1009 1911 1084 1956 enm
1102 1890 1254 1974 precibus

166 1999 188 2055 st
200 1993 316 2074 jejuniis
335 1995 476 2082 alutem
497 1993 679 2077 consequi?
701 1993 789 2059 idem
810 1996 895 2058 euim
917 1995 979 2057 hoe
997 2002 1083 2057 esset
1102 2011 1140 2056 ae
1154 1993 1180 2055 si
1204 1992 1252 2054 ‹ti-

166 2103 233 2156 ceret
244 2093 410 2176 Origenes,
423 2098 601 2160 exorcistas
614 2097 806 2170 nescientes,
822 2105 879 2158 ant
894 2095 1038 2158 nolentes
1051 2111 1148 2157 orere
1161 2102 1195 2156 et
1205 2093 1254 2175 jo-

164 2193 265 2274 jurare,
285 2206 323 2262 nt
343 2197 517 2261 doemones
538 2197 709 2278 profligent
729 2215 747 2260 a
771 2197 965 2277 corporibus
975 2239 988 2271 ,
1007 2196 1049 2259 ab
1070 2197 1132 2258 troo
1151 2213 1253 2276 opere

167 2313 279 2374 msere,
299 2289 379 2379 quin
392 2307 635 2380 consequantur
646 2299 807 2363 effectum.
830 2297 872 2364 Ni
885 2305 987 2362 staret
1002 2298 1041 2361 de
1056 2299 1117 2361 huo
1139 2317 1173 2361 re
1188 2295 1252 2359 Do

167 2397 222 2458 nini
242 2407 461 2480 praeoepturu,
483 2399 515 2461 iu
538 2399 668 2480 quidem
685 2399 756 2463 fieri
774 2409 903 2481 posset,
926 2400 988 2463 hoo
1013 2417 1093 2463 nero
1113 2399 1253 2462 menian-
1308 2481 1313 2488 q

168 2506 233 2562 teet
248 2502 395 2566 omnibns
416 2507 515 2578 noto,
536 2503 736 2582 puteumque
767 2503 829 2568 nae
851 2503 974 2566 virtute
994 2507 1170 2582 praestant,
1192 2501 1252 2564 nisi

166 2601 349 2677 exorcismis,
381 2601 434 2666 rel
455 2601 615 2666 similibus
635 2601 799 2667 doemonis
820 2603 1045 2683 expulsionem
1065 2602 1253 2678 obtineant,

166 2701 286 2778 proteoto
297 2703 430 2785 jejuniis
444 2709 477 2768 et
490 2703 692 2768 orationibus
702 2705 830 2783 anetus,
842 2723 917 2768 com
929 2706 989 2768 iate
1001 2703 1149 2766 omnibns
1160 2719 1254 2782 proe-

166 2805 202 2862 sto
217 2803 293 2880 sint,
315 2805 383 2867 soti
406 2811 571 2885 compotes
592 2805 685 2868 flunt.
709 2803 825 2869 Videas
845 2805 1064 2885 igitnr'qnom
1085 2801 1192 2883 inepta
1212 2803 1255 2866 sit

167 2899 325 2980 hujusmodi
346 2907 516 2967 sententiar
537 2905 712 2985 utipsondo
729 2923 814 2984 apem
834 2905 976 2968 menesii
988 2904 1147 2987 objiciunt
1165 2921 1256 2966 enor-

166 2999 257 3076 n'ttue5
269 3003 449 3085 utiquondo
459 3004 605 3084 precibus
619 3015 649 3067 et
655 3003 792 3086 jejuniis
806 3005 889 3068 tune
902 3003 1059 3069 attinent:
1071 3004 1163 3086 qusai
1179 3005 1255 3084 ipsis

164 3099 262 3180 jejunio
282 3112 316 3167 et
335 3105 500 3167 orationes
531 3105 784 3184 prohiberentur
805 3105 836 3167 in
857 3104 1144 3168 doemoniaeornm
1164 3102 1252 3166 sain·

166 3209 223 3264 en.
243 3201 453 3284 Quapropter
467 3221 542 3266 enm
563 3203 711 3284 Oripeots
725 3205 864 3284 indigno,
888 3221 947 3268 neo
961 3221 1024 3268 non
1039 3203 1254 3267 contronietn·

166 3299 201 3360 ria
215 3305 361 3380 sermoni,
385 3321 485 3384 quens
506 3313 615 3385 posteo
637 3305 678 3368 ne
699 3306 760 3370 noe
780 3312 974 3386 argumento
989 3304 1170 3380 contexuit,
1190 3320 1257 3365 nro·

167 3401 337 3470 niteateotnr
357 3405 500 3469 discusso
522 3407 554 3468 in
574 3409 673 3470 citato
687 3409 893 3488 paragrapho
911 3406 942 3473 6.
964 3425 1003 3470 ao
1023 3407 1203 3469 desiderata
1224 3405 1256 3467 in

169 3507 247 3568 reteri
261 3507 358 3570 iatine
376 3505 658 3588 interpretatione,
671 3511 797 3571 merito
818 3501 904 3571 inter
923 3509 1109 3592 apocrypha
1130 3493 1260 3570 censen-

167 3602 291 3680 nsunt,
314 3624 500 3688 graecoque
522 3607 700 3692 nmnymo.
715 3607 927 3671 inscribenda.

232 3705 310 3770 Hine
325 3710 504 3788 progressis
518 3708 659 3772 ultorum
672 3708 761 3772 nobis
776 3709 864 3772 subit
877 3709 1044 3789 proposito
1057 3708 1134 3773 satis
1147 3716 1260 3789 aptnsn

167 3817 373 3885 annuentem
395 3805 542 3872 in‘ionsn
563 3807 649 3872 XVI.
665 3827 696 3872 n.
719 3808 749 3880 4.
766 3809 911 3891 ejusdem
933 3809 1179 3885 commentarii,
1201 3808 1258 3873 nni

168 3907 348 3990 ottingene
375 3909 596 3974 discutiuntur
618 3909 714 3972 vernn
743 3913 855 3974 rnntria
876 3912 1020 3974 fitiorum
1041 3909 1197 3974 Zebedaei
1218 3909 1258 3971 ιιι

169 4002 260 4071 teum
276 4009 433 4073 dinentisr
455 4008 508 4072 die
526 4019 562 4070 ιιι
575 4009 699 4072 sedem
717 4008 754 4071 ti
773 4009 836 4072 diso
856 4009 919 4089 fitii
932 4010 1004 4082 mei,
1025 4029 1110 4074 osus
1129 4011 1173 4071 oti
1185 4009 1261 4071 dee·

170 4113 268 4184 teront,
286 4119 315 4174 et
335 4111 418 4173 niter
435 4110 480 4174 ad
498 4107 662 4173 sinistrum
682 4108 718 4172 s'n
739 4129 836 4190 repon
856 4095 938 4175 tuos

505 4269 591 4334 Vetus
613 4269 836 4352 Interpretots'o
864 4273 867 4275 ’

234 4407 301 4474 nos
325 4421 370 4476 est
391 4431 494 4477 meum
514 4413 591 4476 nore
611 4411 697 4482 nonis
716 4423 774 4476 sto.
794 4435 811 4475 s
830 4413 977 4490 Quaeret
996 4421 1105 4478 entem
1134 4415 1193 4495 nni
1211 4431 1262 4479 ao·

177 4507 249 4581 ιὶιιιι
261 4523 307 4577 est
320 4513 452 4580 auditor
463 4511 665 4596 scripturae,
677 4513 755 4594 qnid
769 4516 810 4580 sit
822 4514 987 4582 interest
999 4515 1168 4582 dexterum
1182 4515 1264 4584 Jesn
