3375 5567
581 774 721 845 CAPUT
743 776 798 842 iv.
1208 674 1249 747 ⁴5

166 980 305 1045 barad
314 983 388 1062 fior,
406 981 673 1065 demoliendo
685 982 889 1049 damonibus
902 1003 942 1047 ea
959 983 1156 1049 Periarrbon
1179 984 1253 1051 on·-

188 1102 384 1251 {mm
396 1087 631 1167 explanantur,
652 1083 844 1165 Hieronymi
865 1096 893 1151 et
905 1082 1026 1169 llaffiol
1045 1085 1170 1151 collatio
1183 1105 1252 1151 oar·

160 1432 226 1555 He
241 1493 361 1557 enetta
382 1510 421 1556 ao
441 1491 638 1569 confutatio,
659 1510 743 1572 qnae
764 1490 901 1573 praelati
925 1489 1060 1568 Patren,
1084 1494 1250 1575 ooterlqno

101 1593 102 1600 ’
162 1591 260 1656 trustra
273 1592 487 1675 putaruntde
502 1609 661 1673 corporea
676 1592 914 1655 resurreetione
929 1610 992 1655 non
1010 1591 1112 1671 probo
1122 1591 1250 1658 donuin-

159 1712 185 1755 te
200 1693 378 1776 Origanem,
391 1695 431 1757 ed
451 1695 514 1757 alie
537 1711 762 1776 properemus,
785 1695 916 1775 quaein
932 1692 1029 1759 Libro
1047 1692 1103 1757 ΙΙΙ.
1123 1694 1250 1759 Perier-

99 1814 101 1887 ,
159 1792 221 1854 ebor
238 1813 264 1859 o.
284 1792 340 1857 vt.
364 1814 397 1857 u.
417 1793 448 1861 3.
461 1795 502 1858 ab
522 1796 591 1875 ipro
612 1795 843 1874 expenduntur
864 1794 903 1859 de
922 1795 1019 1876 buint
1042 1796 1151 1860 mundi
1173 1795 1269 1871 tina,·

100 1904 101 1909 ’
159 1892 243 1975 dequo
261 1904 416 1960 ornatura
436 1896 587 1961 rationali
602 1897 782 1977 reparanda
801 1896 840 1958 ad
858 1896 949 1965 illam
969 1896 1119 1960 eximiam
1142 1898 1251 1961 nondi-

161 1992 273 2074 tinnern;
305 1996 339 2059 in
361 2014 427 2077 qna
448 1996 591 2077 nmmum
620 1995 764 2058 condidit
784 2012 856 2059 eam
878 1995 986 2060 Deua:
1009 2005 1037 2057 et
1063 1994 1143 2062 vidit
1164 1994 1247 2059 Deua

162 2095 249 2159 onorio
266 2116 350 2179 qaae
360 2098 493 2176 smol,
504 2107 534 2161 et
551 2106 642 2161 oram
660 2097 752 2161 eatae
761 2098 852 2161 tona.
876 2096 972 2175 Quod
987 2115 1064 2161 aeno
1086 2098 1152 2174 liet,
1172 2116 1248 2163 curn

160 2195 303 2263 tatrnoto
326 2200 445 2263 morlia
464 2196 595 2274 aculeo,
616 2206 750 2279 peceato
770 2199 803 2260 in
822 2214 921 2263 carno
935 2198 1070 2273 abolito,
1091 2199 1152 2261 erit
1167 2197 1249 2261 Dera

161 2298 246 2362 raaia
264 2300 299 2365 ia
317 2299 477 2363 omaibat.
502 2297 545 2363 tlt
564 2299 628 2363 boo
646 2307 707 2375 eat,
728 2299 817 2381 qnod
836 2300 928 2364 illam
949 2304 1123 2365 oonatituot
1137 2296 1248 2381 potio-

160 2399 290 2477 Μαι»
309 2401 397 2466 idest
420 2402 719 2481 regenerationem,
748 2418 821 2465 oeu—
838 2402 1108 2466 reatanrationom
1129 2402 1162 2465 in
1182 2400 1248 2482 pri·

159 2503 269 2581 tinum,
289 2512 351 2569 ant
372 2502 480 2585 potina
510 2502 751 2567 rationabilium
772 2501 1003 2583 perlectionem
1024 2510 1056 2567 ot
1077 2502 1248 2568 beatitudi-

160 2620 225 2682 aen,
243 2606 283 2671 do
300 2604 425 2687 quibua
444 2621 463 2668 a
483 2603 643 2686 prineioio
662 2606 792 2686 tropina
817 2603 1016 2685 diaputetum
1037 2611 1096 2669 eat

577 2805 679 2871 Verrio
704 2803 823 2888 ilaffini

221 3006 369 3075 liulbnua
389 3010 500 3091 itaqna
517 3010 615 3093 juata
638 3008 820 3090 argnmenti
841 3008 941 3090 bujua
960 3006 1119 3083 ordinem,
1141 3004 1257 3088 Orige-

161 3108 196 3169 nio
212 3127 362 3189 graecum
382 3111 528 3175 oodioem
541 3117 675 3175 aenntno
698 3108 865 3173 vertebatx
889 3106 1048 3171 «Verum
1070 3107 1162 3172 latam
1183 3122 1257 3188 par-

161 3208 309 3279 toetionem
329 3232 371 3277 ao
396 3212 627 3279 beatitudinem
657 3210 902 3275 rationabilium
930 3216 1181 3286 creaturarum,
1205 3209 1258 3273 rel

161 3319 332 3380 uterorum
354 3317 401 3377 ita
428 3314 559 3379 demum
580 3313 712 3395 quidam
741 3328 932 3392 permanere
952 3311 984 3373 in
1012 3310 1125 3375 eodem
1146 3316 1256 3387 atatn,

161 3430 213 3491 qno
228 3436 325 3498 supra
349 3417 509 3494 diximus,
530 3424 668 3497 nnmnt,
690 3413 773 3477 ideat
792 3420 831 3476 ut
851 3409 956 3475 Deum
977 3411 1083 3474 omnia
1106 3410 1257 3487 babeant,

160 3520 185 3573 et
195 3512 273 3583 neus
293 3519 341 3583 eia
361 3518 405 3584 alt
420 3518 541 3594 omnia,
562 3517 589 3581 ai
603 3517 792 3581 nauatenna
811 3530 868 3577 eas
882 3512 1018 3577 aonietaa
1032 3519 1169 3576 naturae
1185 3530 1258 3575 onr-

161 3620 261 3694 nortlia
280 3629 446 3685 amoveat.
476 3617 633 3701 Alioquin
653 3619 839 3683 existimant
860 3618 996 3698 gloriam
1016 3631 1164 3680 summae
1185 3614 1260 3677 bea·

162 3715 284 3784 titudinis
303 3721 477 3804 impediri,
499 3721 525 3784 ai
547 3718 724 3784 materialis
744 3718 942 3782 anbatantire
968 3719 1183 3781 intonaretur
1202 3713 1258 3776 ad·

160 3820 264 3883 nirtio.
286 3820 336 3885 De
357 3839 424 3902 qua
445 3838 483 3883 re
502 3820 630 3900 plenina
646 3819 779 3895 anobit,
801 3834 887 3899 quaa
908 3819 939 3879 in
959 3816 1185 3898 auperioribua
1205 3832 1259 3879 oo·

161 3930 278 3983 torrere
297 3932 452 4004 potuere,
474 3926 670 4002 pertractnta
691 3927 780 3994 aunt,
798 3928 902 3999 atque
924 3918 1058 3997 dignata.
1080 3934 1097 3973 o

225 4018 352 4086 llorum
374 4027 484 4085 autern
513 4038 639 4084 anmma
663 4020 860 4095 verborum,
893 4020 993 4083 voluti
1015 4018 1106 4082 nobia
1129 4016 1261 4081 tradidit

164 4109 304 4197 inibunt,
326 4129 565 4203 eonaoquenter
584 4120 662 4192 illio,
683 4138 768 4201 quae
789 4120 922 4202 propina
944 4120 1069 4184 conruit
1088 4117 1258 4197 Origenes,

164 4219 329 4286 revolvitur
349 4224 382 4284 in
402 4222 573 4303 qnondam,
595 4220 665 4285 lieri
687 4238 750 4284 noo
772 4238 864 4302 ponae
882 4220 1061 4300 rogitantes
1076 4216 1174 4281 mum
1195 4234 1259 4279 earo

165 4318 255 4383 mota
273 4321 310 4384 io
328 4323 474 4386 omnibns
494 4323 526 4384 in
546 4321 823 4385 ooaanmmatione
844 4338 970 4397 rernm,
992 4339 1034 4383 ea
1054 4337 1122 4400 qno
1143 4327 1259 4381 natura

165 4434 301 4499 corporea
316 4423 458 4487 divinem
479 4424 649 4487 canentiam
670 4422 841 4503 impediret
855 4423 1030 4503 quominus
1051 4438 1126 4485 oum
1148 4436 1186 4482 aa
1207 4436 1258 4481 ao·

169 4516 301 4587 tiaretnr.
325 4522 374 4591 De
389 4542 455 4607 qna
477 4542 514 4588 re
532 4540 631 4606 aapra
646 4530 758 4605 egerat
777 4522 946 4604 Origenes,
965 4521 1161 4605 distinguent
1182 4534 1264 4599 quo·
