3375 5567
467 777 492 839 li
512 776 548 839 im
568 777 685 839 ιιιιιιι
706 770 820 837 mostis
850 770 929 837 Sino
951 770 1093 853 Angelus
1114 770 1148 835 iss
1172 771 1244 852 ipsse
1263 772 1403 852 ιιιιιιιιιι
1421 766 1559 831 mit...

465 878 584 941 diceus:
596 896 651 959 epo
665 895 735 941 sum
747 873 970 955 Deurpntrum
984 883 1110 935 tuorum
1123 883 1179 937 etc.
1195 871 1274 938 Etsi
1289 875 1389 937 sancti
1404 870 1459 936 llei
1476 871 1561 936 honsi-

468 1000 523 1044 ιιι
550 980 703 1043 divinitus
723 976 824 1041 adlati
854 976 1047 1040 dominicam
1071 978 1254 1039 missionem
1284 984 1495 1056 exponentes,
1513 992 1562 1037 nec

463 1080 621 1145 unimode
635 1080 819 1145 detestande
838 1074 1046 1157 expositione,
1064 1074 1122 1141 Dei
1144 1075 1264 1143 Filium
1280 1076 1407 1152 lesum,
1422 1085 1453 1139 et
1475 1074 1563 1139 [ιιιι

465 1182 609 1255 Patrem,
626 1182 756 1263 angelos
771 1180 967 1261 quandoque
985 1181 1201 1260 nuncuparlnt
1210 1201 1222 1259 ;
1239 1197 1342 1243 nonne
1358 1174 1565 1259 potneritOri·

467 1302 577 1362 genes,
592 1282 705 1346 eadem
720 1300 800 1345 usus
820 1278 1061 1357 assimilatione,
1084 1284 1116 1343 ic
1136 1280 1265 1345 dnobus
1287 1279 1454 1362 Seraphim
1474 1280 1565 1363 mysti-

464 1404 502 1449 ce
523 1385 691 1462 designare
712 1380 770 1446 Dei
794 1380 914 1445 Filium
937 1390 969 1445 et
990 1380 1146 1463 Spiritum
1169 1380 1351 1446 Sanctum?

542 1485 695 1549 Ceterum
711 1504 810 1565 quam
830 1493 905 1563 apte
919 1482 1076 1563 Origenes
1092 1484 1193 1548 lsaiae
1211 1485 1308 1547 recha
1331 1484 1372 1546 de
1387 1484 1508 1547 dnohns
1520 1481 1564 1545 Se·

465 1587 593 1668 raphim
606 1587 833 1662 clamantibus,
850 1586 955 1649 altero
969 1585 1008 1647 ad
1025 1586 1179 1661 alterum,
1196 1586 1488 1671 accommodaverit
1501 1585 1564 1649 dna·

464 1690 525 1752 hus
547 1687 630 1751 Filio
651 1698 685 1753 ct
703 1688 837 1769 Spiritui
860 1686 977 1753 Sancto
998 1688 1217 1751 sanctissimae
1238 1686 1405 1751 Trinitatis
1422 1687 1563 1761 Perennis,

462 1791 529 1871 jem
551 1808 593 1853 ex
615 1789 768 1869 praetatis
791 1797 891 1870 pstet;
914 1798 947 1852 et
967 1789 1106 1869 amplius
1123 1808 1164 1851 ex
1185 1790 1397 1871 sequentihus
1414 1809 1443 1853 n.
1464 1783 1565 1869 deins·

464 1893 537 1955 dem
561 1888 723 1955 homiliae
743 1890 847 1954 dictis:
872 1888 948 1953 «Et
968 1892 1077 1954 doinus
1092 1890 1221 1973 impletu
1241 1893 1398 1972 estsumo:
1421 1909 1461 1954 cx
1475 1892 1566 1953 remis·

463 1995 554 2058 aione
575 1993 654 2072 ignis
676 2002 792 2056 cuncta
814 1994 945 2074 impleta
978 2001 1026 2057 est
1046 1992 1172 2057 domus.
1196 1990 1320 2057 anns
1342 2000 1452 2057 antem
1482 2010 1565 2069 sapor

464 2095 616 2174 igniscat.
637 2091 677 2155 Et
698 2091 817 2157 dinizo
838 2093 934 2156 miser
948 2111 1013 2176 epo,
1035 2094 1184 2176 quonium
1199 2090 1565 2174 compunctionumque

463 2193 615 2259 sumaim
635 2194 724 2257 ιιιιι
743 2205 772 2256 et
793 2193 957 2257 immunda
977 2192 1063 2258 ludin
1083 2192 1222 2257 ιιιιιιι.
1244 2192 1316 2258 Νιι
1340 2213 1471 2275 possum
1485 2196 1563 2257 senti·

464 2316 513 2371 re,
534 2314 638 2376 quare
659 2296 882 2359 humiliaverit
897 2299 1037 2377 seipsum
1062 2295 1168 2362 lasiae.
1189 2295 1310 2361 Verum
1335 2296 1427 2362 dicii:
1442 2298 1563 2359 testimo·

462 2400 553 2461 nium
568 2397 651 2460 enim
674 2397 728 2459 dat
741 2394 925 2477 Scriptura,
948 2399 1023 2478 quia
1040 2398 1110 2478 ejus
1132 2397 1334 2461 mundantur
1349 2398 1435 2461 iahia
1456 2397 1494 2459 ah
1509 2413 1560 2459 ιιι

464 2519 508 2561 ex
528 2497 712 2578 Seraphim,
733 2499 790 2579 qni
811 2500 927 2564 missus
949 2508 996 2563 est
1018 2500 1056 2563 ad
1078 2499 1254 2563 auferenda
1278 2500 1351 2581 ejus
1375 2511 1510 2581 peccata.
1529 2494 1562 2560 U·

462 2618 523 2663 nus
545 2611 655 2664 antem
676 2619 718 2663 en
739 2598 908 2681 Seraphim
932 2600 1086 2665 Dominus
1109 2620 1200 2665 mons
1221 2599 1317 2664 Jesns
1340 2600 1487 2667 Christus
1506 2607 1559 2672 est,

462 2702 519 2781 qui
540 2701 579 2763 ad
601 2701 779 2765 auferenda
802 2709 932 2782 peccata
955 2710 1077 2777 nostra,
1101 2720 1118 2763 a
1141 2699 1237 2765 Patre
1259 2704 1378 2764 missus
1400 2712 1460 2779 est,
1480 2708 1509 2763 et
1526 2698 1562 2759 di·

461 2803 516 2867 cit:
532 2820 598 2866 ecee
616 2802 731 2867 ahstuli
740 2812 870 2883 peccota
884 2814 952 2879 tuo,
967 2813 993 2865 at
1008 2800 1192 2885 iniquitates
1206 2811 1280 2865 tuus
1293 2798 1559 2867 circummundavi.

462 2903 532 2971 Nec
552 2913 646 2985 putes
667 2915 804 2968 naturae
824 2906 1068 2983 contumeliam,
1091 2906 1117 2967 si
1141 2902 1244 2969 Filius
1265 2924 1282 2966 a
1306 2904 1407 2969 Patre
1429 2904 1558 2967 mittitur.

461 3004 609 3087 lienique
632 3016 669 3070 ut
690 3008 844 3071 unitatem
868 3006 1003 3071 Deitatis
1035 3008 1066 3071 in
1089 3005 1245 3071 Trinitate
1267 3026 1466 3088 cognoscas,
1487 3006 1559 3071 solut

462 3108 610 3173 Christus
631 3111 664 3173 in
686 3110 846 3189 praesenti
868 3109 1006 3173 lectione
1040 3126 1125 3173 nnnc
1145 3117 1277 3189 peccata
1299 3109 1434 3173 dimittit
1446 3128 1458 3188 3
1478 3114 1507 3171 et
1525 3114 1560 3169 ts·

460 3228 534 3274 men
553 3222 680 3275 certum
696 3220 744 3274 est
763 3210 954 3275 alriuitaie
976 3220 1106 3293 peccata
1121 3211 1249 3277 dimitti.
1273 3210 1338 3287 Qui
1355 3214 1441 3277 enim
1462 3212 1491 3273 lu
1510 3225 1560 3271 uno

461 3312 649 3388 crediderit,
671 3312 775 3375 credit
789 3314 820 3375 in
840 3314 1000 3377 omnihus.
1018 3312 1191 3393 »ideoque
1208 3312 1373 3377 immerito
1394 3314 1504 3395 quavis
1522 3326 1561 3371 ra·

462 3415 560 3490 tione,
582 3432 667 3495 quae
689 3417 822 3499 mystice
843 3416 883 3478 de
903 3415 1032 3479 duobus
1047 3412 1216 3496 Seraphim
1237 3417 1452 3495 pertractarit
1466 3412 1560 3489 Orige·

460 3533 516 3579 nes
534 3516 566 3578 in
587 3516 647 3580 hac
663 3513 819 3590 llomilie,
832 3516 1047 3581 detestandum
1066 3515 1292 3597 expositionem
1316 3519 1445 3581 roravit
1464 3533 1487 3579 s.
1502 3508 1561 3575 tite·

465 3634 630 3700 ronymus.

541 3718 589 3781 hc
604 3718 732 3781 interim
748 3717 831 3782 siah
847 3720 895 3782 his
910 3716 1002 3785 dictis
1016 3720 1219 3800 arguendum
1235 3721 1276 3784 sit
1294 3720 1333 3783 de
1352 3722 1478 3793 ceteris,
1493 3728 1559 3795 quii

459 3820 618 3881 adsersus
637 3816 811 3897 Origenem
833 3839 859 3883 s.
883 3818 1006 3883 Doctor
1030 3822 1191 3903 compegit
1212 3822 1485 3891 insimulationes,
1504 3814 1559 3877 site

458 3940 513 3985 ex.
535 3938 565 4000 g.
586 3940 629 3983 ιι
650 3917 896 3985 Commentariis
917 3922 1098 4002 decerptas,
1131 3931 1189 3985 nni
1209 3942 1227 3985 e
1249 3921 1401 3999 Scholiis,
1424 3912 1560 3985 sicelio·

462 4023 557 4086 miliis
578 4026 610 4086 iu
630 4020 746 4087 Sacras
768 4022 966 4103 Scripturas,
997 4042 1055 4087 sen
1077 4023 1220 4101 aliunde,
1249 4024 1365 4087 similia
1388 4030 1559 4105 praeterens

460 4124 662 4204 reprobanda
677 4143 718 4188 ac
731 4125 942 4201 emendanda,
968 4126 1069 4189 relnti
1092 4125 1261 4206 hucusque
1282 4126 1420 4201 ostendi,
1434 4130 1557 4189 statuere

459 4226 538 4289 dum
566 4226 651 4289 ieret
672 4229 705 4290 in
735 4226 803 4291 duo
824 4226 992 4291 oliendisse
1026 4224 1273 4311 llieronpmnm.
1299 4225 1464 4299 Primum,
1484 4214 1556 4301 qued

458 4328 608 4407 origenis
630 4328 762 4392 laiseins
783 4326 909 4392 codices
932 4346 1065 4411 graccos
1089 4326 1286 4391 Periorchon
1306 4328 1422 4409 legerit
1434 4346 1446 4407 3
1468 4320 1556 4403 proin·

457 4429 564 4510 deque
584 4447 647 4492 non
667 4427 825 4509 Origenes
845 4430 887 4492 ob
902 4432 962 4494 hoc
984 4430 1196 4511 damnandus,
1214 4430 1269 4493 sed
1293 4429 1436 4493 falsator.
1453 4425 1557 4492 Secun-

459 4530 551 4607 dum,
573 4529 661 4611 quod
683 4533 783 4611 ipsius
803 4529 953 4611 Origenis
976 4534 1128 4613 genuinos
1144 4532 1270 4597 codices
1291 4530 1398 4611 legens
1414 4524 1552 4601 uterem-
