3375 5567
181 818 333 887 sumsere
351 807 450 872 alicui
472 805 524 872 rei
544 805 725 884 numinum,
750 806 958 873 solatiorum
977 805 1189 874 animantium
1206 827 1262 890 ps·

179 909 276 972 assai
287 929 299 988 3
316 909 371 973 sed
389 921 520 974 neeesse
540 918 590 974 est
608 909 732 990 aliquid
754 916 928 990 exeeptum
949 927 1031 980 esse,
1054 907 1190 990 ilaoque
1209 910 1258 974 ii·

177 1026 263 1089 pun,
282 1011 332 1074 eui
352 1011 442 1074 uuila
472 1027 608 1090 prorsus
629 1013 843 1092 nosuparatio,
873 1029 937 1076 non
958 1012 990 1075 in
1012 1010 1109 1075 rebus
1134 1012 1257 1087 solum,

176 1111 216 1174 sel
228 1129 262 1174 ue
274 1112 304 1173 in
317 1112 510 1191 cogitatione
527 1113 671 1192 quidem,
690 1113 741 1177 rei
754 1131 852 1178 seusu
866 1112 1003 1178 inueniri
1019 1119 1136 1192 potest,
1150 1120 1188 1176 ut
1200 1112 1263 1177 lau·

176 1231 245 1275 nana
263 1215 411 1295 ospitatio
427 1217 525 1295 possit
544 1215 786 1296 apprehendere
801 1215 967 1296 quomodo
989 1215 1147 1294 ingenitus
1171 1211 1260 1277 Deus

173 1315 286 1379 elicitur
305 1316 401 1380 Pater
421 1313 580 1397 Unigeniti
603 1314 688 1378 Filii.
712 1314 958 1396 »Quapropter
979 1314 1039 1377 hae
1052 1321 1158 1378 stante
1177 1314 1261 1377 anti-

172 1414 237 1495 inpia
255 1435 380 1493 eorum,
402 1435 487 1497 quaa
507 1418 663 1496 leguntur
683 1417 716 1479 in
737 1423 828 1479 textu
852 1431 970 1496 praeeo
985 1413 1094 1478 iiuetii
1115 1431 1191 1476 uum
1207 1414 1258 1489 iis,

171 1536 235 1596 qnae
252 1535 401 1599 expresse
421 1519 533 1583 sonuit
557 1520 589 1582 iu
612 1518 715 1584 Libris
738 1517 782 1584 De
804 1515 984 1596 Principiis
1004 1515 1174 1596 Origenes,
1197 1533 1261 1579 nou

171 1627 223 1682 erat
246 1629 333 1685 sotus
354 1619 519 1701 interpres
533 1621 575 1683 alt
591 1619 711 1684 iiuetiu
729 1620 967 1702 reprobandae,
980 1620 1073 1698 quasi
1087 1618 1169 1682 dura
1185 1619 1261 1684 lsuic

169 1717 383 1785 immmario
411 1723 618 1802 imeruisset3
641 1722 696 1786 asti
726 1722 942 1787 amanuensis
967 1739 1128 1801 graecus,
1147 1722 1207 1801 qui
1227 1723 1260 1784 ia

169 1823 578 1902 tumeribanaliareotiioilsus
599 1824 804 1904 origenianis,
827 1824 959 1886 eosdem
979 1823 1104 1913 pariter
1122 1830 1156 1888 et
1188 1821 1260 1902 qui·

167 1921 223 1986 len
239 1924 411 1989 arbitraris
435 1932 671 1990 commentatus
692 1933 753 2000 est,
781 1923 919 1990 Auctori
940 1924 1146 2002 ,adscribens
1173 1941 1259 2006 uuae

166 2039 213 2086 aaa
229 2027 332 2090 sensit
358 2023 576 2104 emisseque,
593 2024 712 2090 relicto
724 2041 846 2104 graecu
863 2031 969 2100 textu,
984 2023 1024 2088 sl
1048 2033 1190 2090 veterem
1212 2024 1260 2086 ia·

168 2123 244 2187 tinam
262 2124 525 2190 i'rsmlatiousm
543 2143 721 2192 conversas
736 2124 900 2203 iluetias,
923 2125 971 2192 rai
994 2127 1163 2190 veritatem
1185 2129 1260 2192 atti·

164 2227 252 2306 μοι,
271 2229 318 2292 uti
338 2227 418 2309 iure
438 2228 470 2290 iu
485 2245 525 2292 se
546 2225 740 2304 habetatur,
755 2229 902 2309 ingenue
921 2228 1138 2307 explanatam.

226 2326 396 2393 Praeterea
418 2329 481 2392 alis
503 2329 580 2393 item
609 2329 830 2411 oorrnptiouis
851 2337 927 2394 uota
949 2329 1130 2410 percipitur
1156 2328 1189 2393 in
1208 2347 1258 2392 se·

162 2431 328 2510 sumtibus,
352 2429 411 2494 unt
432 2431 512 2497 haec
533 2431 631 2494 habet
653 2438 746 2498 aetas
768 2430 953 2514 interpres:
976 2453 994 2492 s
1016 2430 1059 2496 iit
1082 2431 1214 2512 qnaeris
1233 2433 1261 2494 si
1314 2430 1317 2440 '

161 2529 437 2596 inrmurraetione
456 2541 592 2613 pusauut
611 2551 682 2598 esse
701 2541 734 2596 st
755 2534 901 2600 aliorum
923 2533 1056 2613 nuptiae
1079 2532 1260 2597 seeundum

161 2635 269 2715 nuptias
289 2633 426 2700 Christis
439 2643 508 2699 aut
522 2637 636 2716 potius·
650 2636 742 2701 solus
756 2636 905 2702 Christus
923 2653 1074 2716 sponsus,
1089 2636 1258 2700 destruens

160 2738 267 2816 nuptias
287 2755 416 2812 unes,
432 2737 528 2802 iaalet
548 2738 689 2818 nuptias,
707 2746 745 2804 ut
763 2738 826 2802 sint
839 2736 908 2802 dno
927 2739 961 2802 iu
977 2753 1075 2802 earne
1096 2754 1172 2802 unas
1190 2753 1257 2800 ms·

159 2837 195 2916 p's
220 2847 415 2904 sutem-uon
443 2840 552 2904 solum
571 2839 638 2905 tino
659 2840 692 2904 in
720 2857 818 2905 earne
840 2858 930 2914 uus,
949 2839 1006 2904 set
1034 2840 1101 2904 tino
1124 2841 1259 2922 spiritus

157 2947 240 3016 naua
252 2940 337 3005 lieet
352 2956 488 3020 sponsus
502 2949 535 3005 et
548 2959 676 3022 sponsa.
691 2959 707 3000 s
721 2939 785 3006 ista
799 2959 901 3022 porro
915 2943 960 3005 ita
975 2959 1017 3006 ex
1033 2949 1127 3006 textu
1142 2957 1261 3020 grasso

160 3042 322 3106 oaluutur
344 3042 386 3104 ab
407 3039 540 3104 iiuetlo:
565 3063 582 3102 s
604 3040 750 3118 Quaeret
771 3049 883 3107 antem
904 3044 1021 3124 aliquis
1035 3062 1076 3106 an
1097 3043 1197 3122 quale
1213 3051 1262 3106 est

156 3143 181 3204 ln
196 3151 404 3209 mortuoram
428 3144 669 3208 resurreetione
689 3145 796 3226 sponsi
817 3146 1076 3220 matrimonium,
1100 3144 1175 3211 talia
1197 3146 1290 3216 siut.

155 3250 184 3306 st
199 3246 257 3308 alia
273 3245 493 3310 matrimonia:
509 3263 550 3308 an
565 3247 598 3310 iu
612 3253 820 3312 mortuorum
834 3247 1037 3312 surreptione
1057 3263 1194 3326 sponsus
1209 3263 1261 3309 so-

157 3342 217 3422 lus,
236 3349 325 3412 omni
354 3345 755 3426 aisropatotuatrimonio,
777 3347 844 3427 ipsa
867 3346 1109 3434 matrimonium
1131 3353 1261 3409 eontra·

155 3443 202 3520 iit,
215 3466 276 3512 nou
290 3467 361 3530 quo
376 3448 443 3512 tino
458 3454 556 3512 arunt
570 3449 602 3510 in
617 3465 714 3512 earne
728 3463 805 3522 uua,
817 3446 874 3512 sei
888 3465 956 3528 quo
967 3464 1034 3510 uno
1049 3460 1150 3528 uupm
1162 3447 1259 3526 spiri·

155 3551 210 3610 tun
219 3565 376 3630 sponsum
390 3562 607 3628 sponsumque
623 3547 755 3612 loturos
770 3547 880 3612 (linere
897 3549 997 3626 magis
1007 3553 1259 3612 consentaneum

155 3657 202 3712 est.
222 3667 238 3708 r
261 3649 337 3714 iius
358 3650 455 3712 stiam
470 3647 711 3714 subestleotur
724 3667 764 3714 ao
780 3649 922 3730 judicet,
941 3649 998 3712 ulti
1019 3649 1122 3728 magis
1137 3666 1259 3712 sermo·

154 3749 191 3812 nis
208 3754 290 3816 ratio
311 3759 346 3815 et
365 3751 497 3815 claritas
518 3758 673 3832 praestet,
696 3769 775 3818 num
796 3753 953 3817 iuratori
978 3749 1258 3831 interpretatione,

154 3865 185 3912 aa
201 3851 230 3914 iu
249 3851 444 3932 Exemplari
474 3871 604 3932 prason.
634 3854 785 3918 Attamen
814 3869 891 3916 eum
914 3853 946 3915 in
968 3858 1062 3917 testu
1085 3868 1203 3932 praeeo
1223 3870 1259 3916 o·

154 3951 287 4018 nittstur
308 3970 448 4034 persona
469 3952 589 4018 Christi
609 3955 719 4035 (quam
741 3954 936 4033 interposuit
949 3961 983 4022 at
996 3952 1128 4034 unitam
1150 3969 1259 4018 neess-

151 4053 222 4116 saris
236 4055 368 4134 priseae
381 4053 544 4136 interpres
558 4056 835 4136 lannus‚·nuptiss
850 4055 1001 4136 mysticas
1014 4071 1073 4120 aen
1093 4053 1257 4134 spiritales

153 4150 178 4214 in
196 4154 308 4222 laturo
326 4156 443 4221 seanln
465 4159 719 4237 repraesentans)
747 4161 812 4220 tota
834 4153 1046 4222 ouuiuntlitur
1065 4154 1185 4227 orstio,
1211 4153 1253 4217 ita

153 4261 182 4316 ut
199 4257 251 4320 ria
270 4259 465 4322 relationem
485 4277 559 4323 num
583 4261 766 4341 praemissis
788 4258 931 4322 insenius
954 4264 988 4320 et
1010 4254 1163 4322 Auotoris
1183 4254 1256 4319 inde

153 4355 196 4419 sia
216 4361 402 4442 assequaris
422 4379 568 4442 scopum.

218 4457 291 4534 Pari
310 4461 389 4544 jura
408 4476 511 4525 norae
531 4478 668 4542 praseae
694 4459 834 4526 Editioni
857 4461 989 4526 vitietur
1010 4459 1107 4524 lectio
1131 4457 1248 4520 veteris

152 4552 417 4643 interpretation
438 4563 652 4645 praetereatis
672 4563 769 4640 iniis,
790 4579 876 4644 quae
889 4561 1047 4646 Origenes
1069 4558 1200 4624 ineunt
1212 4557 1253 4622 ie
