3375 5567
433 708 492 776 ¹66
515 810 633 876 datad
656 812 713 875 tias
733 812 896 892 augendas
916 810 1065 892 Origenis
1085 813 1301 893 secumettpsu
1321 809 1526 874 contradictio·

433 912 566 989 nes,'nti
591 912 668 976 uelit
688 932 713 976 ss
729 912 880 989 Basilius,
903 931 965 976 nun
988 915 1102 977 desunt
1117 913 1179 976 alin
1203 913 1301 993 lanius
1314 912 1434 990 generis
1454 911 1526 972 testi·

436 1014 539 1074 munia
564 1031 625 1092 pro
645 1032 704 1076 sua
726 1016 757 1075 io
778 1014 934 1095 Spiritum
957 1015 1109 1078 Sanctum
1132 1015 1260 1098 pietate.
1284 1011 1321 1074 lu
1341 1010 1435 1075 Libro
1456 1009 1476 1072 Ι.
1497 1008 1527 1070 in

317 1163 321 1171 .
435 1113 614 1194 Epistulam
635 1113 850 1179 aditomnium
871 1135 902 1178 n.
917 1114 966 1181 ttt.
989 1117 1113 1196 iuquits
1138 1137 1154 1176 u
1176 1113 1218 1180 Ut
1232 1116 1316 1178 e'uim
1338 1115 1485 1185 breviter,
1503 1117 1531 1173 et

436 1218 523 1280 omui
543 1219 575 1280 io
597 1235 698 1280 uuum
724 1217 861 1280 collecta
884 1217 1068 1280 delinitione
1089 1216 1258 1291 dicamus,
1287 1213 1425 1277 adorare
1444 1213 1531 1274 alium

434 1319 619 1398 quempiam
642 1325 773 1400 praeter
797 1316 938 1392 Patrem,
961 1324 993 1380 ct
1016 1316 1137 1380 Filium
1152 1324 1184 1378 et
1205 1316 1361 1396 Spiritum
1383 1314 1533 1384 Sanctum,

433 1419 604 1498 impietatis
619 1427 667 1482 est
688 1421 820 1482 crimen.
843 1438 860 1476 >s
878 1418 957 1481 item
979 1419 1011 1482 iu
1031 1416 1130 1480 Libro
1147 1415 1171 1480 Ι.
1192 1415 1235 1478 De
1251 1413 1428 1496 Principiis
1441 1432 1468 1476 c.
1482 1411 1532 1475 iil:

432 1538 463 1581 n.
486 1518 515 1584 l.
538 1520 604 1582 sit:
629 1540 646 1578 u
668 1518 719 1584 Ex
742 1520 860 1599 quibus
882 1521 1030 1584 omnibus
1059 1519 1196 1582 dicimus
1218 1525 1325 1582 tantae
1350 1535 1418 1580 esse
1437 1521 1534 1578 aucto·

434 1621 538 1696 citatis
560 1629 593 1683 et
614 1621 775 1699 dignitatis
796 1622 1014 1687 substantiam
1036 1617 1175 1700 Spiritus
1197 1617 1316 1694 Sancti,
1340 1626 1379 1682 ut
1398 1615 1535 1680 salutaris

433 1717 617 1801 Baptismus
633 1738 696 1785 nou
717 1723 814 1813 aliter
835 1722 894 1786 nisi
910 1721 1199 1786 excellentissimae
1220 1719 1366 1782 omnium
1389 1714 1537 1780 Trinitatis

434 1824 642 1897 auctoritate,
665 1818 874 1887 idealit’strts
895 1831 928 1888 et
949 1822 1022 1886 Filii
1043 1832 1074 1885 et
1096 1821 1235 1901 Spiritus
1260 1819 1368 1884 Sancti
1389 1816 1537 1896 cognom·

435 1925 564 1988 natione
578 1926 803 2006 complentem
826 1933 858 1988 et
880 1925 1019 2004 ingenito
1032 1922 1102 1988 Deo
1124 1923 1225 1998 Patri,
1248 1930 1281 1986 et
1295 1921 1458 2000 unigenito
1478 1917 1537 1996 ejus

434 2022 519 2088 Filio
541 2044 656 2089 nomen
678 2045 812 2107 quoque
839 2025 979 2106 Spiritus
1001 2025 1109 2090 Sancti
1138 2024 1324 2104 copuletur.
1350 2041 1366 2080 s
1389 2019 1433 2085 Et
1450 2021 1494 2083 sic
1511 2019 1537 2078 itt

435 2128 552 2190 ceteris
573 2129 723 2208 pluribus
744 2146 843 2208 supra
865 2128 972 2194 allatis
994 2127 1193 2190 testimoniis.

511 2225 748 2306 Suspicandnm
768 2229 840 2291 ideo
858 2234 928 2303 est,
950 2245 1026 2291 cnm
1046 2245 1072 2290 e.
1091 2224 1230 2290 Basilius
1249 2223 1306 2287 ltus
1328 2223 1495 2303 antilogies
1512 2220 1538 2282 in

435 2325 569 2406 Scriptis
582 2328 731 2408 Origeuis
752 2330 916 2394 notaverit
935 2327 974 2390 de
989 2328 1095 2391 diuina
1117 2326 1225 2392 Sancti
1240 2323 1380 2406 Spiritus
1394 2323 1538 2396 Pessum,

434 2443 470 2488 so
492 2443 554 2489 non
570 2427 610 2489 sd
626 2430 781 2508 genuinos
796 2429 950 2494 Auctoris
963 2429 1073 2492 ¹libros
1089 2427 1278 2502 contulisse,
1296 2425 1352 2490 sed
1368 2425 1407 2488 ad
1430 2424 1539 2506 opinio

434 2545 489 2590 nes
512 2527 632 2592 lurtive
653 2530 756 2593 eidem
785 2531 964 2610 adscriptas
986 2537 1020 2594 et
1039 2531 1070 2594 iu
1093 2530 1213 2609 vulgus
1235 2526 1393 2591 malitiose
1415 2526 1538 2597 delatas,

433 2629 549 2693 deinde
568 2648 586 2694 s
608 2628 788 2712 Theophilo
809 2639 842 2696 et
864 2650 882 2695 a
905 2630 1105 2715 Hieronymo
1131 2628 1168 2692 in
1188 2627 1334 2710 Epistola
1351 2625 1540 2699 eddadem

435 2747 630 2810 magnopere
646 2732 790 2796 tidelium
801 2733 938 2798 auribus
950 2733 1149 2813 praedicatus
1164 2731 1203 2794 ad
1215 2730 1366 2808 Oripeuis
1378 2728 1536 2792 detrimen

434 2838 514 2896 tum.
540 2829 614 2895 Nou
635 2834 745 2909 euim,
770 2835 818 2898 uti
840 2851 939 2915 supra
962 2834 1050 2908 diri,
1071 2832 1140 2896 lieri
1164 2831 1316 2907 videtur,
1343 2839 1379 2894 ut
1403 2840 1465 2894 tum
1486 2829 1540 2892 ire

433 2934 585 3011 quentius
607 2931 764 3014 Origenes
778 2945 890 2999 contra
912 2953 946 2998 se
968 2936 1029 2998 iret
1050 2935 1081 2996 iu
1095 2933 1258 3013 dogmate,
1280 2933 1370 3012 quud
1385 2933 1426 2994 ab
1446 2931 1538 3004 initio,

435 3031 509 3094 iidei
530 3051 610 3098 suae
637 3033 880 3100 luudsmeutum
906 3037 1023 3116 posuit.
1050 3033 1118 3098 Nec
1143 3034 1278 3115 proinde
1300 3051 1327 3096 s.
1343 3031 1482 3098 Basilius
1502 3033 1540 3094 ri·

436 3133 534 3196 detur
555 3135 733 3199 testimonia
751 3137 912 3199 contraria
935 3136 1077 3216 dogmati
1091 3137 1253 3200 catholico
1274 3134 1315 3198 de
1335 3133 1458 3215 Spiritu
1473 3132 1541 3198 San-

432 3242 497 3320 cto,
514 3236 658 3317 objicere
681 3239 840 3316 putuisse,
858 3239 915 3302 nisi
940 3257 1026 3317 quae
1047 3239 1087 3300 ab
1110 3238 1306 3302 adversariis
1328 3237 1458 3301 redacta
1480 3235 1541 3297 ine

433 3343 508 3401 rant
526 3338 596 3402 site
616 3338 659 3402 oit
679 3339 895 3418 interpretum
911 3340 1123 3418 imperitiam,
1145 3357 1202 3404 seu
1225 3357 1266 3402 ex
1282 3339 1451 3402 falsatione
1465 3334 1541 3400 cudi·

432 3453 523 3511 cum,
545 3456 602 3500 seu
625 3457 667 3502 ex
683 3439 802 3504 libellis
822 3440 915 3504 editis
937 3441 978 3502 ab
1001 3441 1168 3504 homiuum
1185 3457 1422 3520 perversorum
1435 3435 1542 3501 insidia

332 3602 335 3606 ,
434 3545 545 3599 contra
567 3539 739 3616 eumdem,
758 3547 795 3604 ut
816 3542 860 3604 ait
881 3559 906 3604 s.
926 3540 1124 3621 Pamphilus,
1150 3541 1288 3620 vulgatis
1307 3557 1368 3621 per
1388 3537 1540 3608 ecclesias,

364 3703 370 3712 ,
433 3638 481 3701 uti
498 3641 779 3706 verosimillimum
792 3649 849 3706 est.
864 3639 958 3717 Quod
979 3643 1140 3724 patentius
1164 3642 1246 3706 inlra
1263 3640 1538 3706 demonstrabitur.

515 3736 662 3820 Denique
682 3761 777 3807 nemo
798 3745 911 3820 nescit,
934 3761 1009 3807 cum
1031 3743 1070 3806 de
1093 3744 1268 3828 mysteriis,
1288 3745 1356 3806 site
1378 3742 1418 3804 de
1437 3753 1540 3820 supra·

430 3840 636 3906 naturalilsus
655 3844 776 3924 agitur¹
794 3845 892 3908 rerba
913 3863 1042 3925 semper
1057 3847 1161 3914 minus
1177 3863 1211 3908 se
1227 3845 1360 3914 habere.
1384 3843 1485 3906 mium
1499 3837 1541 3900 di·

433 3957 520 4016 cere,
543 3959 641 4019 quam
664 3961 716 4007 res
737 3945 818 4010 adeo
839 3946 978 4010 eximiae
1000 3946 1176 4024 postulant.
1200 3943 1411 4025 Quapropter
1430 3941 1456 4006 si
1473 3937 1540 4001 Ori·

433 4058 530 4120 peaes
551 4043 582 4105 in
610 4045 769 4110 similibus
791 4047 1003 4118 tractatibus,
1030 4047 1171 4127 penitius
1198 4045 1327 4112 studuit
1356 4039 1538 4106 tamardus

433 4147 569 4226 proprio
589 4148 764 4212 enucleare
783 4167 945 4224 sermone,
968 4167 1031 4214 non
1053 4157 1101 4214 est
1115 4149 1174 4214 nisi
1197 4157 1319 4212 temere
1334 4143 1537 4226 arguendum·

433 4245 539 4326 ipsum
564 4248 705 4313 voluisse
721 4257 852 4329 praetor
872 4251 1070 4315 catholicum
1091 4268 1222 4316 mosum
1242 4249 1282 4314 de
1303 4249 1351 4316 iis.
1362 4247 1536 4316 disserere,

431 4363 535 4426 quum
560 4366 657 4428 saepe
681 4349 890 4431 explicitam,
917 4353 1142 4430 sinceramque
1168 4348 1207 4412 de
1233 4347 1351 4412 Trirde
1382 4356 1536 4410 sacremu-

433 4455 485 4514 eta
506 4451 649 4514 emiserit
669 4451 914 4532 proiessiunem,
931 4454 961 4516 in
981 4453 1117 4516 essentia
1139 4452 1239 4518 trium
1263 4450 1447 4512 divinarum
1468 4443 1535 4508 ter

429 4566 584 4613 sonarum
607 4549 730 4631 Patris,
753 4553 841 4630 Filii,
863 4564 896 4619 et
917 4553 1055 4635 Spiritus
1077 4551 1206 4628 Sancti,
1234 4551 1313 4615 nihil
1334 4551 1457 4625 licere,
1482 4557 1533 4614 ⁰09
