3375 5567
337 711 348 726 ο
387 644 550 833 &osopo
568 760 677 822 setun
697 754 729 818 tu
751 753 871 820 talibus
891 754 1039 822 exbiberl
1059 755 1296 826 sermonibus?
1315 757 1398 828 Cum
1418 757 1497 822 emm

387 872 582 935 corporeum
603 862 716 932 putent
736 854 910 935 Origenem
933 855 1045 919 iecisse
1066 855 1193 934 Deum,
1216 876 1275 922 neo
1301 857 1384 922 illud
1416 858 1496 938 igno·

387 962 485 1029 rant,
508 954 612 1036 ipsum
639 974 681 1018 ex
710 954 849 1021 adverso
879 956 961 1024 bans
990 957 1172 1036 opinionem
1202 959 1390 1026 confutasse
1417 959 1495 1039 peni·

389 1064 451 1121 tus.
467 1054 548 1120 item
568 1075 644 1120 oum
664 1056 768 1138 ajunt,
785 1055 903 1122 Christi
919 1057 1120 1124 divinitatem
1136 1059 1313 1140 denegasse
1323 1081 1335 1140 3
1354 1060 1438 1128 band
1450 1079 1498 1124 nc
1602 1040 1603 1087 ¹

386 1157 492 1221 sciunt
512 1175 645 1241 quoque
668 1159 775 1240 ipsum
796 1175 1016 1240 propumesse
1032 1158 1199 1226 Christum
1215 1161 1285 1238 ilei,
1303 1159 1409 1226 Deum
1425 1180 1499 1238 csse,

389 1254 478 1322 Patri
499 1258 816 1334 consubstantialem,
838 1267 1008 1327 aeternnm
1032 1268 1092 1325 etc.
1116 1260 1272 1326 Similiter
1291 1262 1427 1331 aliosde
1441 1261 1503 1343 Spi-

389 1359 455 1426 ritu
474 1358 593 1425 Sancto
615 1369 704 1426 recte
722 1361 830 1436 sentit,
853 1360 932 1428 alias
949 1379 1014 1428 non
1029 1362 1118 1426 bene.
1136 1360 1216 1429 item
1231 1363 1407 1430 secundnm
1419 1360 1503 1428 Gbri·
1602 1411 1603 1436 ,

388 1462 429 1522 sti
457 1460 710 1540 redemptionem
730 1463 894 1536 adstruit,
916 1462 1032 1530 deinde
1054 1464 1146 1528 nulla
1176 1465 1303 1530 ratione
1331 1464 1413 1528 banc
1440 1463 1502 1528 lieri

389 1578 483 1640 posse
503 1562 676 1628 contendit
698 1561 827 1628 Pariter
848 1567 1029 1632 animarum
1053 1565 1339 1646 praeexistentiam
1365 1564 1504 1630 alinand-

389 1666 501 1740 mittit,
521 1664 601 1731 alias
621 1672 718 1746 negat
725 1685 741 1745 3
761 1667 840 1730 alies
860 1685 919 1747 per
935 1667 1103 1732 traducem
1120 1670 1242 1736 animas
1256 1669 1452 1748 corporibus
1464 1669 1505 1730 in·

389 1767 466 1842 seri,
486 1767 606 1832 sliasa
630 1765 698 1832 Deo
718 1768 785 1834 indi
805 1767 912 1832 docet.
936 1767 1026 1834 Alias
1047 1769 1230 1837 animarum
1257 1770 1505 1848 transmigratio·

390 1886 462 1932 uem
483 1878 680 1953 propugnat,
708 1870 789 1934 alias
809 1872 938 1951 penitus
958 1870 1115 1936 conlutat.
1131 1869 1219 1933 Alias
1235 1871 1396 1950 magicam
1410 1877 1505 1935 artem

392 1970 439 2036 nti
461 1970 577 2036 bonam
593 1973 703 2052 nostr,
717 1972 798 2038 alias
818 1979 1006 2036 execratur.
1024 1969 1228 2052 Quandoque
1242 1973 1434 2052 nuptiarum
1444 1989 1507 2036 san·

390 2075 535 2139 etitatem
557 2073 755 2150 celebrarit,
777 2072 954 2153 aliqnando
975 2073 1113 2152 despuit.
1136 2071 1236 2138 blodo
1260 2074 1401 2140 bominis
1428 2072 1506 2138 arbi·

391 2176 490 2239 trium
514 2182 644 2252 tuetur,
672 2192 759 2260 nuno
782 2173 877 2237 tollit.
903 2171 966 2236 ch
1002 2191 1114 2240 seram
1148 2191 1328 2253 corporum
1369 2191 1507 2238 resurre-

393 2275 532 2337 ctionem
554 2274 700 2354 latetur3
732 2274 777 2336 ibi
807 2273 876 2338 siue
897 2291 1036 2356 corpore
1062 2273 1207 2339 luteram
1239 2277 1507 2340 resurrectionem

393 2384 490 2442 tenet.
515 2374 560 2438 lbt
583 2377 753 2457 ingenitam
776 2375 947 2440 materiam
970 2373 1072 2437 dicit:
1094 2373 1171 2436 alibi
1188 2383 1296 2454 negat,
1312 2393 1353 2441 ec
1367 2374 1508 2455 pluribus

392 2477 592 2557 argumentis
612 2483 771 2552 creatam,
786 2477 817 2538 in
833 2475 1039 2540 adversarios
1057 2483 1205 2542 testatur.
1220 2473 1415 2558 Saepissime
1428 2486 1460 2541 et
1472 2475 1508 2541 sd

389 2578 557 2656 sexaginta
580 2577 665 2640 sices
689 2577 805 2656 dogma
829 2577 869 2640 de
890 2578 1081 2641 aeternitate
1102 2595 1280 2656 poenorum
1305 2585 1507 2658 propugnat:

394 2689 427 2745 et
446 2679 487 2743 ad
509 2678 578 2742 lere
601 2678 734 2742 totidem
759 2679 846 2743 sices
880 2678 957 2744 hnic
977 2678 1120 2758 dogmati
1149 2679 1279 2746 resistit.
1311 2678 1406 2744 Alias
1426 2681 1507 2756 dicit,

394 2782 566 2848 daemones
587 2780 763 2860 aliquando
786 2781 976 2862 resipiscere
997 2800 1103 2862 posse,
1124 2781 1212 2846 etad
1227 2779 1334 2846 ileum
1349 2783 1509 2861 converti3

394 2885 474 2949 alias
494 2888 602 2945 mente
621 2889 753 2963 captum
777 2890 884 2959 rooat,
907 2883 963 2964 qui
984 2883 1030 2946 sic
1051 2883 1216 2961 opinatur.
1239 2881 1347 2946 Porro
1376 2901 1451 2950 oum
1469 2885 1508 2946 ita

394 2986 543 3067 loquitur
562 2981 731 3062 Origenes,
747 2983 803 3048 ubi
823 2983 961 3063 sepiem,
983 2982 1041 3046 ubi
1062 2982 1198 3062 logicus,
1222 2982 1277 3047 ubi
1299 2991 1408 3054 ments
1430 2999 1508 3048 com·

393 3085 476 3168 posi
497 3083 611 3150 Nonne
631 3085 739 3163 potius
763 3085 905 3160 imsnns,
928 3083 1063 3160 delirus,
1086 3091 1117 3146 et
1132 3090 1225 3146 extra
1245 3099 1376 3150 omnem
1391 3081 1509 3150 redusi-

396 3191 439 3252 sii
459 3204 590 3254 sensum
617 3181 764 3263 sagano?

477 3489 601 3556 Mirum
614 3491 690 3554 item
709 3497 759 3556 est
779 3490 935 3570 nobisque
958 3491 1026 3555 lere
1045 3488 1382 3571 incomprehensibile,
1403 3485 1507 3564 Orige-

398 3610 472 3658 uem
494 3593 569 3659 talia
593 3593 831 3672 blasphemasse
853 3611 893 3658 eo
915 3593 984 3672 ipro
1015 3602 1172 3672 ternpore,
1195 3609 1262 3671 ono
1287 3590 1411 3655 divinas
1430 3585 1506 3652 Scri

398 3704 511 3774 pturas
532 3697 564 3758 io
585 3695 702 3762 Sobola
717 3697 928 3762 alexandrina
944 3693 1202 3759 christifidelium
1224 3689 1506 3758 aedificationem·

400 3795 573 3875 plsoabst,
595 3797 725 3877 alioque
745 3796 907 3862 scribebat
927 3797 1049 3876 absque
1070 3794 1268 3862 oliendioulo
1282 3792 1408 3862 cunctis
1425 3803 1505 3856 aest·

400 3904 465 3975 ptr.
489 3894 622 3960 Constat
640 3899 726 3964 enim
745 3898 866 3978 ipsum,
890 3897 1080 3976 priusquam
1100 3895 1142 3960 ab
1160 3895 1309 3976 Aegypto
1336 3891 1504 3960 secederet,

398 3994 502 4058 libros
525 3995 721 4060 Periurcison
741 4014 907 4074 exarasse,
932 3996 986 4061 ubi
1010 3997 1150 4077 plurima
1176 3997 1273 4074 impis
1299 4004 1332 4058 et
1347 3993 1424 4058 ialsa
1439 3989 1505 4064 dog·

401 4103 487 4158 mnia
513 4114 682 4162 enervasse
704 4099 745 4161 ab
769 4099 964 4162 adversariis
986 4098 1053 4161 suis
1078 4098 1144 4176 ipsc
1168 4097 1299 4159 dicitur.
1326 4093 1506 4166 Eodemque

400 4196 609 4263 nibilominus
632 4207 776 4280 tempore
796 4206 903 4279 potet,
926 4198 1037 4279 grandi
1060 4198 1250 4262 auditorum
1273 4203 1419 4275 stupore,
1441 4205 1506 4268 pro·

405 4295 558 4378 lectuque
578 4298 717 4365 Sobolae
731 4301 962 4365 alexandrinae
978 4309 1055 4365 tnnc
1071 4299 1308 4362 moderatorem
1325 4297 1356 4358 in
1372 4291 1506 4360 ebriatis·

403 4417 464 4463 nae
479 4397 653 4480 Religionis
667 4404 827 4483 mysteriis
840 4402 1062 4483 explanandis,
1080 4409 1266 4480 ruentesque
1281 4397 1423 4462 bdelium
1437 4405 1503 4455 sent

406 4497 552 4566 doctrina
573 4502 752 4568 imbuendis
773 4503 925 4583 sategisse
949 4503 1053 4566 valde.
1076 4499 1199 4568 Fertur
1220 4511 1297 4566 tnnc
1318 4501 1350 4566 in
1371 4497 1505 4577 domim
