3375 5567
564 794 705 861 carot
728 797 798 863 vll.
1209 699 1250 770 ⁴⁹

161 989 198 1053 le
217 990 321 1065 Procli,
343 992 499 1059 lietlorls't'
528 1005 558 1059 et
580 996 757 1078 Epipltnttis'
788 996 922 1081 Scriptis
948 1001 1090 1082 amptius
1114 1002 1251 1093 Nyssmi

186 1092 312 1157 nerim
331 1095 368 1155 tle
387 1094 621 1159 resurrectione
640 1098 847 1177 illustratur,
866 1100 1065 1183 timueritque
1075 1120 1155 1167 cuae
1173 1105 1252 1171 cito·

186 1191 218 1255 tit
235 1192 412 1259 Ductoribus
434 1195 533 1261 meno
566 1216 638 1263 corn
662 1199 807 1267 Ecclesia
831 1199 995 1267 encletice
1022 1220 1193 1270 mucosus
1213 1208 1252 1269 de

185 1296 347 1359 munitate
362 1314 552 1377 poenorum.

159 1533 257 1661 Porro
276 1608 310 1661 nt
329 1603 433 1665 satius
455 1599 521 1663 divi
542 1601 694 1685 Gregorii
716 1623 803 1669 mem
825 1605 1023 1687 explanetur
1044 1611 1077 1673 in
1092 1609 1143 1686 iis,
1159 1630 1245 1692 qnae

158 1698 185 1757 le
195 1704 428 1767 resurrectionis
442 1714 634 1783 argomento
656 1707 813 1781 contulit,
833 1716 868 1771 ot
889 1717 991 1787 prnnt
1006 1710 1179 1791 hucusque
1199 1714 1248 1775 di·

157 1807 302 1877 sceptatnm
327 1814 377 1864 eet
398 1813 512 1866 contra
539 1822 615 1880 eos,
637 1807 694 1886 qni
715 1808 812 1870 nliter
832 1808 979 1888 ejusdem
1003 1811 1101 1873 verba
1127 1831 1248 1893 expen-

158 1900 258 1977 lernnt,
276 1905 396 1984 scripta
417 1905 572 1969 adnantes
594 1907 722 1984 Procli,
745 1906 904 1972 lletnonit
924 1918 957 1972 et
979 1910 1162 1994 Epiphanii.
1185 1913 1248 1977 llti·

158 2000 210 2062 len
226 2020 355 2084 natuque
379 2006 464 2084 ipses
484 2008 669 2084 sententias,
692 2027 732 2071 ne
755 2007 861 2072 dicam
882 2012 1042 2075 vocaltnla
1065 2024 1244 2089 recensent,

157 2102 247 2180 quihus
266 2104 431 2188 Nyssenns
444 2106 507 2169 snb
519 2109 632 2171 eedem
655 2110 779 2172 vatione
791 2111 978 2191 saepissime
997 2130 1076 2177 usus
1090 2122 1151 2189 est,
1166 2118 1246 2194 qnln

157 2210 179 2264 ct
193 2205 240 2283 ipsi
252 2224 353 2286 nuper
368 2208 459 2270 oltati
472 2206 654 2289 Scriptores
668 2212 853 2273 aeternitati
869 2228 1050 2288 poenarum
1072 2216 1246 2277 mentiren-

157 2311 204 2365 tvr.
214 2304 390 2371 llethotlins
404 2308 536 2388 inquam
548 2328 589 2373 ex
601 2308 782 2391 Epiphanio
795 2311 835 2374 de
849 2310 985 2375 Haeresi
994 2311 1046 2383 64.
1059 2333 1089 2375 n.
1101 2311 1152 2379 lo.
1166 2318 1246 2378 sori·

157 2406 228 2467 lin«
242 2408 415 2490 Propterea
430 2417 567 2473 mortem
579 2407 667 2474 Dens
681 2411 720 2472 ad
734 2414 858 2491 peccati
873 2415 1108 2477 extinctionem
1122 2416 1245 2479 invenit
1266 2453 1270 2459 ·

157 2507 304 2572 inonmm
325 2518 486 2587 nostram,
504 2526 543 2573 ne
557 2514 589 2574 ln
610 2511 700 2575 nobis
715 2512 955 2576 immortalibus
970 2513 1050 2578 illutl
1073 2525 1244 2594 peccatum

156 2607 335 2685 tfflcrmcem,
356 2612 546 2675 immortale
565 2614 728 2677 evaderet.
743 2612 799 2677 ne
810 2612 885 2678 ideo
903 2614 1026 2691 subtlit,
1040 2618 1074 2679 in
1096 2634 1243 2681 roenrre·

156 2710 234 2775 ctione
245 2720 275 2775 et
293 2715 396 2794 ipsam
413 2719 563 2778 naturam
574 2714 615 2775 alt
626 2730 667 2777 eo
680 2721 781 2791 statu,
793 2733 863 2796 qno
875 2716 1000 2796 peccati
1013 2733 1135 2799 corpus
1153 2726 1241 2795 erat,

156 2828 205 2874 esc
221 2816 414 2893 notandam,
437 2820 647 2896 posteaquam
667 2816 791 2880 scilicet
810 2816 975 2882 avivitlco
995 2818 1112 2898 spirito
1133 2818 1174 2881 ad
1196 2822 1245 2884 vi·

158 2918 346 2981 unmtitnta
358 2916 584 2998 inerit,alque
594 2916 816 2998 inspiritalem
826 2924 980 2983 naturam
1002 2919 1191 2984 transiverit
1212 2939 1242 2983 n.

211 3015 335 3084 l’rnclns
348 3020 437 3084 idem
452 3025 680 3099 argumentum
694 3026 807 3082 contra
828 3019 1010 3083 haereticos
1023 3027 1242 3101 pertractans,

156 3112 244 3183 illitu
261 3139 291 3185 n.
318 3120 370 3187 17.
392 3120 445 3185 27.
466 3121 599 3186 scribit:
623 3140 640 3181 e
662 3120 949 3185 Resurrectionem
970 3138 1179 3201 nequaquam
1199 3123 1240 3185 ast

157 3215 201 3281 loc
216 3238 324 3303 corpus
344 3220 468 3287 reterri
489 3228 654 3302 oportere,
676 3222 798 3302 qnippe
819 3237 884 3283 non
906 3219 1016 3283 valens
1035 3221 1069 3283 in
1089 3228 1244 3302 perpetu·

157 3332 195 3379 nn
212 3336 331 3387 neuere
351 3322 576 3401 immutabile;
590 3319 646 3384 setl
668 3323 775 3401 potins
789 3322 953 3401 pertinere
972 3320 1014 3383 ad
1035 3337 1158 3401 corpus
1177 3323 1243 3402 epi·

157 3416 245 3495 ritule,
275 3422 306 3486 in
327 3440 397 3503 qno
417 3423 543 3498 endem,
566 3439 651 3502 qnae
672 3421 802 3485 mortali
824 3420 903 3485 hnic
922 3422 1006 3483 inest
1024 3420 1147 3500 ligura,
1165 3439 1242 3485 con·

155 3522 306 3588 errabitur
324 3524 410 3588 adeo
430 3530 468 3587 nt
489 3526 713 3603 unusquisqne
734 3531 905 3597 nostrum,
922 3521 1012 3601 quod
1039 3521 1080 3585 an
1102 3522 1241 3587 iorntatn

155 3625 271 3699 torporis
289 3626 418 3701 attinet,
439 3625 524 3689 idem
546 3624 679 3688 existat:
703 3644 720 3681 n
743 3622 866 3686 Deinde
892 3623 1052 3699 ostendit,
1076 3624 1240 3689 nominent

105 3724 106 3749 ¹
155 3718 291 3801 inapinem
303 3724 362 3790 Dei
384 3725 669 3809 praeseferentem,
682 3731 715 3787 et
729 3731 845 3805 utpote
866 3722 1122 3787 immortalitatis
1142 3742 1238 3804 opus,

105 3840 106 3905 j
154 3818 302 3889 inmortale
317 3827 481 3902 loturum,
497 3826 530 3889 in
549 3816 645 3889 onim
661 3824 798 3887 lot-mem
819 3818 922 3893 καλδυ
946 3822 1020 3889 boni
1037 3824 1239 3898 restitutum,

105 3906 106 3989 i
157 3912 263 3999 litoque
276 3922 524 4003 incorruptibile
534 3962 651 3984 ......
670 3918 847 4000 Postquam
867 3932 1012 3987 autema
1027 3924 1137 3988 divino
1151 3928 1240 3986 man*

105 4056 106 4089 ,
157 4011 468 4099 tolerantium,
490 4022 522 4085 in
543 4021 693 4086 sordibus
714 4022 822 4085 delicti
844 4023 1030 4103 obsolevit,
1064 4041 1105 4087 ac
1125 4024 1239 4103 plnres

157 4114 269 4184 vincitne
290 4124 470 4188 vitiositatis
492 4123 635 4187 maculas
649 4125 681 4185 in
694 4142 730 4187 se
744 4141 778 4187 se
801 4126 975 4203 expressit,
995 4123 1070 4187 inde
1084 4129 1235 4199 mortem,

158 4212 257 4297 itque,
275 4225 434 4305 quithnitl
454 4225 486 4285 in
506 4242 546 4289 eo
567 4224 642 4287 rnnli
664 4224 862 4304 productum
884 4223 1011 4301 inerat,
1039 4227 1235 4285 moreretur.

105 4284 107 4363 i
157 4310 190 4377 lc
204 4320 240 4381 ita
258 4324 419 4389 hominem
441 4334 545 4388 morte
565 4326 730 4388 damnavit
750 4323 857 4398 Dens,
879 4343 918 4388 un
940 4324 1062 4388 malnm
1084 4323 1115 4385 iu
1130 4330 1246 4386 actore

159 4428 213 4479 lim
224 4433 433 4501 permaneret,
451 4430 484 4489 et
498 4442 537 4488 ne
554 4425 734 4489 vitiositatis
756 4425 889 4503 quidem
903 4432 1050 4503 maneret
1068 4423 1232 4505 cogitatio.

105 4504 106 4539 ¹
160 4511 236 4585 Ptnlo
254 4534 338 4605 post,
361 4526 449 4606 quot
470 4526 644 4591 admodum
665 4524 989 4590 animadvertendum
1009 4525 1101 4589 nobis
1120 4528 1182 4601 est,
1197 4530 1237 4587 ot

105 4666 106 4691 1
328 4626 391 4691 γθι.
415 4624 442 4688 1·
1083 4623 1103 4691 ⁴
