3375 5567
451 671 513 740 m

883 772 1022 840 CAPUT
1044 772 1133 838 xxt.

449 974 623 1051 Quaeritur
637 942 714 1040 cem
734 995 774 1036 ce
791 973 938 1058 Oripsnis
958 976 1048 1039 tibris
1068 975 1165 1055 uspei
1182 972 1415 1055 perseipsum
1432 969 1488 1031 sios
1504 985 1540 1028 rs·

487 1090 550 1152 eto,
571 1078 637 1140 sius
655 1077 778 1158 nitique
798 1077 961 1140 admisisse
983 1076 1131 1140 materiae
1151 1075 1376 1138 oetmnitutees.

452 1321 648 1460 Postquam
667 1378 784 1442 sedulo
802 1380 911 1445 studio
934 1388 980 1444 tot
1009 1381 1231 1460 percurrimus
1261 1375 1541 1458 origenismum

449 1480 589 1561 ejusque
606 1478 756 1558 dogmata
777 1477 1040 1559 investigavimus
1062 1481 1103 1542 ab
1121 1481 1316 1543 adversariis
1332 1480 1487 1559 cujusque
1504 1491 1543 1533 ss·

452 1581 525 1642 tatis
544 1579 735 1661 propulsata
758 1586 909 1657 tanquam
933 1580 1036 1652 iales,
1064 1591 1163 1659 etque
1185 1580 1368 1642 catholicas
1390 1577 1459 1638 iidei
1479 1574 1543 1652 inju-

449 1682 657 1759 riosa,qnee
681 1687 787 1743 tamea
809 1699 887 1742 num
911 1681 984 1742 talia
1008 1681 1150 1744 habenda
1173 1683 1235 1743 sint
1260 1698 1318 1742 nec
1343 1698 1405 1753 oe,
1429 1695 1496 1748 sen,
1516 1680 1544 1734 nt

448 1781 551 1846 setius
570 1781 716 1860 inquam,
742 1789 854 1846 utrum
880 1782 960 1842 haec
980 1783 1115 1844 senserit
1135 1799 1174 1844 ac
1194 1782 1344 1844 docuerit
1361 1778 1492 1846 Auctor,
1510 1773 1543 1834 ie·

449 1888 522 1945 ctus
533 1881 710 1948 benevolus
726 1881 855 1960 viderit3
868 1881 1026 1959 quaedam
1041 1881 1262 1960 explorandae
1285 1887 1416 1942 manent
1429 1877 1544 1940 locutio

449 1999 518 2060 nes,
533 1981 698 2061 inquibus
713 1982 836 2064 pariter
850 1981 962 2044 utiensi
977 1989 1052 2044 suut
1073 1982 1279 2045 ecclesiastici
1297 1982 1359 2044 siri
1368 2001 1379 2059 ;
1401 1987 1431 2042 et
1451 1978 1479 2040 iu
1491 1977 1545 2054 qui·

321 2095 328 2105 ’
451 2083 513 2148 itus
534 2090 771 2162 consequenter
790 2083 996 2146 discutiendis
1026 2102 1107 2162 opus
1129 2083 1312 2160 impendere
1347 2083 1508 2154 existimo;
1524 2077 1543 2136 si

452 2185 538 2249 iorte
558 2184 738 2265 quidquam
758 2202 818 2265 pro
842 2187 920 2246 tanti
937 2185 997 2246 siri
1013 2185 1221 2248 excusatione
1237 2185 1383 2248 invenire
1404 2191 1541 2262 potuerim

449 2305 556 2368 eoque
577 2286 677 2365 magia
698 2285 809 2365 quod,
830 2286 893 2348 isoc
918 2303 1033 2349 errore
1055 2286 1214 2361 admisso,
1240 2286 1393 2348 videatur
1412 2284 1544 2360 Origenes

449 2397 618 2452 contram
639 2388 702 2463 ire,
723 2387 821 2451 modo
837 2386 1013 2462 affirment,
1037 2387 1132 2449 modo
1153 2405 1284 2465 negans,
1298 2386 1456 2467 quidquid
1470 2391 1543 2446 natet

449 2488 649 2552 demerent.
667 2487 708 2550 iit
726 2490 852 2552 interea
875 2507 944 2552 rem
967 2489 1126 2563 ineuntes,
1143 2489 1250 2566 quoad
1267 2489 1408 2568 primam
1429 2494 1544 2566 peston,

449 2589 619 2652 materiem
642 2585 710 2650 Deo
731 2596 937 2652 coaeternum
961 2589 1112 2652 statuisse
1132 2588 1226 2669 aiunt
1248 2588 1487 2658 Adamsntiun,
1506 2599 1544 2642 m·

450 2690 507 2754 siit
537 2688 637 2752 inuisi
661 2689 848 2752 testimoniis
879 2707 921 2750 ex
944 2685 1140 2752 Periureitoss
1170 2687 1339 2766 speciatim
1369 2683 1543 2762 desumptis3

449 2789 569 2869 quibus
589 2796 729 2852 attamen
752 2789 879 2867 praeire
901 2795 994 2868 puto,
1016 2788 1188 2852 sententies
1210 2786 1251 2849 ab
1270 2805 1310 2849 eu
1333 2790 1459 2858 citatas,
1480 2781 1543 2844 sesi·

451 2890 575 2970 tutique
594 2888 775 2952 catholicae
796 2888 973 2952 concordes
995 2888 1187 2968 explentes.
1278 2953 1285 2968 ‚

528 2989 682 3054 Proiecto
702 2977 978 3069 quemsdmodum
1000 2990 1031 3053 io
1054 2988 1205 3068 prseietis
1226 2989 1478 3068 quaestiouibus,
1499 2999 1543 3062 pro

453 3090 545 3154 nobis
565 3109 604 3154 ac
624 3091 801 3170 praecipuo
822 3090 953 3169 quidem
975 3092 1069 3164 loeo,
1092 3097 1156 3152 stat
1177 3089 1250 3151 iidei
1272 3089 1447 3169 professio,
1467 3099 1544 3164 quan

453 3193 522 3271 ipse
550 3192 655 3256 emisit
675 3191 707 3252 iu
736 3189 877 3270 Proioqo
899 3192 988 3256 oitsti
1013 3191 1130 3271 Operis
1153 3189 1197 3254 os
1219 3189 1417 3271 Principiis,
1443 3187 1491 3250 obi
1511 3183 1544 3244 sit

451 3309 483 3352 n.
504 3289 544 3354 iz
568 3288 661 3352 «Est
690 3298 858 3369 praeterea
881 3291 912 3352 iu
939 3290 1155 3354 ecclesiastica
1187 3290 1447 3370 praedicatione,
1474 3279 1543 3366 qued

454 3391 595 3456 mundus
616 3392 675 3455 iste
696 3390 802 3455 iactus
822 3392 885 3468 sit,
908 3400 977 3454 ete
1000 3399 1091 3456 certo
1122 3399 1267 3470 tempore
1287 3391 1452 3473 coeperit,
1471 3395 1498 3450 et
1514 3385 1544 3446 sit

454 3510 516 3572 pso
532 3493 600 3572 ipsa
614 3493 665 3556 sui
680 3493 890 3572 corruptione
909 3491 1095 3555 solvendus.
1108 3511 1124 3550 s
1137 3491 1243 3567 Quam
1257 3491 1493 3556 obteststiouen
1504 3485 1544 3545 de

456 3610 523 3655 nuo
536 3601 671 3656 renovat
692 3593 723 3654 iu
744 3609 773 3656 c.
791 3589 830 3653 V.
854 3607 886 3654 n.
902 3589 931 3655 t.
950 3589 1039 3654 Libri
1055 3589 1114 3654 iii:
1129 3592 1235 3656 «Post
1255 3593 1347 3667 haec,
1367 3593 1476 3672 inquit,
1492 3585 1542 3666 itm

455 3693 608 3773 quoniam
629 3692 760 3773 quidem
781 3692 821 3756 dc
841 3692 1068 3756 ecciesiasticis
1087 3691 1325 3757 definitionibus
1350 3709 1447 3758 uuum
1467 3686 1543 3750 oste

458 3803 513 3854 tur
527 3795 701 3872 praecipue
721 3793 900 3858 seeundum
926 3794 1080 3857 historiae
1099 3793 1355 3868 assistentem,
1375 3791 1457 3874 quod
1470 3799 1541 3852 mu!-

457 3894 518 3956 dot
540 3892 592 3956 iric
613 3893 717 3957 iaetus
737 3893 790 3968 sit,
806 3901 839 3956 et
859 3913 900 3958 es
917 3901 1007 3958 certo
1030 3900 1175 3972 tempere
1195 3896 1340 3975 coeperit
1360 3903 1421 3957 etc.
1443 3885 1543 3950 »iiam

459 3995 591 4072 iusuper
615 3993 829 4058 definitionem
854 3995 885 4056 in
900 4013 928 4056 c.
948 3991 1004 4056 ΙΙΙ.
1023 4012 1052 4054 u.
1068 3992 1098 4063 1.
1119 3995 1263 4074 eiusde·
1280 3993 1369 4058 Libri
1388 3993 1412 4056 i.
1436 3989 1542 4054 roboret

458 4115 502 4160 ex
522 4097 665 4160 omnium
680 4111 853 4159 cousensus
870 4115 887 4154 s
902 4093 967 4172 Qui
987 4095 1220 4176 quoquomodo
1243 4096 1472 4176 providerem
1490 4101 1542 4150 esse

459 4198 615 4269 sentiunt.
637 4194 742 4260 ocum
763 4211 832 4259 esse
856 4197 1057 4275 ingenitum,
1076 4196 1133 4276 qui
1156 4196 1306 4259 universo
1330 4194 1447 4260 cressit
1464 4195 1542 4263 atque

459 4298 629 4378 disposuit,
646 4296 842 4361 confitentur
853 4317 864 4377 3
889 4310 1030 4377 eumque
1052 4305 1217 4376 parentem
1239 4295 1452 4360 uuiversitstis
1467 4299 1543 4366 sper

461 4408 566 4462 scoot.
586 4397 667 4461 »Ex
688 4400 735 4461 his
757 4398 991 4462 distinctionem
1004 4399 1122 4479 inspice
1145 4399 1230 4462 iuter
1250 4402 1440 4462 creationem
1459 4387 1543 4454 eiiii·

461 4500 663 4580 positionem:
685 4500 809 4563 creatio
831 4502 917 4566 enim
937 4521 978 4565 en
1000 4519 1065 4566 non
1084 4501 1234 4568 existenti
1255 4501 1449 4566 existentiam
1467 4489 1539 4552 dicii:
