3375 5567
180 667 241 731 risse
255 682 389 731 mosee
406 672 442 731 et
460 664 626 747 scripum
644 662 834 747 Oriqeocan)
852 668 956 731 omnis
976 666 1170 733 universitas
1183 666 1264 729 indt-

178 776 274 831 catur:
293 770 316 832 ii
336 768 500 844 videlicet,
514 769 571 848 qui
589 768 630 832 ab
651 768 710 833 iilo
730 786 797 832 uno
817 768 909 832 initio
930 786 991 849 pro
1009 770 1078 835 suis
1092 768 1265 849 unnsquis-

176 886 228 949 que
243 869 380 937 modona
398 876 432 934 et
453 870 665 935 varietatibus
678 887 738 950 pcr
756 869 904 934 diversos
915 869 1045 935 ordines
1066 887 1128 950 pne
1144 871 1263 936 merito

175 970 324 1050 diapeaami
342 977 431 1036 sunt.
453 968 527 1035 Non
548 971 633 1033 caim
654 971 687 1033 in
702 970 755 1033 uis
776 970 901 1037 bonitas
921 970 1178 1037 substantialiter
1197 970 1263 1035 ine·

177 1079 226 1146 rat,
243 1070 325 1135 sicut
344 1072 378 1135 ias
398 1069 467 1135 Deo
485 1078 520 1135 et
545 1070 675 1135 Christo
694 1072 767 1153 eina
786 1079 821 1135 et
842 1069 965 1152 Spiritu
987 1069 1115 1137 Sancto.
1148 1068 1183 1133 in
1205 1071 1266 1135 iaec

174 1190 294 1254 nsasqac
321 1174 393 1239 aeia
414 1171 572 1239 Trinitatc
582 1216 596 1249 ,
616 1190 702 1253 qnae
732 1180 783 1237 est
801 1178 920 1239 auctor
948 1174 1117 1249 omnium,
1141 1172 1266 1240 bouitas

172 1272 408 1339 nictantiaiiter
427 1275 521 1339 iaests
543 1276 646 1340 ceteri
666 1293 746 1341 acro
765 1275 962 1341 accidentem
986 1274 1117 1355 habent3
1134 1281 1168 1338 et
1189 1282 1266 1339 tuuc

172 1383 233 1439 sant
251 1376 281 1438 in
296 1376 508 1451 beatitudine,
529 1392 605 1441 cnm
625 1375 667 1439 de
685 1377 857 1443 sanctitate
869 1384 903 1441 et
921 1377 1076 1458 sapientia
1090 1386 1124 1441 ct
1144 1377 1185 1442 de
1199 1378 1266 1457 ipsa

173 1476 320 1543 divinitate
349 1478 555 1560 perticipant.
577 1476 612 1541 st
643 1494 723 1543 sero
741 1478 784 1541 ao
803 1478 992 1561 huiuamodi
1021 1480 1267 1562 participatione

172 1579 427 1660 neqtiqantatqaa
437 1578 653 1655 dissimulent,
670 1586 747 1645 tnnc
769 1579 846 1644 vitio
862 1581 1014 1661 propriae
1028 1580 1170 1648 desidias
1182 1580 1268 1645 atius
1291 1606 1293 1611 ·

170 1678 260 1755 cidus,
279 1682 367 1745 atino
389 1680 527 1757 tardius,
549 1680 625 1761 pias
645 1681 742 1757 atius,
764 1681 850 1745 alius
869 1683 987 1757 minus.
1004 1682 1073 1762 ipse
1092 1683 1155 1747 sibi
1169 1699 1267 1747 cansa

170 1782 210 1845 rai
225 1782 332 1864 lapsus
352 1780 504 1848 efficitur.
526 1780 570 1845 tto
588 1782 757 1862 quoniam,
772 1789 809 1847 nt
825 1782 978 1861 diximus,
1001 1799 1095 1849 caena
1116 1784 1176 1848 iste
1199 1784 1268 1847 siva

170 1883 273 1963 upana,
293 1902 364 1967 qno
386 1883 428 1948 de
446 1890 534 1949 statu
554 1902 617 1949 sno
646 1885 787 1966 quisque
807 1884 960 1963 deotiuat,
990 1886 1267 1967 qaamptaatman

171 1984 250 2049 isict
274 1986 307 2048 in
326 2003 366 2049 ac
393 1984 614 2049 diversitatem
635 2003 697 2066 pro
725 1987 842 2051 mentia
861 1990 895 2049 et
916 1987 1072 2067 propositi
1102 1986 1268 2062 motibus,

169 2086 240 2165 quod
257 2086 343 2153 atina
363 2086 485 2162 leniret
500 2086 586 2152 atim
605 2088 739 2167 prasina
751 2086 791 2151 ad
812 2086 968 2153 interiora
983 2088 1135 2165 declinat,
1159 2089 1191 2151 in
1206 2088 1269 2155 hoo

169 2187 223 2267 ian
238 2188 366 2268 jnstnm
385 2186 547 2267 iudicium
568 2184 628 2252 ttet
648 2187 884 2269 providentiae,
907 2197 945 2255 nt
964 2190 1142 2271 unicnique
1154 2206 1271 2259 moun·

169 2290 230 2353 dau
249 2297 403 2355 motuum
422 2289 642 2355 pronitatem
663 2306 724 2372 pro
744 2290 863 2357 merito
883 2293 935 2356 sui
955 2289 1107 2357 decessum
1126 2298 1161 2358 ct
1182 2310 1271 2357 cum·

170 2394 299 2457 unionis
318 2399 493 2458 occurrat.

232 2516 250 2555 a
270 2492 324 2559 Ex
347 2494 400 2557 bis
420 2509 511 2569 saue,
530 2494 590 2575 qui
603 2493 709 2558 initio
728 2494 822 2561 initio
841 2502 1102 2577 permanserunt,
1119 2496 1208 2578 qnod
1223 2496 1275 2563 in·

171 2602 233 2660 turo
250 2595 306 2661 ini
325 2596 437 2661 simite
456 2612 528 2661 oesc
548 2594 790 2677 descripsimus,
811 2614 854 2661 ex
875 2596 951 2679 ipsis
971 2596 1104 2679 qnidam
1126 2598 1158 2661 in
1185 2598 1275 2663 ordi·

170 2698 282 2763 noane
300 2697 419 2763 mnndi
439 2704 472 2761 ot
493 2696 731 2779 dispensatione
751 2696 898 2763 ordinem
919 2700 1101 2779 angelicum
1132 2700 1274 2765 aerduu-

170 2805 226 2872 taa,
244 2799 300 2863 aiii
319 2800 499 2874 virtutum,
518 2798 573 2861 aiii
596 2798 851 2879 principatuum,
873 2800 928 2863 alii
950 2808 1160 2880 potestatum,
1183 2801 1273 2882 qnod
1386 2840 1394 2855 ·

168 2900 193 2962 ir
208 2921 259 2966 ena
274 2901 430 2965 videlicet
443 2907 618 2963 exerceant
631 2908 838 2980 potestatem,
853 2901 910 2983 qni
926 2901 1046 2966 habere
1059 2920 1160 2982 super
1174 2911 1274 2982 caput

168 3000 292 3082 isdiqent
312 3008 521 3082 potestatem
536 3000 592 3065 alii
616 3001 809 3075 thronorum
828 3000 988 3075 ordinem,
1011 3001 1272 3083 idestjndioandi

169 3104 212 3165 ret
223 3104 357 3184 rependi
376 3119 447 3177 eoa,
461 3103 520 3182 qni
534 3102 597 3164 troc
616 3101 770 3182 indigent,
783 3100 937 3167 habentes
957 3100 1122 3182 odicium
1136 3102 1193 3165 atii
1214 3102 1273 3166 dn·

168 3205 364 3271 ataauonem
383 3204 452 3267 siae
466 3202 566 3269 dnbio
585 3220 685 3284 super
697 3220 820 3280 servos.
836 3202 930 3279 Quae
951 3206 1056 3269 omnia
1071 3205 1118 3269 cia
1132 3222 1193 3287 pro
1208 3222 1273 3269 ma·

168 3309 220 3371 n'to
230 3316 262 3372 ct
276 3306 482 3387 protectione
501 3304 584 3379 suia,
595 3303 715 3385 quibas
729 3304 761 3367 in
782 3302 843 3369 liei
863 3304 1141 3387 participationem
1158 3312 1191 3371 ct
1204 3306 1275 3371 imi·

169 3410 307 3475 tationem
323 3408 546 3492 proiecerant,
561 3422 668 3488 aequo
681 3404 840 3487 justoque
861 3404 1178 3488 conjuncciones·
1199 3428 1274 3473 coa·

170 3512 234 3576 tritt
251 3510 471 3592 proiidcntia.
493 3528 511 3569 s

234 3610 269 3675 in
289 3615 466 3691 nucusque
485 3609 578 3673 dictis
592 3618 730 3687 nonest,
746 3610 834 3690 qnod
850 3626 1022 3675 commune
1046 3610 1163 3675 habeat
1183 3610 1270 3685 iilia,

167 3728 239 3791 qnae
252 3712 480 3793 Hieronymus
495 3711 730 3792 interpretatur
741 3712 782 3776 de
796 3710 951 3794 praetatis
966 3711 997 3773 iu
1012 3710 1134 3790 augetis
1147 3718 1181 3775 et
1198 3710 1274 3773 dac-

167 3815 305 3881 uonibus
335 3812 570 3878 mutationibus
598 3812 796 3894 quandoque
829 3812 1088 3893 superventuris.
1112 3811 1275 3877 tna-an-

168 3914 220 3979 tius
237 3918 326 3981 cntm
348 3920 523 3997 postquam
541 3912 681 3978 asseruit
693 3914 760 3979 soli
780 3911 928 3979 Trinitati
945 3915 1046 3979 inesse
1062 3913 1183 3978 bonnm
1197 3913 1274 3977 snb·

167 4018 375 4098 suntiaiitec3
390 4024 517 4082 coiens
538 4034 618 4080 vero
638 4022 807 4080 creaturas
827 4016 1015 4090 rationales,
1033 4015 1148 4095 quates
1168 4014 1275 4095 angeli

169 4128 233 4183 sant
251 4127 285 4184 et
307 4121 456 4184 homines
474 4123 508 4181 et
527 4115 711 4193 daemones,
733 4116 776 4180 ob
795 4115 904 4191 iilum,
920 4132 1021 4195 qnos
1043 4112 1112 4177 Deo
1136 4114 1275 4179 donatae

169 4232 234 4284 aaut
246 4220 429 4285 rotnntatia
439 4218 600 4281 aruinam
615 4218 648 4281 ia
664 4234 780 4281 earnm
792 4216 971 4291 creatione,
985 4216 1183 4281 accidentem
1198 4214 1276 4278 dicit

171 4320 213 4382 aet
231 4322 436 4387 decidentem
461 4319 582 4383 habere
602 4320 777 4383 bonitatem
790 4360 807 4394 ‚.
821 4321 868 4383 ita
889 4326 927 4382 nt
939 4321 1000 4383 etsi
1020 4318 1121 4387 alien
1141 4316 1277 4381 inbono

174 4423 353 4507 tpriacipio
377 4420 527 4487 conditae
545 4421 621 4500 sint,
636 4421 677 4485 ad
691 4420 817 4487 matum
830 4427 938 4485 tamen
951 4418 1121 4501 declinare
1137 4423 1278 4500 possent,
