3375 5567
423 759 476 815 ue,
498 746 555 805 eut
575 740 691 820 quovis
711 737 778 803 alio
798 739 934 805 crimine
955 739 1072 822 dejecti
1092 747 1189 806 eunt:
1209 737 1340 804 eosdem
1363 753 1442 804 sero
1455 751 1529 820 qua·

422 846 449 904 si
469 861 486 904 e
510 842 647 906 mortuis
669 843 827 906 excitatos
853 843 998 917 ducunt,
1024 844 1050 906 si
1072 860 1144 906 eam
1170 860 1298 908 morum
1324 839 1529 908 mutationem

424 942 571 1018 iecerint,
592 942 688 1023 cujus
709 943 793 1006 retio
814 942 926 1005 baberi
946 943 1062 1006 debeat
1073 962 1084 1021 ;
1102 943 1224 1006 tordius
1239 952 1345 1006 temen
1360 941 1530 1006 admittun-

426 1053 494 1119 tur,
515 1063 613 1125 quem
629 1045 685 1124 qui
701 1046 807 1123 primo
820 1044 1048 1122 recipiuntur:
1065 1045 1186 1124 etquis
1207 1052 1279 1125 poet
1294 1041 1475 1123 proieesem
1486 1057 1531 1102 rc·

423 1146 574 1225 ligionem
594 1145 676 1226 lapsi
696 1155 784 1222 sunt,
799 1145 840 1207 ab
856 1145 942 1208 omui
957 1146 1091 1226 posthae
1105 1145 1256 1226 dignitate
1270 1145 1303 1208 in
1318 1141 1465 1208 Ecclesia
1480 1139 1532 1204 Dei

424 1255 623 1310 eruentur.»

504 1346 576 1412 Non
596 1365 674 1428 ergo
694 1347 772 1412 dicit
791 1347 948 1427 Origenes
962 1347 1053 1424 istos,
1068 1347 1375 1428 quomodocumque
1389 1346 1532 1428 dellque·

425 1451 511 1521 rint,
532 1450 709 1514 exclusisse
736 1468 754 1512 e
778 1450 971 1531 poenitentia
994 1449 1186 1514 Ecclesiam.
1209 1448 1396 1526 Quinimmo
1416 1448 1532 1523 docet,

426 1548 604 1614 Ecclesiam
624 1551 685 1613 sibi
705 1551 780 1614 illoe
802 1551 1025 1630 reconciliere3
1047 1551 1196 1631 quemvis
1218 1558 1324 1614 temen
1343 1568 1362 1612 e
1384 1548 1532 1614 sacerdo·

426 1653 461 1718 tii
483 1669 618 1715 munere
644 1651 760 1716 deinde
780 1652 910 1716 arcendi
931 1653 1004 1716 siut.
1020 1652 1230 1734 Quapropter
1248 1654 1276 1715 ai
1297 1651 1435 1732 preeiati
1469 1667 1534 1714 sen·

424 1771 480 1817 sus
494 1751 584 1818 Libri
602 1751 645 1817 Dc
661 1750 823 1827 Ocelim
840 1755 888 1818 nti
905 1752 1068 1834 luterpree
1079 1753 1282 1834 exposuerit,
1296 1753 1533 1834 acciperentur,

424 1856 458 1919 io
478 1855 664 1936 antilogiem
684 1856 855 1936 perspicue
875 1855 1046 1936 irrupisset
1064 1854 1237 1936 Origenes,
1253 1854 1398 1934 nependo
1411 1854 1534 1918 seilicet

425 1957 469 2020 ibi
489 1958 576 2038 quod
597 1957 675 2021 alibi
695 1955 889 2021 alllrmaeit:
905 1975 1010 2038 eoque
1027 1959 1126 2038 meeis
1140 1957 1228 2037 qnod
1244 1975 1307 2021 uon
1329 1964 1454 2020 tantum
1472 1957 1533 2030 leto,

427 2060 529 2123 veluti
544 2060 767 2134 montanistae,
779 2077 798 2122 a
811 2060 1073 2124 reconciliatione
1088 2060 1280 2124 excluderet
1294 2059 1422 2123 ductor
1435 2057 1536 2121 idolo·

424 2161 549 2237 latres,
571 2169 733 2241 apostetes
752 2171 786 2226 et
805 2163 995 2239 renitetur,
1016 2161 1072 2228 sed
1094 2169 1127 2226 et
1140 2162 1331 2226 fornicarios
1352 2167 1385 2226 et
1410 2161 1535 2242 grusin-

424 2265 469 2328 ris
489 2264 612 2344 peccati
635 2282 708 2327 reos
728 2281 850 2328 omnes.

504 2362 747 2442 Verumtamen,
771 2374 868 2430 uteo
890 2366 1029 2447 emplius
1050 2369 1082 2430 iu
1104 2367 1163 2430 lrac
1186 2384 1222 2430 re
1244 2366 1367 2447 fulgeat
1387 2362 1532 2446 Origeois

424 2465 645 2528 convenientia
666 2483 740 2530 cum
760 2467 978 2530 ecclesiastice
1000 2467 1089 2530 illins
1109 2467 1182 2530 seri
1203 2467 1385 2547 discipline,
1408 2483 1467 2528 uec
1488 2465 1534 2528 ul·

425 2566 545 2629 limode
565 2568 670 2647 ipeum
693 2569 818 2632 baeresi
830 2569 1006 2645 studuisse,
1022 2569 1061 2630 ed
1078 2585 1116 2631 ee
1133 2577 1345 2644 transeamus,
1361 2584 1445 2648 quae
1459 2567 1533 2630 sori·

427 2666 623 2731 bitllomilie
637 2667 706 2732 XV.
718 2687 751 2731 n.
762 2667 793 2732 2.
804 2668 842 2734 e'n
851 2665 1025 2733 leviticum
1038 2670 1077 2732 de
1090 2669 1255 2732 domorum
1269 2664 1499 2762 proditionibus
1509 2675 1536 2730 et

423 2767 695 2850 redemptionibus.
718 2769 808 2847 Quae
821 2771 902 2834 alies
918 2772 1049 2834 moeniis
1064 2774 1196 2845 cinctas,
1211 2770 1291 2833 alise
1304 2771 1373 2835 eine
1389 2771 1529 2844 moeniis,

424 2871 602 2956 symbolice
623 2873 852 2948 considerans,
873 2873 1001 2953 inquit,
1023 2874 1146 2937 etinmsi
1178 2874 1251 2954 quis
1272 2873 1303 2934 in
1330 2870 1529 2953 einrplicitrte

424 2973 532 3036 cordis
552 2982 585 3036 et
608 2975 750 3054 puritate
772 2976 885 3038 meotis
906 2975 1039 3038 domum
1053 2975 1112 3039 eibi
1128 2973 1323 3050 eodideavit,
1339 2991 1478 3053 cumque
1491 2973 1530 3034 ei·

424 3074 494 3138 mnl
517 3073 586 3137 deri
607 3085 726 3156 posset,
748 3084 785 3140 nt
806 3093 940 3156 peccone
962 3094 1033 3139 eam
1050 3075 1247 3140 venumdare
1262 3083 1412 3156 cogetur,
1430 3081 1529 3138 tamen

423 3175 524 3256 lpeins
545 3178 721 3242 redimendi
741 3196 831 3257 spem
854 3197 995 3242 menete.

507 3277 621 3342 eletas
640 3297 719 3358 erpo
739 3280 866 3355 domos,
887 3280 1020 3344 si'iorte
1040 3278 1154 3354 alicui,
1174 3279 1259 3344 sient
1272 3297 1373 3360 eupre
1388 3277 1528 3360 exposui·

426 3393 519 3454 mne,
542 3378 652 3460 lepeue
672 3379 849 3456 acciderit,
870 3397 1000 3461 semper
1019 3389 1068 3444 est
1089 3379 1303 3456 recuperandi
1325 3378 1475 3454 incultos,
1496 3384 1526 3440 ut

428 3479 519 3542 verbi
540 3481 642 3559 gretia
663 3481 821 3557 dicemus,
843 3483 871 3544 si
892 3497 949 3544 nos
965 3481 1073 3561 ulique
1090 3480 1186 3560 culpe
1203 3478 1352 3542 mortalis
1365 3477 1523 3550 invenerit,

424 3595 510 3660 qnee
530 3597 593 3644 non
614 3581 800 3646 incrimine
821 3582 965 3656 mortali,
988 3597 1051 3644 non
1073 3581 1105 3644 id
1127 3580 1325 3660 blesphemia
1349 3578 1435 3654 ddei,
1451 3593 1525 3658 quoe

426 3696 524 3745 muro
543 3681 750 3746 ecclesiastici
770 3690 804 3746 et
823 3683 992 3764 apostolici
1014 3681 1172 3761 dopmetis
1192 3682 1296 3744 cincta
1318 3689 1387 3759 eet3
1409 3679 1461 3742 sed
1482 3675 1525 3738 rel

425 3783 457 3844 io
478 3785 634 3848 sermonis
656 3785 708 3848 sel
728 3785 760 3846 in
780 3801 909 3848 morum
927 3785 1004 3849 sitio
1022 3786 1198 3848 coueietnte
1221 3782 1283 3846 lroc
1296 3789 1353 3844 eet
1362 3779 1525 3844 vendidisse

425 3884 572 3962 domum,
594 3903 680 3965 qnee
698 3888 731 3950 in
751 3903 832 3966 apro
853 3895 913 3962 ost,
938 3887 987 3950 vel
1009 3887 1041 3948 in
1065 3887 1149 3961 vico,
1170 3884 1224 3948 cni
1252 3901 1369 3948 mnrne
1394 3891 1524 3948 nonest.

425 3981 514 4048 llaec
535 4003 614 4067 ergo
645 3987 784 4050 venditio
805 3998 838 4051 et
865 3986 1090 4068 hujuscemodi
1110 3984 1207 4066 culpe
1237 4001 1367 4064 semper
1394 3981 1525 4065 reperari

426 4095 551 4166 poteet5
573 4105 632 4152 neo
651 4086 827 4167 aliquando
851 4089 904 4151 tibi
929 4087 1134 4151 interdicitur
1155 4087 1195 4148 de
1221 4085 1399 4149 commissis
1426 4083 1525 4162 bnjus·

424 4188 510 4250 modi
532 4189 769 4269 poenitudinem
788 4208 897 4270 agere.
917 4190 950 4252 ln
970 4189 1175 4270 gravioribus
1190 4189 1273 4250 enim
1288 4185 1472 4250 criminibus
1484 4199 1526 4246 ec·

424 4289 489 4352 mel
520 4296 644 4354 tantum
671 4293 886 4372 poenitentioe
907 4291 1097 4356 conceditur
1120 4291 1239 4354 locus:
1263 4291 1322 4351 iste
1353 4303 1429 4352 sero
1449 4300 1525 4348 cnm·

425 4393 548 4466 munis,
570 4410 655 4473 qnee
671 4393 860 4474 frequenter
874 4395 1084 4468 incurrimus,
1099 4409 1228 4474 semper
1243 4389 1467 4471 poeniteutiem
1482 4401 1525 4446 re·

423 4494 560 4576 cipiunt,
582 4503 616 4560 et
634 4495 701 4560 eine
722 4495 956 4562 intermissione
980 4497 1197 4560 redimuntur.
1222 4511 1239 4550 e
