3375 5567
439 743 558 804 riuum
577 738 790 817 laboraverit,
812 737 909 804 Celso
929 740 1109 816 ostendens,
1130 738 1197 804 ileo
1218 757 1278 805 nec
1296 759 1417 823 eorpus,
1430 743 1519 808 areh-

438 859 553 924 guram
574 861 680 922 neque
710 843 856 908 colorem
890 846 1085 924 eonvenirn3
1108 845 1184 906 alibi
1207 863 1286 909 sero
1314 847 1359 908 hls
1380 847 1519 908 contnris

291 1009 294 1013 .
433 947 618 1023 adstruens,
642 947 746 1012 Deum
768 967 964 1029 corporeum
987 959 1019 1011 et
1041 951 1113 1012 hine
1134 950 1254 1012 eisdem
1272 949 1391 1030 pollere
1403 948 1521 1028 qualite·

437 1045 522 1112 tibus
543 1065 581 1114 ae
601 1059 738 1130 corporo
760 1051 932 1114 docuisset.
957 1053 1083 1114 l'arlter
1103 1053 1215 1116 Celsus
1237 1051 1346 1133 objicit
1365 1051 1520 1114 christianis

439 1162 520 1213 tana
540 1153 733 1231 praestigio3
756 1161 788 1215 et
809 1153 925 1214 ibidem
946 1153 1101 1231 Origenes
1116 1154 1307 1232 impostores
1323 1161 1421 1225 vocnt,
1434 1150 1484 1232 qui
1497 1149 1523 1212 in

436 1268 551 1316 eorum
566 1269 759 1317 arcanorum
776 1257 956 1334 cognitione
971 1263 1152 1322 versantur.
1166 1253 1390 1328 Nihilominus,
1401 1255 1521 1335 acceptis

436 1350 564 1419 lneom
585 1356 871 1436 imputationibus,
893 1358 961 1436 ipse
987 1355 1143 1435 Origenes
1168 1358 1326 1437 impostor
1351 1355 1474 1430 luisset,
1490 1372 1523 1417 se

437 1456 516 1520 nlhll
537 1461 568 1523 in
590 1457 684 1523 Celso
704 1460 1004 1539 reprehendendum
1026 1461 1085 1524 sihi
1113 1461 1207 1524 toret.
1242 1459 1283 1524 Et
1306 1466 1342 1523 nt
1364 1458 1523 1522 summatim

436 1557 563 1638 ticam
584 1577 645 1624 cur
664 1558 819 1640 Origenes
843 1567 890 1623 tot
909 1561 1037 1624 labores
1057 1561 1145 1637 tulit,
1161 1569 1224 1623 tam
1240 1563 1356 1624 ansius
1369 1563 1483 1640 sategit,
1497 1567 1526 1622 nt

439 1659 524 1727 Celsi
546 1662 700 1726 lalsltates
720 1673 875 1744 argueret
895 1666 926 1726 in
946 1664 1062 1744 dogma
1086 1664 1297 1726 christianum
1322 1670 1523 1741 comparatas.

441 1781 515 1828 enm
532 1765 717 1828 mendacem
733 1783 935 1847 nuncupans,
950 1769 1110 1847 iniquum,
1123 1765 1332 1847 injuriosum,
1342 1764 1528 1828 calumniare

439 1879 531 1940 rem,
553 1873 761 1947 protervum,
793 1870 981 1945 irrisorem,
1005 1869 1173 1949 ignorum,
1205 1868 1359 1947 inopium,
1386 1867 1440 1947 qni
1466 1865 1525 1928 talis

440 1967 604 2030 mendacia
625 1970 756 2032 instruit
775 1968 814 2032 de
835 1969 954 2034 Christi
968 1969 1243 2050 lnstitutionihus3
1258 1985 1335 2032 curn
1350 1977 1382 2031 et
1394 1970 1457 2048 ipse
1468 1965 1527 2029 Ori·

440 2087 534 2150 genes
554 2070 665 2133 eadem
687 2066 852 2147 professus
872 2078 967 2146 esset,
989 2070 1102 2134 eodem
1123 2072 1283 2147 sensisset,
1298 2069 1411 2134 endem
1425 2085 1525 2150 propu-

438 2180 566 2253 gnasset
584 2171 617 2234 in
638 2171 704 2234 suis
725 2168 910 2251 operibus?

520 2271 595 2348 Vix,
618 2272 736 2351 lateor,
759 2275 915 2337 nescirem
929 2287 969 2335 an
983 2271 1096 2338 Celsus
1109 2276 1141 2336 in
1157 2273 1204 2344 hle
1226 2272 1420 2336 falsitatibus
1431 2269 1528 2349 Orige-

438 2387 512 2438 nem
534 2376 708 2454 superarit,
722 2393 763 2437 an
776 2375 932 2454 Origenes
945 2373 1086 2438 Celsum.
1099 2375 1181 2438 Sane
1200 2375 1293 2438 salale
1307 2377 1439 2450 mirum,
1453 2371 1528 2434 nibi-

440 2491 505 2557 qne
516 2478 752 2556 comprehensu
767 2476 1007 2551 difficillimum,
1018 2477 1185 2556 quomodo
1194 2475 1366 2558 Origenes,
1382 2485 1530 2557 postqoan

441 2585 528 2639 tanta
549 2576 836 2657 blasphemaveri13
861 2586 950 2640 tanto
971 2575 1084 2642 deinde
1105 2581 1177 2642 aeln
1198 2587 1231 2641 et
1251 2578 1361 2642 studio
1377 2579 1409 2640 in
1422 2575 1530 2642 Celsen

438 2675 651 2742 inveheretur
671 2681 739 2742 sine
759 2677 828 2742 nlla
849 2677 1078 2741 emendationis
1094 2687 1213 2741 tessera
1226 2695 1358 2754 eorum,
1373 2675 1529 2758 quseslili

439 2773 507 2861 lpse
528 2783 651 2861 pariter
671 2779 945 2857 blasphemasset:
968 2795 1122 2842 seucum
1149 2788 1184 2842 et
1204 2775 1264 2859 ipsi
1292 2781 1391 2842 ambo
1419 2795 1477 2842 una
1495 2777 1532 2838 lu

438 2883 606 2946 cessissent
631 2883 664 2944 in
692 2881 938 2945 subversionem
966 2880 1123 2960 dogmatis
1149 2881 1328 2944 christiani.
1363 2879 1445 2957 Quis
1468 2893 1532 2958 ergo

437 2981 555 3047 horum
576 2980 723 3063 impius?
743 2979 898 3062 Origenes
919 2999 958 3046 ne
979 2999 1018 3044 an
1041 2979 1184 3046 Celsus?
1204 2979 1285 3058 Quis
1301 2983 1458 3057 sincerus,
1473 2979 1534 3061 guis

437 3085 583 3149 veritatis
605 3084 750 3149 vtnoex?
770 3082 853 3160 Quis
873 3101 960 3159 reos,
984 3082 1057 3162 quis
1074 3081 1207 3164 iudex?
1227 3079 1288 3148 Ubi
1309 3085 1493 3148 contutatur
1507 3085 1534 3140 st

435 3183 623 3252 eonltstntus
634 3185 653 3250 l
665 3185 751 3262 Quid
768 3186 915 3249 utilitatis
930 3185 960 3247 in
978 3186 1039 3249 hoe
1055 3183 1204 3264 Origenls
1214 3184 1324 3248 santio
1339 3190 1449 3249 eontra
1462 3177 1534 3247 Celsi

434 3285 548 3366 libros,
571 3305 647 3352 com
664 3287 764 3352 simul
785 3287 942 3351 navemus
956 3285 1119 3354 Christum
1141 3285 1381 3352 convenerint?
1399 3285 1464 3352 Gar
1481 3299 1533 3364 pro

434 3385 537 3469 virili,
558 3393 608 3456 nti
627 3391 696 3472 lpse
716 3391 762 3454 nit
780 3389 936 3470 Origenes
956 3393 988 3453 in
1009 3390 1173 3470 Prologo‚
1196 3398 1308 3454 contra
1331 3387 1418 3456 Geloi
1438 3385 1531 3452 erini-
1601 3473 1602 3480 ἵ

432 3490 581 3558 'nationes
595 3491 770 3557 decenarit
781 3492 822 3555 ao
837 3493 937 3572 ipsios
952 3491 1127 3556 refellentia
1141 3489 1366 3572 sophismata?
1381 3489 1464 3568 Quia
1477 3489 1532 3566 ipss

434 3591 613 3674 profecerit
633 3593 666 3656 ln
686 3592 831 3658 Ecclesia
856 3590 940 3658 Dei?
960 3591 1075 3670 Qualis
1096 3591 1241 3657 libellum
1262 3609 1343 3658 usus
1363 3593 1397 3656 in
1412 3591 1461 3656 his
1470 3603 1532 3671 per·
1601 3574 1602 3624 Ὗ

438 3693 608 3758 currendls
627 3690 732 3770 libris,
753 3708 829 3757 eum
850 3694 968 3756 seirent
982 3693 1111 3757 eosdem
1124 3693 1201 3757 slibl
1217 3711 1425 3776 propugnare
1435 3705 1533 3756 mutos

439 3793 636 3876 Origenem,
658 3814 742 3877 qnos
762 3795 817 3860 hle
836 3795 1008 3859 oonlntare
1031 3793 1170 3861 statuit?
1190 3792 1232 3860 lit
1257 3797 1338 3860 hoen
1366 3803 1416 3860 est
1439 3807 1535 3858 conse

439 3898 570 3979 quentia
590 3896 770 3963 necessaria
790 3901 823 3960 et
835 3896 986 3960 ultronea
1000 3895 1032 3959 in
1045 3896 1132 3962 illius
1145 3895 1314 3975 rnpsodiue
1328 3893 1534 3977 acceptshone

437 4018 613 4081 pravorum
642 3998 848 4080 dogmatum,
881 3997 1052 4078 Origenern
1080 3997 1199 4066 horum
1226 4005 1397 4064 auctorem
1420 3992 1533 4079 praelo

434 4097 537 4166 rentls
544 4118 557 4182 3
589 4102 717 4183 quoties
735 4097 920 4180 theophilo
938 4101 1071 4181 suisque
1091 4100 1264 4166 comitibus
1287 4099 1387 4164 illem
1412 4095 1534 4180 praesti·

436 4205 586 4279 terimus,
606 4216 645 4266 ac
660 4202 901 4278 animadversis,
916 4217 1001 4282 quse
1018 4209 1131 4266 eontra
1146 4204 1314 4270 vamtatem
1329 4199 1535 4282 evangelium

436 4302 539 4372 ellsllt
557 4301 695 4388 Gelensj
715 4317 866 4386 qmeqae
886 4303 1055 4370 contutans
1074 4301 1231 4387 Origenes
1250 4301 1449 4388 reprobarit.
