3375 5567
472 680 570 734 xxru

469 806 622 880 rouymo
651 806 721 859 uua
748 806 833 859 eum
861 782 1034 881 praelatis
1062 781 1208 857 dotibus
1235 781 1452 880 singularem
1468 804 1539 880 quo·

469 934 539 1007 que
568 913 740 1008 pietatem
770 926 808 986 et
834 911 1068 987 sanctitatem
1098 910 1177 985 colo
1207 911 1300 988 iuter
1327 908 1537 986 ceterosllc-

469 1038 602 1113 clasiae
631 1037 771 1113 Patres.
799 1037 854 1113 De
880 1037 1049 1113 omnibus
1076 1050 1114 1111 et
1134 1037 1169 1110 iu
1197 1037 1367 1113 erunibus
1392 1049 1540 1111 sanctum

469 1164 613 1240 illorum
639 1189 791 1263 scopum
819 1165 947 1263 probo,
975 1164 1221 1261 encomiisque
1237 1187 1375 1241 exorno
1403 1164 1438 1237 iu
1456 1186 1541 1237 erro-

467 1293 584 1380 ribus,
612 1293 875 1390 impietatibus,
894 1307 934 1368 et
960 1292 1139 1373 absurdis,
1155 1314 1247 1390 quae
1276 1292 1423 1389 Origoui
1438 1291 1540 1365 inscri-

469 1419 619 1520 buntur,
634 1420 929 1495 condemnandis.
956 1418 1049 1495 Cum
1075 1420 1131 1493 his
1160 1416 1541 1495 omnimodecouveoio

470 1547 576 1622 sicuti
604 1569 687 1622 cum
717 1546 880 1621 Ecclesia
919 1550 956 1622 iu
984 1547 1208 1644 professione
1237 1546 1321 1620 lidei
1359 1545 1541 1621 catholicae

470 1698 565 1774 quse
580 1675 786 1769 huiusmodi
815 1676 943 1751 abnuit
958 1677 1179 1773 impietates.
1199 1672 1441 1750 Nihilominus
1455 1671 1542 1770 (mihi

469 1805 651 1904 donetur)
681 1827 752 1877 nou
783 1803 908 1877 videor
935 1803 1110 1901 praelatis
1139 1801 1308 1877 Patribus
1337 1800 1540 1882 convenire,

471 1953 588 2029 oeque
618 1916 711 2005 'cum
740 1930 829 2027 ipsis
861 1930 1050 2014 arbitrari,
1068 1929 1275 2027 origenem
1314 1950 1442 2025 reapse
1469 1926 1542 1999 talia

470 2056 677 2153 professum
703 2068 741 2130 et
768 2055 935 2131 docuisse
964 2054 1118 2129 absurda
1148 2068 1225 2130 turn
1253 2054 1302 2128 ob
1321 2076 1382 2139 ea,
1400 2076 1487 2151 quae
1511 2051 1539 2121 in

469 2185 587 2282 prima
615 2168 723 2260 Parte
750 2206 911 2281 expensa
940 2198 1043 2269 sunt,
1072 2198 1110 2258 et
1138 2184 1297 2259 maxime
1330 2183 1369 2257 in
1401 2202 1539 2279 sequen·

472 2310 570 2385 tibus
597 2312 851 2388 discutientur.

577 2439 669 2513 ltem
698 2462 765 2513 neo
792 2439 889 2513 istud
927 2437 963 2511 in
992 2439 1061 2514 hoe
1089 2437 1237 2536 praevio
1270 2437 1351 2511 loco
1382 2438 1542 2511 omitten-

470 2568 584 2654 dmn,
610 2568 705 2666 quod
743 2590 775 2641 s.
804 2566 1070 2664 Hieronymus,
1099 2580 1294 2665 postquam
1333 2590 1402 2664 per
1436 2562 1541 2639 omnia

471 2694 673 2792 Theophila
710 2696 1079 2793 adhaesit,·eumque
1106 2697 1235 2770 ducem
1274 2693 1341 2769 sibi
1372 2688 1543 2769 constituit

472 2824 735 2900 invectivarum
764 2825 800 2897 in
828 2823 1039 2921 Origeuem,
1066 2824 1111 2897 de
1139 2824 1259 2919 seipso
1287 2822 1391 2906 dicit,
1419 2832 1542 2895 eicon·

472 2951 591 3027 lessns
619 2967 690 3026 est:
720 2974 759 3024 se
787 2973 920 3048 nempe
949 2950 1215 3048 praesertimin
1243 2948 1465 3024 Occidentali
1484 2942 1543 3018 Ec·

472 3078 581 3155 clesia
610 3103 676 3176 per
702 3078 876 3175 epistolas
904 3080 1080 3160 studiose,
1108 3098 1356 3174 summopere,
1386 3077 1544 3150 incessan-

474 3218 531 3279 ter
556 3200 765 3279 elaborasse
792 3206 968 3279 adversus
996 3203 1163 3300 Origenis
1191 3203 1341 3298 scripta,
1372 3207 1447 3295 ejus
1472 3220 1542 3296 per·

474 3354 625 3417 sonam,
667 3345 705 3405 et
732 3331 960 3427 origenistas.
991 3328 1037 3403 Et
1079 3331 1147 3404 boc
1176 3330 1367 3427 perspicue
1399 3328 1482 3403 dicit
1514 3324 1542 3396 iu

476 3456 584 3533 Libro
610 3460 639 3531 l.
669 3483 704 3533 n.
737 3452 800 3532 12.
828 3472 954 3559 contra
985 3458 1183 3543 lluffinum,
1211 3458 1387 3531 scribens:
1421 3454 1543 3527 allio

473 3585 550 3681 qui,
569 3586 599 3659 si
618 3585 790 3683 quidquid
817 3600 944 3659 contra
971 3584 1165 3681 Origenem
1194 3602 1232 3661 et
1259 3600 1458 3660 sectatores
1475 3584 1541 3673 cius

473 3710 618 3795 dicitur,
647 3712 682 3783 in
702 3726 739 3786 te
766 3713 904 3787 dictum
924 3725 1046 3807 putas,
1074 3727 1215 3810 ergoet
1242 3711 1418 3809 epistolae
1442 3728 1541 3807 pupae

475 3835 665 3935 Theophili
680 3851 718 3914 et
736 3839 927 3937 Epiphanii
956 3850 993 3913 et
1008 3839 1162 3915 eliorum
1182 3840 1448 3937 episcoporum,
1466 3856 1542 3933 quos

474 3989 590 4061 nuper
616 3968 705 4064 ipsis
726 3967 939 4059 jubentibus
968 3967 1150 4053 transtuli,
1179 3980 1215 4041 te
1233 3980 1376 4063 petunt,
1406 3980 1440 4039 te
1458 3964 1541 4035 lace·

475 4108 569 4167 rant.
601 4094 863 4193 imperatorum
880 4118 1022 4193 quoque
1051 4096 1201 4191 scripta,
1220 4117 1313 4190 quae
1341 4096 1386 4169 de
1407 4092 1541 4167 Alexan·

474 4222 550 4296 dria
579 4235 617 4295 et
654 4221 820 4318 Aegypto
849 4222 1064 4318 origenistas
1093 4222 1175 4319 pelli
1199 4221 1353 4314 jubent,
1382 4244 1439 4295 mo
1470 4240 1540 4310 sug·

474 4364 624 4445 gerente
652 4347 786 4422 dictata
823 4361 922 4421 sunt.
951 4346 1001 4422 Ut
1038 4349 1225 4422 Romanae
1255 4349 1354 4422 urbis
1388 4342 1537 4421 Pontifex

475 4478 567 4551 miro
594 4499 658 4549 eos
684 4474 767 4549 odio
795 4476 1011 4563 detestetur,
1041 4500 1161 4551 meum
1179 4476 1366 4552 consilium
1395 4474 1471 4549 luit.
1501 4466 1537 4540 llt
