3375 5567
418 723 572 788 solutast
585 722 752 785 exclusiva
765 721 880 801 accipi,
897 728 933 783 ut
946 720 1093 801 quisquis
1115 721 1148 784 in
1168 721 1228 785 bns
1242 722 1352 799 lapsus
1365 719 1463 784 inerit
1482 718 1518 779 ab

418 822 564 890 Ecclesia
585 829 789 898 amoveatur,
805 821 927 902 batque
948 821 1034 883 sicut
1053 820 1203 885 etbnicns
1222 827 1255 886 et
1272 820 1461 902 publicanas
1475 819 1520 882 nl·

417 927 451 989 la
471 926 539 988 sine
560 925 672 987 veniae
692 942 761 1002 spe,
777 931 810 986 et
823 923 932 986 binae
954 922 1086 996 coelesti
1108 926 1213 1002 patria
1236 923 1387 986 extorris.
1405 918 1519 983 Verum

419 1043 462 1088 cs
491 1024 630 1088 adverso
664 1033 757 1103 putat
789 1025 832 1086 ob
859 1024 986 1086 divinae
1015 1023 1254 1086 misericordiae
1283 1023 1520 1085 immensitatem

419 1127 489 1190 deri
512 1145 604 1206 posse
629 1127 843 1206 poenitentiae
873 1126 992 1187 locum.
1016 1124 1057 1186 Et
1079 1127 1226 1204 quamvis
1251 1128 1350 1188 sciret
1373 1124 1521 1202 Origenes

419 1248 460 1292 ex
483 1229 543 1291 bac
565 1227 622 1290 Dei
645 1229 871 1301 miseratione,
892 1225 1027 1288 inllrmis
1049 1227 1198 1306 peccandi
1218 1229 1420 1289 occasionem
1438 1223 1519 1286 dari:

417 1329 625 1392 nibilominus
646 1347 721 1392 enm
743 1347 806 1390 non
828 1329 996 1408 praeteriit
1017 1327 1135 1392 Christi
1161 1328 1334 1392 oraculum
1365 1327 1406 1392 de
1427 1325 1525 1389 Patris

417 1434 469 1497 sui
492 1434 658 1493 voluntate
678 1449 752 1509 erge
776 1433 918 1493 omnium
941 1429 1102 1508 salntem3
1125 1447 1163 1491 ac
1183 1429 1256 1492 ideo
1276 1429 1393 1508 quovis
1413 1437 1526 1508 tempo·

419 1552 456 1596 re
477 1535 508 1595 in
529 1531 732 1595 boemundo
755 1540 964 1612 peccatores,
983 1531 1110 1610 quoties
1141 1531 1303 1593 soluerint
1324 1539 1356 1592 et
1389 1530 1525 1609 resipue-

418 1635 495 1710 rint,
517 1635 736 1697 rcmissionem
758 1642 1014 1696 consecuturos:
1041 1633 1159 1714 quippe
1185 1630 1272 1695 Deus
1287 1649 1352 1694 ιιοιι
1368 1632 1525 1695 miinor-

419 1744 478 1797 tam
493 1731 682 1815 peccatoris,
703 1734 763 1795 sed.
774 1743 811 1795 ut
832 1741 1033 1796 convertatur
1052 1741 1080 1794 st
1098 1731 1196 1794 ciunt.

498 1833 643 1914 lienique
657 1835 744 1914 qnod
767 1852 866 1914 snpra
882 1837 926 1898 ait
939 1833 1095 1913 Origenes
1117 1833 1156 1895 de
1178 1837 1311 1913 peccato
1325 1831 1365 1894 ad
1381 1841 1526 1908 mortem,

420 1947 478 2002 ant
498 1946 682 2016 exponatur
704 1937 804 2000 veluti
826 1955 843 1999 a
868 1955 918 1999 me
939 1955 1045 2015 nuper
1065 1937 1186 1998 dictum
1208 1943 1277 2008 est,
1300 1942 1358 1998 aut
1379 1935 1421 1999 da
1443 1936 1528 1998 disci·

417 2041 503 2122 plina
520 2040 609 2102 illius
632 2039 765 2100 aetatis:
793 2055 936 2118 quacum
957 2038 998 2099 ab
1024 2036 1167 2100 Ecclesia
1193 2044 1225 2098 et
1247 2053 1264 2096 a
1286 2037 1441 2113 precibus
1460 2037 1529 2100 lide·

417 2137 504 2206 linm'
526 2139 565 2204 ed
581 2140 772 2205 diuturnum
799 2149 925 2218 tempus
946 2140 1195 2212 amovebantur,
1212 2137 1268 2217 qni
1290 2137 1365 2200 talia
1389 2138 1527 2202 facinora

419 2251 608 2324 patrassent.
632 2241 746 2304 Patent
757 2241 855 2314 anim,
871 2256 955 2319 qnae
972 2247 1047 2301 tnnc
1066 2239 1302 2302 invalescerent
1316 2239 1395 2302 setis
1416 2257 1529 2320 oppor-

419 2353 530 2416 tunae,
552 2359 687 2406 severae
707 2342 794 2423 leges
817 2342 856 2404 dc
877 2341 1102 2421 peccatoribus
1124 2341 1154 2402 in
1177 2337 1356 2402 Ecclesiam
1379 2343 1528 2422 reeipien·

418 2443 467 2506 dis
487 2444 651 2522 speciatim
674 2443 819 2523 publicis.
842 2442 935 2520 Quae
954 2444 1084 2524 qnidam
1100 2459 1164 2505 non
1179 2450 1243 2504 tem
1257 2440 1460 2523 judiciorum
1475 2441 1528 2507 liei

418 2544 624 2608 severitatem
645 2544 676 2605 in
698 2543 919 2624 delinquentes
946 2545 1170 2618 ostenderent,
1192 2561 1290 2622 qnam
1313 2545 1525 2607 extrinsecam

418 2643 585 2711 Ecclesiae
597 2646 789 2710 christianae
801 2649 1034 2722 oeconomiam,
1049 2648 1122 2709 bino
1137 2645 1210 2709 inda
1223 2645 1263 2708 ab
1274 2645 1421 2710 hostibus
1434 2649 1529 2728 agita·

420 2755 484 2825 tae,
500 2748 730 2828 quaerentibus
745 2747 889 2811 fidelium
906 2756 1009 2822 ectus,
1026 2765 1228 2828 muneraque
1239 2751 1468 2830 episcoporum
1479 2767 1528 2812 ex·

419 2848 593 2929 probrandi
612 2847 849 2928 spernendiqne
870 2849 1082 2912 occasionem.
1106 2849 1142 2912 ln
1168 2868 1236 2930 qno
1250 2867 1326 2914 sane
1339 2857 1528 2930 argumento

418 2949 526 3031 placet
547 2950 623 3012 hnic
643 2949 759 3012 ultimo
780 2949 855 3012 loco
877 2949 1019 3024 addere,
1050 2969 1136 3030 qnae
1164 2949 1336 3036 Dionysius
1364 2953 1528 3034 episcopus

418 3050 649 3114 alexandrinus
669 3069 710 3112 ex
725 3047 875 3128 Origenis
889 3051 1014 3126 ecbola,
1029 3052 1190 3114 scribebat
1205 3071 1243 3115 ea
1257 3054 1324 3133 ipsa
1340 3059 1447 3117 aetate
1461 3070 1529 3118 con·

419 3161 470 3216 tra
491 3150 669 3228 Nouatum,
692 3152 777 3215 inter
789 3159 896 3214 cetera
913 3154 1188 3232 praetendentem,
1204 3154 1301 3235 lapsis
1314 3155 1525 3236 denegandam

417 3273 487 3318 esse
508 3255 745 3334 poenitentiam.

499 3354 530 3417 ls
550 3355 660 3435 itaqua
689 3356 722 3416 in
747 3350 888 3433 Epistola
919 3366 1035 3436 quarta
1066 3357 1105 3420 ad
1127 3357 1318 3445 Dionysium
1348 3358 1523 3424 Romanum

418 3453 614 3536 Episcopum
629 3457 725 3518 citata
739 3456 825 3535 apud
841 3455 1019 3523 Eusebium
1037 3456 1117 3522 Eiet.
1133 3458 1223 3525 Eccl.
1242 3459 1340 3524 Libro
1354 3459 1426 3524 Vll.
1450 3481 1479 3526 c.
1498 3459 1522 3523 l.

419 3565 531 3621 contra
546 3555 710 3621 Neretum
735 3558 841 3621 aits«
867 3557 931 3634 Qui
946 3557 1124 3622 Ecclesiam
1154 3571 1219 3622 tam
1247 3563 1363 3624 misere
1379 3561 1520 3628 discidit:

418 3659 475 3739 qni
497 3657 614 3721 iratres
634 3658 791 3738 quosdam
807 3659 846 3719 ad
871 3659 1068 3737 impietatem
1083 3668 1116 3722 et
1138 3659 1368 3741 blasphemiam
1384 3663 1522 3726 attraxit:

419 3760 476 3840 qni
496 3759 753 3823 scelestissimam
767 3759 807 3821 de
827 3757 895 3822 lieo
918 3761 1015 3823 Patre
1031 3760 1213 3825 doctrinam
1234 3761 1379 3826 intexit:
1401 3765 1457 3843 qni
1478 3762 1525 3824 ba·

417 3862 636 3938 dignissimum
660 3858 832 3921 llominnm
854 3869 1001 3924 nostrum
1032 3859 1145 3924 lesum
1167 3861 1354 3938 Christum,
1379 3871 1523 3944 tanquam

417 3961 643 4024 inclementem
665 3969 699 4023 et
718 3961 886 4024 crudelem
909 3961 990 4024 ialso
1012 3961 1228 4025 calumniatus
1250 3962 1331 4026 init:
1361 3965 1418 4043 qni
1440 3979 1524 4044 prse·

421 4071 474 4124 ter
495 4061 694 4124 haecomnia
715 4069 861 4125 sanctum
877 4062 1075 4142 baptismatis
1091 4061 1261 4126 lavacrum
1276 4062 1457 4144 abrogarim
1472 4061 1521 4143 qni

419 4161 515 4225 iidem
536 4173 570 4225 et
589 4162 832 4237 contessionem,
858 4180 943 4242 quae
963 4162 1158 4242 baptismum
1179 4163 1390 4242 praecedunt,
1413 4163 1522 4228 conde·

419 4265 563 4341 mnasit3
584 4262 640 4341 qni
661 4261 799 4343 denique
821 4264 861 4327 sb
875 4263 953 4338 illis,
977 4265 1032 4342 qni
1049 4264 1161 4344 aliquo
1183 4265 1337 4329 vitiorum
1359 4278 1472 4346 genere
1491 4281 1522 4326 se

419 4363 623 4438 iniecerant,
642 4362 798 4442 Spiritum
818 4364 972 4432 Sanctum
995 4367 1169 4446 (quamvis
1200 4385 1272 4447 spes
1299 4375 1384 4432 esset
1403 4368 1520 4448 reliqua

420 4462 522 4540 illins,
539 4473 598 4529 ant
609 4464 643 4527 in
662 4481 778 4529 eornm
799 4465 958 4531 mentibus
979 4467 1200 4547 permanendi,
1216 4474 1275 4533 ant
1292 4469 1333 4532 ad
1347 4487 1402 4533 eos
1420 4467 1518 4531 denuo
