3375 5567
428 764 517 827 tione
529 778 568 825 nc
588 760 758 843 regiminep
773 764 831 841 qni
852 761 901 827 uti
915 760 1082 843 edjutores
1103 768 1137 826 et
1156 762 1358 827 institutores
1372 764 1527 831 boninum

364 878 369 885 ·
431 871 507 930 sunt
526 881 545 926 ι
565 862 636 928 Deo
655 862 890 943 designassent
910 863 973 927 isne
993 863 1280 945 comprehenditur
1299 881 1434 946 quoqne
1453 884 1470 930 e
1489 886 1531 931 se·

428 964 614 1047 quentibusr
634 984 652 1024 e
672 963 723 1028 Ex
744 963 876 1044 quibus,
898 964 955 1039 rit,
972 964 1134 1040 existimo,
1149 972 1249 1045 prout
1264 966 1386 1031 sentire
1401 984 1531 1049 pomum,

430 1068 518 1133 bunc
537 1064 683 1130 ordinem
705 1065 837 1129 humaui
859 1065 984 1145 generis
1005 1066 1207 1147 institutum
1229 1068 1286 1148 qui
1307 1066 1424 1150 ntique
1443 1072 1472 1133 in
1491 1070 1534 1135 iu·

430 1177 507 1234 turo
527 1166 653 1243 munio,
677 1166 728 1230 vei
756 1165 1060 1247 superuenientibus
1080 1166 1212 1245 seculis,
1233 1187 1310 1233 cum
1331 1171 1461 1235 coetum
1486 1188 1534 1235 uo·

429 1288 506 1335 rum
527 1278 561 1333 et
581 1279 669 1333 terre
689 1285 773 1331 nors
793 1266 972 1333 secuudum
995 1267 1110 1331 isaiam
1132 1270 1206 1344 erit,
1230 1271 1427 1334 restituetur
1446 1271 1475 1332 in
1500 1272 1533 1333 ii·

426 1372 493 1436 lom
516 1374 672 1435 unitatem
692 1375 785 1435 ete.»
808 1367 960 1446 Quorum
973 1384 1086 1434 sensus
1105 1389 1146 1435 er
1163 1372 1432 1452 praecedentibus
1451 1375 1491 1436 its
1504 1392 1533 1437 se

429 1474 538 1549 bebet,
561 1473 662 1537 reinti
682 1472 822 1536 diceret:
842 1488 860 1534 ι
882 1472 1002 1552 quibus
1021 1472 1146 1537 scilicet
1165 1476 1284 1538 seuctis
1305 1474 1473 1555 beatisque
1486 1491 1534 1536 ιι-

430 1573 580 1654 peiorum
599 1572 781 1649 ordinibus,
798 1574 848 1637 uti
868 1590 941 1636 mee·
960 1573 1024 1636 iert
1043 1574 1212 1651 sententis,
1234 1574 1317 1639 ordo
1340 1574 1465 1655 generis
1485 1575 1538 1638 bu·

433 1674 519 1739 nrnni
542 1674 648 1752 (idest
666 1674 809 1737 uiternm
831 1674 1039 1739 rstionniium
1060 1676 1183 1756 genus)
1198 1677 1380 1753 institutus,
1404 1676 1540 1747 edoctus,

431 1777 655 1857 etdiscipiinis
670 1774 870 1841 solutoribus
884 1775 1091 1854 ininnnstns,
1109 1780 1302 1843 restituetur
1317 1778 1350 1841 in
1366 1778 1457 1841 iiism
1471 1794 1538 1841 cum

432 1878 502 1944 Deo
521 1879 680 1944 unitatem
700 1880 733 1939 in
755 1894 854 1958 regno
875 1875 1015 1950 (insisti,
1038 1894 1113 1942 cum
1136 1879 1212 1943 bnic
1232 1878 1340 1942 omnin
1372 1878 1540 1960 subjecerit

431 1980 532 2058 Deus,
554 1982 599 2044 its
621 1987 660 2044 ut
678 1997 790 2045 omnes
810 1980 841 2041 in
865 1995 965 2043 unum
986 1974 1050 2043 sint
1070 1980 1294 2043 consummati.

513 2079 610 2158 Quod
631 2089 741 2145 eutem
762 2081 912 2160 loquitur
930 2078 1086 2160 Origenes
1107 2080 1147 2141 de
1168 2080 1291 2160 sugetis
1311 2080 1362 2145 uti
1385 2080 1540 2143 bominum

433 2183 635 2259 custodibus,
648 2182 845 2260 rectoribus,
858 2182 1017 2263 magistris
1029 2188 1061 2245 et
1077 2182 1331 2260 institutoribus,
1345 2182 1464 2264 nequid
1476 2180 1540 2245 uori

432 2288 521 2351 uicit.
544 2284 588 2349 Et
608 2283 764 2349 Dominus
783 2288 818 2350 in
839 2282 956 2348 Exodo
977 2302 1005 2348 c.
1020 2281 1141 2349 xxiii.
1162 2281 1214 2351 20¹.
1229 2284 1296 2347 sits
1311 2300 1382 2347 cccc
1408 2302 1461 2365 spe
1480 2280 1541 2345 rsit·

432 2395 498 2451 mm
516 2386 665 2466 enectum
682 2384 1059 2467 recompensassent
1078 2393 1128 2461 te,
1149 2392 1177 2447 et
1197 2380 1358 2449 custodiet
1378 2384 1417 2451 iss
1436 2382 1497 2461 nio,
1516 2392 1540 2445 et

431 2488 619 2553 introducat
635 2487 674 2551 io
693 2487 810 2565 mum,
829 2500 922 2569 poem
938 2485 1068 2568 pereni.
1088 2484 1222 2550 Observa
1242 2504 1332 2561 eon,
1354 2496 1385 2551 et
1404 2486 1482 2552 nodi
1498 2502 1543 2548 co·

432 2609 497 2655 con
517 2589 585 2672 por
604 2598 660 2654 etc.
675 2587 756 2659 Item
775 2589 809 2652 in
830 2587 1009 2670 Ereugelio
1019 2610 1031 2669 3
1053 2588 1160 2670 sepeli
1179 2596 1285 2653 nutem
1304 2606 1418 2653 coruos
1437 2604 1543 2669 semper

431 2690 539 2756 rident
556 2688 669 2775 faciem
686 2689 793 2754 Petris
813 2688 885 2768 snei,
900 2689 958 2771 qni
975 2690 1013 2753 in
1034 2691 1125 2757 coetis
1145 2700 1200 2756 est.
1223 2688 1318 2768 Quae
1340 2692 1443 2756 verbe
1458 2688 1542 2754 sicuti

434 2794 587 2876 pericope
599 2793 631 2856 iu
652 2792 855 2873 quaestione,
871 2791 1011 2874 emplius
1031 2791 1073 2855 ub
1085 2786 1229 2857 Auctore
1251 2791 1475 2873 explanantur
1487 2789 1544 2854 idn·

434 2893 523 2957 milis
545 2889 634 2955 vni.
656 2889 688 2958 8.
709 2889 744 2954 in
766 2888 933 2955 Genesim:
955 2909 973 2951 r
994 2891 1037 2956 Et
1063 2892 1165 2973 ipsius
1185 2890 1325 2969 Christi,
1346 2893 1485 2967 scribit,
1502 2908 1543 2955 sc·

434 2999 570 3075 euentus
589 2994 777 3073 exemptum
797 2992 905 3071 engeli
927 2992 961 3054 in
981 2992 1074 3057 coelo
1096 2993 1260 3057 laetentur
1278 3010 1384 3072 snper
1405 3010 1545 3073 unopec·

434 3102 547 3159 cetere
567 3094 796 3177 poenitentium
816 3101 932 3175 egente
952 3094 1045 3157 etde
1071 3093 1272 3175 proiectibus
1293 3093 1466 3158 bominum
1486 3092 1545 3173 gio-

436 3195 575 3262 rinntur.
592 3193 656 3275 ipsi
675 3194 759 3260 euim
782 3193 873 3259 reiut
887 3196 1151 3274 procurationem
1166 3197 1348 3259 animorum
1365 3204 1545 3259 nostrerum

364 3373 368 3381 ⁵
436 3304 559 3372 tenent,
571 3296 798 3377 quibus,dum
812 3296 921 3361 adbuc
936 3296 1066 3377 psrsnii
1081 3314 1208 3373 sumus,
1227 3297 1328 3361 veluti
1344 3292 1509 3362 tutoribus
1520 3298 1549 3357 et

435 3398 601 3464 somnone
620 3397 856 3463 committimur
879 3416 985 3479 nsque
1004 3398 1045 3461 nd
1068 3398 1273 3478 prectiuitum
1296 3408 1426 3481 tempus
1454 3414 1472 3459 ι
1494 3395 1546 3458 Ρι·

436 3508 499 3563 tre.
510 3517 529 3558 ι
540 3496 582 3563 Et
594 3497 632 3565 iu
644 3496 805 3561 Psotmssns
820 3496 986 3563 xxxvii.
1003 3516 1034 3561 n.
1049 3498 1192 3565 &addite
1207 3519 1223 3559 e
1236 3497 1294 3564 Est
1312 3506 1441 3573 sutem,
1454 3512 1547 3580 quen·

435 3600 478 3664 do
499 3600 671 3666 erudimur
701 3602 798 3665 etism
819 3618 839 3665 ι
860 3602 1130 3681 procuratoribus
1161 3608 1195 3666 et
1213 3601 1381 3667 actoribus
1403 3600 1486 3663 idest
1511 3596 1547 3659 ab

437 3702 487 3766 his
501 3701 636 3783 engolis,
657 3703 777 3783 quibus
790 3703 934 3767 creditne
954 3703 1268 3786 snntdispensendee
1289 3710 1321 3767 et
1336 3700 1498 3784 regendae
1517 3715 1547 3760 ι-

437 3804 544 3869 nimos
564 3814 717 3884 nostroe,
738 3804 1013 3886 quemadmodum
1034 3805 1231 3872 describitur
1260 3806 1292 3869 in
1313 3806 1460 3887 quodum
1479 3804 1547 3865 ioco

438 3905 574 3985 rogetus
594 3906 821 3987 poenitentiee,
843 3908 900 3987 qui
921 3922 979 3971 nos
999 3908 1133 3989 suscipit
1148 3907 1347 3988 castigandos
1357 3927 1369 3987 3
1391 3908 1479 3971 sicut
1497 3900 1550 3964 Pr·

438 4016 510 4074 stor
520 4008 667 4089 exponit,
681 4008 765 4072 sieut
786 4017 892 4072 temen
906 4009 1038 4074 iibeiins
1059 4008 1115 4071 iiie
1130 4006 1333 4089 recipiendus
1350 4006 1490 4072 ridetur.
1504 3999 1549 4061 in·

439 4111 535 4175 terim
555 4109 692 4173 dirersis
711 4109 950 4175 eruditionibus
969 4106 1234 4180 succumbimus,
1255 4122 1313 4171 uos
1334 4106 1482 4170 bomine·
1501 4116 1550 4164 cs·

437 4210 641 4291 stipantibus,
655 4228 714 4274 nos
728 4218 762 4274 et
780 4210 1041 4292 corripientibus.
1058 4206 1210 4275 Nondum
1226 4220 1332 4271 temen
1346 4208 1389 4270 sb
1409 4207 1482 4287 ipso
1498 4201 1550 4264 Ρι-

442 4310 632 4377 treinmiiies
652 4313 861 4392 castigemur,
882 4314 938 4377 sed
959 4330 977 4376 ι
1000 4310 1268 4395 procuratoribus
1289 4307 1424 4387 sugetis,
1446 4304 1501 4386 qui
1515 4318 1549 4363 u·

441 4412 677 4495 uinsenjmque
695 4420 845 4479 nostrum
858 4415 1031 4495 castigandi
1051 4422 1150 4496 etque
1170 4410 1357 4493 emendandi
1371 4410 1550 4473 sortiuntur

438 4512 581 4582 officium
591 4535 603 4595 3
624 4524 659 4581 et
678 4525 728 4581 est
747 4514 964 4581 totiersbiiins
984 4534 1061 4583 cnm
1082 4515 1123 4581 nb
1142 4515 1255 4596 atiquo
1276 4512 1395 4579 borum
1417 4501 1546 4583 corripi·
