3375 5567
432 776 518 855 quis,
532 772 586 838 sed
603 790 732 852 eorum,
747 772 804 853 qui
816 773 1041 855 disputationis
1052 791 1130 853 crgo
1151 771 1342 837 contendere
1356 773 1517 856 cupiebant,
1577 772 1578 824 l

432 874 616 955 accipienda
638 885 723 939 suut.
741 894 757 934 n
774 873 815 940 h't
831 876 904 940 ideo
923 894 949 940 a.
968 875 1156 958 Pamphilus
1172 877 1203 940 iu
1217 875 1422 958 Apologetleo
1434 895 1459 939 c.
1476 875 1519 940 tl.
1578 890 1579 927 t

434 976 580 1038 hostibus
600 974 750 1056 Origenis
770 976 994 1058 exprobrarit,
1017 977 1104 1057 quod
1127 978 1207 1040 haec
1221 978 1278 1059 ipsi
1300 994 1362 1039 oon
1375 977 1521 1041 adrerteu·
1579 1006 1580 1028 i

436 1085 495 1152 tes,
517 1077 708 1159 objecerint,
722 1077 814 1159 quasi
837 1079 942 1157 ipsum
956 1077 1069 1142 eadem
1091 1079 1256 1159 probasse,
1271 1097 1356 1160 quae
1375 1097 1414 1142 ex
1427 1079 1524 1141 adrer-
1580 1122 1581 1144 t

435 1180 599 1241 sariorum
622 1197 757 1258 persons
780 1180 942 1244 disseruit.
966 1199 982 1236 n

518 1280 691 1344 Praeterea
705 1282 745 1343 ad
762 1281 943 1344 roboranda
960 1300 1045 1363 quaa
1059 1301 1084 1345 a.
1101 1279 1289 1360 Pamphilus
1303 1281 1349 1343 ait
1361 1289 1392 1343 et
1407 1280 1526 1342 htbaaa·

437 1381 556 1444 eiusde
575 1381 743 1461 loquendi,
755 1382 1019 1463 disceptandique
1033 1401 1094 1447 usu
1110 1383 1140 1444 iu
1155 1382 1247 1445 libris
1262 1383 1409 1461 Oripeuis
1425 1391 1484 1446 tum
1496 1381 1527 1445 dc

401 1561 406 1570 .
437 1482 554 1544 ceteris
576 1482 674 1562 hujus
695 1486 820 1562 generis
840 1485 1083 1564 quaestionibus
1105 1501 1163 1565 per
1184 1483 1394 1563 philosophos
1409 1486 1527 1546 radmo-

439 1581 479 1643 de
501 1581 651 1645 discussis
671 1602 711 1645 ao
731 1583 887 1664 defiuitis3
909 1602 1056 1665 quasque
1078 1584 1173 1661 ideo,
1196 1603 1258 1648 uon
1287 1585 1345 1647 nisi
1368 1593 1403 1648 ut
1424 1583 1529 1647 histori·

440 1699 499 1744 cus
520 1682 563 1744 ibi
587 1683 706 1757 tradit,
727 1693 760 1746 at
780 1684 858 1750 alibi
880 1695 1064 1766 opportuno
1086 1685 1229 1762 discutit,
1254 1697 1314 1750 aut
1336 1685 1463 1758 refutat,
1484 1703 1530 1747 seu

440 1785 511 1848 aliis
528 1787 661 1850 remittit
681 1787 917 1868 disquirendum
934 1789 1012 1868 quin
1028 1799 1134 1853 tamen
1149 1789 1290 1870 dogmati
1306 1788 1477 1868 apostoliea
1494 1805 1533 1850 re·

444 1885 614 1966 langetun
645 1905 789 1967 congrua
812 1890 902 1952 uubis
923 1889 1051 1952 obviam
1073 1889 1175 1966 huut,
1198 1908 1283 1970 quae
1310 1889 1532 1954 Commentariis

442 1985 479 2050 in
493 1986 636 2052 Psalmar
651 1991 815 2069 praemisit
829 1990 870 2054 de
886 1989 954 2054 Deo
976 2011 1016 2056 ex
1033 1988 1203 2070 Herophili
1224 1991 1429 2055 auctoritate.
1448 1987 1536 2068 lnquit

443 2091 528 2153 enim
542 2112 551 2154 s
565 2091 642 2154 aha
659 2110 737 2155 ecro
753 2092 953 2156 dahnitioucs
969 2093 1008 2156 de
1025 2093 1093 2158 Deo
1114 2102 1147 2157 et
1169 2095 1277 2157 variae
1293 2092 1392 2174 hujus
1408 2087 1534 2154 vocabuli

446 2189 529 2254 beas
547 2192 807 2273 significationes,
826 2214 869 2258 ex
887 2196 1016 2276 optimis
1030 2195 1243 2274 scriptoribus
1266 2195 1420 2268 selectae,
1434 2191 1536 2271 aliquit

446 2294 539 2356 uobis
560 2295 709 2360 utilitatis
734 2297 922 2370 conterant,
946 2296 1214 2360 considerandum
1238 2293 1294 2357 tibi
1324 2311 1474 2375 propouo.
1496 2292 1537 2353 dit

444 2395 544 2474 igitur
558 2396 641 2459 idem
665 2395 877 2478 Herophilus:
895 2396 997 2462 Deum
1020 2398 1151 2478 quidam
1175 2397 1415 2478 generalissime
1435 2395 1536 2466 dicuat,

445 2492 568 2558 animal
581 2495 757 2560 immortale
768 2496 927 2560 rationale
932 2518 943 2576 ;
955 2499 1132 2564 secuudum
1147 2517 1246 2580 quam
1263 2499 1474 2561 definitionem
1487 2513 1540 2556 om·

448 2595 497 2658 uis
510 2597 614 2658 auimo
631 2599 796 2661 rationalis
810 2608 859 2661 est
874 2596 971 2662 Deus.
987 2598 1061 2662 htto
1076 2612 1185 2662 autern
1198 2599 1308 2662 modo:
1324 2597 1447 2662 animal
1459 2593 1538 2657 ratia-

449 2698 522 2759 nala
541 2695 719 2762 immortale
737 2701 911 2762 secundnm
935 2717 967 2763 aa
994 2697 1150 2774 existenu
1168 2704 1209 2762 ita
1233 2709 1270 2764 ut
1285 2702 1412 2763 animae
1432 2699 1500 2760 dum
1516 2696 1540 2756 iu

452 2799 542 2862 uobis
562 2801 791 2878 contineatur,
813 2821 877 2867 uon
902 2813 976 2867 suut
998 2804 1063 2878 dii,
1085 2803 1140 2866 sed
1167 2803 1335 2867 solutaea
1361 2819 1490 2882 corpore
1507 2797 1540 2860 dil

453 2899 585 2964 loturae
605 2902 678 2964 siut.
700 2901 776 2966 utto
790 2913 899 2966 autem
923 2904 1018 2967 modo
1031 2901 1135 2967 Deum
1157 2905 1201 2965 ait
1215 2905 1277 2966 dici
1299 2903 1426 2966 animal
1439 2900 1544 2962 immar-

451 3002 526 3075 tala,
548 3000 719 3080 rationale,
738 3013 926 3077 strennum
948 3005 990 3067 ita
1014 3013 1051 3068 ut
1070 3007 1173 3068 omnis
1186 3007 1291 3069 anima
1313 3006 1443 3085 elegans
1457 3011 1486 3066 et
1503 3017 1545 3066 ur·

453 3104 535 3166 baua
549 3105 590 3168 sit
604 3102 707 3180 Deus,
720 3107 843 3168 etiamsi
866 3109 897 3168 iu
913 3109 1040 3171 homine
1052 3109 1268 3170 contineatur.
1286 3106 1364 3168 Atto
1381 3109 1453 3170 item
1468 3101 1545 3165 modo

455 3203 558 3270 Deum
581 3206 718 3270 deliniri:
740 3209 1014 3287 quadrimodum
1034 3228 1064 3270 re
1084 3218 1127 3271 eat
1148 3206 1271 3270 animai
1292 3205 1467 3270 immortale
1484 3211 1546 3265 atra-

454 3324 578 3369 naum:
601 3325 667 3388 quo
689 3309 806 3388 posito,
828 3311 953 3373 animas
973 3312 1153 3390 sapientum
1174 3309 1217 3370 dii
1238 3327 1301 3371 uou
1321 3318 1411 3371 suut.
1436 3305 1548 3384 lmapsr

454 3408 520 3470 alio
536 3409 631 3473 modo
653 3409 756 3474 Deum
772 3409 940 3474 definiunt:
956 3410 1079 3473 animal
1091 3409 1266 3472 immortale
1278 3419 1442 3472 strenuum
1454 3405 1547 3468 labent

455 3509 599 3590 aliquam
615 3514 849 3593 praefecturam
869 3511 905 3574 in
926 3514 1043 3575 munda
1069 3513 1240 3574 secundam
1260 3505 1549 3573 administrationem

457 3613 730 3695 quemadmodum
751 3617 801 3678 sol
821 3625 855 3677 et
876 3615 963 3678 luna.
987 3614 1061 3676 Atto
1083 3624 1176 3694 paeto
1201 3611 1299 3676 mum
1319 3613 1399 3676 dicit
1418 3629 1481 3674 esse
1496 3605 1550 3688 ρή-

457 3733 542 3776 marn
563 3715 853 3780 administratorem
873 3715 993 3779 mandi.
1016 3715 1247 3796 superomnia
1268 3725 1379 3778 autem
1403 3712 1497 3776 Deum
1516 3707 1551 3770 di·

457 3827 536 3878 cunt
555 3837 646 3880 esse:
669 3818 792 3882 animal
811 3815 1050 3896 incorruptibile
1070 3825 1096 3878 rt
1117 3833 1181 3905 non
1200 3813 1342 3895 partitum
1352 3860 1366 3891 ,
1387 3823 1414 3876 et
1430 3810 1550 3894 primam

458 3935 571 3995 repon,
591 3937 680 3998 quern
700 3918 790 3982 tates
810 3919 914 3979 locum
934 3914 1100 3978 uniuerms
1120 3917 1270 3978 mandas.
1293 3936 1310 3973 s

541 4018 623 4082 Cum
646 4023 725 4083 haec
745 4023 845 4101 igitur
866 4027 1026 4101 proponat
1045 4018 1214 4097 Origenes,
1236 4019 1373 4100 simplici
1395 4012 1551 4081 enarratio·

461 4137 500 4180 uc
522 4140 652 4184 cenaeus
676 4123 781 4184 varios
802 4117 973 4200 Herophili
993 4136 1127 4194 seusus,
1150 4121 1309 4182 homiuem
1331 4130 1411 4200 puta
1432 4117 1496 4179 lora
1514 4127 1551 4172 aa·

462 4233 636 4298 serentem,
659 4224 733 4287 talia
749 4233 879 4302 putasse
899 4222 1073 4302 Origeuem
1094 4221 1198 4302 ipsum
1212 4222 1252 4283 da
1274 4219 1355 4296 Deo,
1376 4237 1475 4299 eaque
1494 4231 1553 4293 pro·

462 4325 608 4403 posuisse
630 4331 781 4405 nuquam
798 4324 938 4385 tideliter
959 4331 991 4386 ct
1005 4332 1158 4386 accurata
1179 4321 1318 4384 divinam
1335 4324 1554 4402 repraesentan-

464 4429 506 4487 tia
528 4437 678 4489 naturam
689 4445 701 4504 3
723 4445 826 4506 quum
848 4425 924 4486 alibi
947 4425 1073 4505 penitus
1093 4423 1133 4484 ab
1155 4423 1203 4486 his
1224 4423 1400 4486 abhorreat
1420 4415 1554 4481 defiuitio-

462 4529 566 4591 aibus.
597 4527 808 4608 Quapropter
836 4528 863 4589 si
897 4521 1067 4604 Herophili
1099 4524 1216 4604 placita
1245 4524 1317 4588 aliis
1348 4525 1554 4601 comparentur
