3375 5567
233 724 318 790 lisee
331 726 440 790 omnia
455 727 549 809 piane
562 725 740 808 explicuit
752 724 909 806 Origenes
924 723 1063 790 lionsilis
1084 724 1124 789 Χ.
1142 724 1179 790 in
1193 621 1267 792 gizei·

173 825 282 889 reniam
303 846 334 890 n.
355 828 387 893 li.
413 829 511 892 rerba
532 829 621 892 iilius
641 827 835 892 enucleans:
852 845 1010 910 quousque
1031 826 1146 908 tapetis
1167 837 1265 901 terra,

168 930 321 1006 ulmensis
339 949 431 992 omne
450 929 524 1009 agri
543 939 661 994 arescet
680 949 701 990 n
718 927 842 992 vnols'ts‘o
863 927 1074 993 habitantium
1094 929 1130 992 s'n
1151 925 1265 995 tarra?

168 1029 209 1092 alti
225 1030 355 1094 scribit:
380 1052 397 1090 a
420 1029 520 1107 Quasi
535 1032 654 1095 animal
669 1033 710 1094 sit
735 1041 835 1107 terra,
851 1033 897 1094 sic
919 1050 1003 1094 nunc
1018 1033 1168 1112 loquitur
1184 1031 1262 1096 Pro·

167 1130 257 1209 pieta,
279 1131 387 1194 dicens
406 1132 522 1212 lugere
537 1149 622 1206 eam,
641 1131 772 1211 qnando
793 1131 870 1193 mali
885 1141 960 1195 snnt
982 1131 1191 1210 habitatores,
1208 1135 1265 1212 qni
1395 1207 1401 1218 ,

166 1233 238 1294 inea
257 1242 515 1296 commorantur.
548 1233 612 1296 Per
633 1251 901 1314 nunmquemque
923 1234 1006 1297 enim
1029 1243 1176 1298 nostrum
1200 1245 1264 1299 ter·

165 1344 257 1398 nant
276 1335 420 1399 laetatur
440 1340 472 1400 in
497 1336 674 1399 virtutibus
694 1335 903 1412 accolarum,
919 1347 977 1400 ant
998 1337 1089 1418 luget
1111 1339 1141 1400 in
1165 1339 1258 1400 vitiis.

164 1433 189 1497 Si
205 1445 312 1500 sotem
334 1447 435 1512 terra,
457 1446 693 1517 consequenter
714 1448 747 1499 et
767 1437 924 1500 elementa
947 1447 1055 1501 cetera
1077 1441 1257 1520 exquibus

164 1545 292 1617 etsqns,
311 1539 392 1602 idest
412 1538 557 1618 angelus,
574 1540 631 1619 qni
650 1556 883 1619 superaquam
905 1541 1101 1604 constitutus
1121 1549 1180 1604 est.
1198 1540 1260 1604 Ne·

163 1656 214 1716 pne
226 1641 309 1701 enim
324 1640 421 1702 aliter
441 1659 574 1720 possum
593 1640 759 1721 lugentem
781 1648 901 1702 terram
923 1657 1099 1720 exponere,
1114 1659 1172 1704 sen
1193 1643 1258 1704 iae·

162 1749 279 1818 tantem,
301 1761 376 1806 enm
391 1744 454 1806 itoe
468 1761 600 1823 corpns,
625 1751 712 1805 terra
727 1742 851 1805 seilicet
870 1741 962 1822 luget
978 1741 1017 1802 de
1039 1742 1259 1806 habitantibus

161 1841 184 1900 in
201 1859 249 1917 ea,
270 1842 331 1904 nisi
345 1843 385 1905 de
406 1843 526 1922 angelis
541 1845 596 1923 qni
612 1842 795 1923 praesident
815 1840 983 1904 elementis
1005 1849 1124 1916 terrae,
1140 1859 1257 1922 aquae,

161 1944 236 2017 aeri,
259 1945 324 2022 igni
345 1953 379 2007 et
399 1945 515 2007 ceteris
536 1945 722 2023 elementis3
745 1952 776 2005 et
800 1943 861 2004 iton
887 1941 999 2004 ordine
1028 1944 1199 2022 pervenire
1220 1943 1259 2005 ad

159 2048 251 2107 onnia
271 2045 438 2120 animalis,
453 2045 494 2108 sd
517 2063 613 2109 omne
635 2062 779 2124 germen,
794 2044 834 2106 sd
854 2045 919 2124 ipsa
935 2061 1067 2123 quoque
1081 2052 1168 2107 astra
1190 2061 1262 2108 coe·

162 2143 241 2207 lestis
262 2153 367 2208 etc.»

221 2247 273 2309 Sic
296 2246 382 2309 istns
398 2244 525 2310 Anctor
544 2263 672 2310 omnem
693 2247 827 2310 rationis
840 2264 970 2310 sensum
992 2246 1140 2310 excindit
1153 2246 1194 2308 ab
1210 2247 1259 2308 isis

158 2347 338 2426 corporibus
345 2368 358 2426 3
380 2357 414 2410 et
427 2348 534 2429 siquid
553 2348 741 2411 sensationis
762 2351 794 2410 io
810 2349 929 2412 eisdem
952 2347 1184 2411 admittendum
1204 2348 1258 2418 sit,

155 2447 225 2510 iliud
246 2456 416 2530 repetatnr
436 2459 641 2523 accusasset,
665 2450 773 2526 donet,
796 2468 838 2513 ex
854 2451 987 2529 angelis,
1011 2449 1129 2530 quibus
1151 2449 1259 2512 mundi

156 2549 287 2628 regimen
306 2552 515 2614 commissum
528 2560 586 2615 est.
609 2548 700 2614 Unde
714 2551 878 2631 arguitur,
901 2569 964 2631 qna
984 2559 1088 2613 mente
1105 2547 1260 2630 Origenes

155 2647 319 2729 aliqnando
340 2651 427 2714 visns
447 2658 517 2728 est,
541 2651 651 2715 mnndi
672 2652 838 2714 elementis
865 2652 1059 2713 animatust
1082 2651 1260 2730 intelligen·
1290 2651 1293 2656 '

156 2751 222 2813 dans
242 2752 427 2816 adscribere
437 2773 449 2832 3
471 2753 552 2818 idest
567 2754 703 2815 nonnisi
722 2752 871 2815 relative.
898 2753 938 2816 Et
959 2751 1000 2815 ob
1022 2753 1084 2816 hoc
1097 2753 1196 2833 hujus
1210 2771 1259 2815 se·

154 2850 327 2915 catilinam
348 2871 504 2916 enarrans
524 2873 562 2917 ao
585 2854 695 2917 mnndi
720 2855 966 2918 subversionem
989 2851 1129 2916 iiomiiia
1151 2850 1255 2914 xxti.

154 2946 184 3008 v's
203 2948 325 3015 Lacum
337 2953 405 3015 sits
428 2953 571 3015 «Omnis
588 2955 670 3015 iram
687 2951 744 3016 Oei
766 2970 923 3032 passurus
938 2961 985 3016 est
1000 2952 1150 3015 mundus.
1174 2949 1257 3013 Tan·

156 3060 212 3112 tam
229 3055 409 3118 vastitatem
425 3053 521 3128 coeii,
538 3063 570 3116 et
585 3053 789 3116 latitudinem
806 3065 925 3129 terrae,
944 3063 975 3116 et
988 3053 1160 3116 stellarum
1180 3053 1256 3116 oho-

154 3171 213 3230 ros,
226 3155 431 3234 splendorem
445 3155 535 3229 solis,
548 3163 580 3216 et
593 3155 692 3218 lunae
707 3163 886 3219 nocturnae
901 3155 1029 3230 solatia,
1048 3152 1105 3216 ilai
1120 3155 1166 3216 ira
1183 3153 1258 3217 snit-

154 3265 258 3318 vertet.
282 3255 370 3320 ilaec
400 3257 484 3318 enim
506 3257 612 3318 omnia
635 3266 768 3337 propter
799 3265 929 3337 peecata
954 3257 1119 3319 hominum
1144 3256 1257 3317 transi-

153 3353 234 3417 lunt.
255 3377 272 3415 a
295 3357 436 3436 Propter
457 3374 571 3436 nempe
603 3358 768 3420 hominnm
790 3351 920 3437 peccata
954 3356 1063 3418 mundi
1095 3356 1254 3418 elementa

153 3457 337 3533 transibunt,
351 3476 459 3538 neque
480 3459 522 3520 ol)
540 3468 672 3538 peccata
695 3460 837 3539 propria.
854 3457 948 3520 Vicus
970 3459 1053 3520 enim
1074 3457 1254 3522 humanita-

153 3559 188 3620 tis
207 3556 273 3623 Oeo
292 3560 426 3623 rebellis
454 3560 618 3641 patientur
638 3570 725 3622 astra
757 3560 840 3623 coeii
862 3570 894 3623 et
916 3569 1022 3632 terra,
1053 3577 1172 3640 poenas
1193 3576 1255 3622 nou

151 3676 230 3736 snas,
249 3661 305 3724 sed
327 3679 464 3737 eorum,
485 3661 604 3742 quibus
624 3661 869 3737 ministrarunt,
892 3663 1103 3740 sustinentia3
1127 3678 1201 3724 cum
1223 3664 1255 3722 in

151 3778 182 3822 sc
199 3764 325 3828 nnllam
344 3766 396 3827 sni
424 3764 510 3845 iuris
530 3781 626 3827 usam
648 3781 707 3825 nec
727 3771 861 3827 actuum
892 3763 1130 3842 responsionem
1152 3763 1256 3842 perci·

151 3862 240 3940 piam.

221 3963 432 4049 Quapropter
444 3986 486 4031 es
498 3967 606 4030 allatis
620 3966 819 4046 argumentis
834 3967 1037 4030 manifestum
1050 3974 1110 4041 est,
1126 3967 1254 4046 siquan-

150 4061 188 4125 do
199 4063 352 4147 Origenes
363 4075 450 4131 astra
466 4069 549 4131 coeii
562 4075 753 4146 ceterasque
774 4073 943 4129 creaturas
960 4067 1143 4129 materiales
1165 4069 1252 4146 ispo·

149 4164 252 4228 stolica
275 4168 360 4230 dicta
382 4166 635 4249 interpretatus)
659 4167 832 4230 rationales
853 4169 1102 4247 nuncupaverit,
1117 4167 1178 4231 noo
1206 4167 1252 4228 di·

149 4265 248 4344 sisse,
267 4287 330 4332 non
351 4271 444 4349 quasi
466 4269 675 4349 intelligentia
706 4288 765 4332 sna
788 4269 939 4349 propria,
970 4271 1056 4349 ipsae
1078 4276 1250 4331 creaturae

149 4363 299 4447 lugerent,
322 4372 484 4447 dolerent,
505 4379 688 4450 sperarent,
704 4390 764 4434 eon
782 4372 975 4434 discretione
991 4389 1067 4433 usse
1083 4378 1115 4432 et
1132 4373 1182 4434 sni
1196 4371 1249 4450 ju·

149 4467 189 4529 ris
208 4469 322 4547 iurent,
338 4471 420 4536 adeo
442 4483 479 4535 ut
502 4473 621 4538 mutari
639 4481 766 4553 possent
779 4474 805 4536 si
830 4472 968 4549 velient;
986 4481 1034 4534 ast
1057 4481 1250 4536 tantummo-
