3375 5567
1203 691 1264 766 bid

88 752 89 805 s
170 797 232 876 quid
254 807 372 860 tectum
396 813 560 877 nonquam
582 793 738 858 vobibnt?
758 793 904 871 nunquid
934 795 1057 858 oollam
1080 794 1192 858 babuit
1212 815 1262 858 re·
1314 841 1324 852 .

169 900 262 979 quiem
284 907 352 962 toto
373 899 432 962 illo
454 894 696 978 temperetur
719 898 767 959 bis
782 897 949 960 subtiliter
968 906 1182 980 pertractare,
1206 917 1264 963 nu·

169 1002 314 1078 gelonium
336 1008 429 1063 esset.
446 998 488 1064 Ut
508 1001 592 1062 enim
607 999 745 1080 eje-bam,
767 997 936 1080 Scriptura
952 1003 1115 1063 communi
1130 1019 1263 1065 eonsue-

169 1103 263 1163 tndioe
279 1106 395 1165 utitor.
409 1103 568 1178 Quoniam
587 1103 811 1182 vero-quidam
826 1103 1036 1183 suggillantes
1047 1100 1261 1182 Scriptorum,

169 1202 210 1261 rel
223 1203 292 1263 bine
308 1207 409 1279 ipsam
425 1221 485 1264 eeu
507 1204 691 1265 mendaeem
709 1203 906 1265 traducunt:
925 1202 1090 1282 quomodo
1104 1203 1202 1278 enim,
1218 1203 1265 1262 di-

167 1313 246 1374 eunt,
266 1304 333 1365 sine
353 1305 425 1366 eibo
448 1313 698 1382 perseverarunt
719 1311 751 1366 et
767 1305 926 1367 insomnes
948 1323 1006 1384 per
1028 1311 1075 1366 lot
1095 1302 1190 1366 dier'l
1211 1321 1266 1366 eo·

167 1406 221 1466 veti
234 1421 346 1467 aomos
360 1423 475 1468 eorum
492 1422 548 1467 uos
567 1403 814 1467 accommodare
828 1405 1033 1484 importunae
1048 1405 1229 1468 subtilitati.
1248 1423 1263 1460 n

234 1503 315 1568 lliue
335 1523 415 1585 ergo
436 1516 548 1570 notum
570 1515 618 1594 est
638 1506 788 1585 Origenir
816 1506 976 1586 judicium
998 1506 1083 1569 eirca
1108 1507 1266 1586 interpre-

166 1606 305 1669 tationem
320 1607 581 1687 Sevipturavum.
593 1605 732 1684 Quando
747 1609 831 1670 enim
851 1606 1008 1687 agebatur
1022 1608 1178 1671 adversus
1194 1610 1268 1670 bae·

166 1710 285 1782 retient,
301 1707 483 1774 bibliorum
497 1709 672 1771 litteralem
692 1727 821 1772 sensum
838 1717 1060 1790 pervertentes
1075 1709 1106 1770 in
1127 1709 1268 1788 Spiritus

163 1805 272 1882 bonuti,
286 1809 344 1889 qui
366 1827 403 1871 er
425 1809 571 1883 dietavit,
585 1809 752 1890 injuriam,
776 1815 863 1871 toinr
884 1809 916 1870 in
931 1825 971 1870 eo
991 1815 1052 1882 est,
1076 1809 1266 1887 praesertim

164 1910 351 1981 irbietovia,
374 1919 412 1972 ut
431 1911 574 1972 litterum
596 1911 731 1989 probet,
756 1903 856 1988 ipsius
877 1925 1005 1972 sensum
1029 1908 1201 1988 diiigenter
1222 1911 1269 1970 in·

166 2013 300 2089 vestiget,
322 2018 356 2073 et
376 2021 517 2090 exponat
538 2019 755 2090 congruenter
774 2012 875 2072 menti
895 2009 994 2071 divini
1015 2008 1190 2089 scriptoris
1212 2011 1267 2070 ud·

166 2129 269 2174 versos
284 2114 534 2176 obtrectantium
549 2113 705 2191 lingnam.
718 2109 941 2174 Diversimode
959 2128 1049 2186 vero,
1063 2119 1099 2174 ut
1114 2111 1193 2184 diri,
1210 2112 1268 2172 du·

164 2213 269 2290 plieem
284 2233 413 2278 sensum
429 2216 524 2277 nertii
540 2222 571 2277 et
586 2213 789 2291 potissimum
805 2215 838 2274 io
855 2215 1001 2274 virorum
1015 2219 1201 2275 venetorum
1218 2228 1270 2291 ge·

164 2315 212 2376 stis
231 2316 418 2380 enarrandis
439 2319 470 2377 in
492 2317 603 2396 populi
626 2315 729 2377 tidelis
749 2315 1022 2377 oediiientionemr
1040 2315 1086 2376 uti
1108 2331 1160 2377 ex.
1184 2331 1212 2394 g.
1236 2317 1269 2374 iu

164 2415 218 2479 liae
240 2418 338 2499 buius
359 2417 513 2481 historiae
533 2435 560 2479 e.
579 2414 678 2478 xttt.
703 2436 744 2479 ex
767 2417 894 2478 verbis:
918 2415 1002 2477 dedit
1024 2433 1094 2477 uero
1118 2413 1269 2477 Dominus

165 2517 310 2597 duplicia:
324 2541 341 2578 v
353 2517 538 2582 Generosos
559 2519 693 2592 athleta,
710 2519 766 2589 ait,
783 2520 906 2597 quique
919 2535 1046 2579 ovonem
1064 2517 1269 2580 tentationem

164 2621 330 2697 turtinoit,
354 2622 547 2683 iorlissimus
567 2616 653 2694 Job,
678 2621 820 2697 proemio
853 2620 1067 2698 consequitor
1095 2618 1267 2696 patientioe

163 2735 246 2794 ruar,
270 2729 306 2784 ut
326 2719 495 2799 Sevipturo
519 2719 617 2782 dieite
640 2716 749 2781 omnio
768 2717 911 2796 duplicia
934 2735 1014 2796 pror
1032 2715 1203 2796 prioribus.
1227 2718 1271 2779 nt

163 2814 310 2884 boninus
330 2817 427 2884 Jesus
448 2819 597 2882 vaistus
619 2821 762 2898 praemia
782 2819 839 2881 dat
859 2835 921 2881 uon
945 2818 975 2878 in
996 2819 1132 2898 duplum
1161 2819 1217 2880 sed
1239 2821 1270 2879 in

163 2920 343 2998 eentoptonv
365 2927 424 2982 ete.
449 2940 464 2975 r

233 3017 404 3082 Praeterea
426 3039 455 3082 ιι
473 3018 664 3084 antotbius
694 3037 756 3083 oon
787 3028 911 3083 tantum
941 3037 983 3082 er
1017 3018 1082 3082 lob
1110 3037 1272 3081 commen·

163 3121 244 3183 tariis
264 3122 386 3202 reperit
405 3123 485 3201 quid
506 3123 724 3202 exprobraret
744 3121 876 3200 0rigeoi
898 3121 937 3184 de
964 3121 1150 3202 hujusmodi
1173 3121 1270 3182 iuter·

164 3223 300 3299 pretandi
322 3237 443 3303 genere
454 3245 465 3302 i
487 3224 542 3286 sed
575 3233 608 3286 et
628 3243 669 3287 en
703 3225 834 3285 bistonio
865 3221 1028 3285 Geneveos
1049 3221 1199 3284 eumdem
1225 3220 1271 3282 io·

162 3324 283 3396 cierunt,
300 3328 393 3404 quusi
414 3327 579 3401 allegoriis
593 3328 698 3388 omnia
721 3326 898 3387 invertisse.
919 3323 1085 3386 Adversus
1102 3324 1160 3384 isto
1181 3339 1272 3401 prae·

164 3429 210 3483 ter
228 3441 264 3486 ea
283 3425 435 3504 superius
456 3425 590 3505 digesta,
614 3427 710 3488 modo
732 3425 808 3487 mibi
833 3425 910 3486 sotis
930 3425 971 3484 sit
1000 3431 1160 3501 repetere,
1186 3438 1271 3499 quoe

164 3537 201 3582 ex
222 3520 359 3587 llomilia
384 3525 407 3586 l.
430 3522 466 3585 ιἰι
490 3522 655 3598 Genesim,
677 3525 755 3586 lieet
776 3525 904 3596 obiter,
927 3530 1016 3585 notat
1038 3522 1077 3583 de
1107 3521 1217 3585 mundi
1240 3529 1271 3584 et

163 3639 280 3700 rerum,
300 3644 387 3705 quoe
408 3627 440 3687 in
461 3644 501 3690 eo
521 3637 608 3702 sunt,
631 3635 746 3690 nature
768 3634 801 3688 et
821 3628 921 3689 initio.

238 3745 254 3785 ι
271 3722 456 3801 videamur,
473 3729 577 3807 inquit
590 3746 620 3790 u.
636 3728 667 3790 3.
684 3746 725 3789 ex
742 3727 1027 3806 consequentibus,
1043 3728 1187 3806 quisunt
1203 3726 1271 3788 iru-

165 3832 242 3897 etua‚
267 3845 352 3906 quoa
373 3827 554 3905 producere
576 3823 663 3888 Dens
681 3826 775 3905 jubet
797 3835 904 3888 terro:
925 3827 1082 3905 producet
1102 3835 1187 3888 terro
1205 3825 1272 3887 lter·

163 3920 237 3986 bum.
322 3938 356 3989 rt
369 3927 494 4008 iignum
512 3926 716 4007 fructiferum
736 3925 857 4006 furiem
876 3928 1034 4007 (reolum,
1060 3927 1152 4006 eujur
1171 3944 1272 3989 remen

166 4035 206 4084 vat
229 4025 352 4108 inipso
380 4038 441 4092 eto.
463 4027 648 4092 Secundum
677 4027 818 4090 litteram
840 4028 998 4091 moniieati
1022 4039 1097 4092 vuol
1121 4030 1269 4101 fruetur,

166 4143 241 4203 quos
267 4137 354 4191 lerra
376 4148 439 4192 non
468 4132 557 4192 ovida
591 4130 751 4207 producit.
782 4128 843 4191 Sed
871 4129 989 4192 iterum
1023 4130 1204 4192 relevamus
1230 4129 1270 4191 od

167 4243 219 4290 uos
236 4239 296 4294 ete.
318 4250 335 4288 v
360 4229 401 4294 Et
421 4234 493 4311 quis
523 4233 596 4293 bine
616 4249 678 4292 nou
700 4230 958 4304 animadvortet,
983 4240 1075 4294 ontee
1098 4231 1269 4308 Origenem

167 4327 196 4388 in
218 4348 252 4392 ea
275 4333 373 4394 verba
395 4333 559 4394 ordinasse
583 4349 711 4394 sensum
732 4330 931 4406 litteralem,
955 4339 986 4394 ot
1008 4333 1047 4393 ob
1070 4334 1132 4394 boe
1158 4330 1271 4392 deiude

167 4433 307 4496 transiere
326 4434 367 4494 ad
389 4432 581 4511 spiritalem,
601 4433 684 4494 idest
706 4448 724 4492 e
753 4439 839 4491 terro
868 4449 901 4494 se
923 4451 957 4494 se
978 4433 1109 4496 elevone
1135 4433 1173 4493 nd
1198 4449 1270 4495 eoe-

166 4527 277 4594 lrvtio?
292 4531 354 4598 Sed
377 4533 537 4610 patentius
558 4533 589 4593 iu
609 4551 640 4594 u.
661 4529 714 4600 b:
737 4539 766 4592 et
781 4531 939 4611 prodente
966 4543 1050 4596 terve
1066 4575 1074 4595 .
1092 4579 1125 4595 ..
1148 4531 1271 4612 lignum
