<?xml version="1.0" encoding="UTF-8"?>
<!DOCTYPE html PUBLIC "-//W3C//DTD XHTML 1.0 Transitional//EN"
    "http://www.w3.org/TR/xhtml1/DTD/xhtml1-transitional.dtd">
<html xmlns="http://www.w3.org/1999/xhtml" xml:lang="en" lang="en">
 <head>
  <title>
</title>
<meta http-equiv="Content-Type" content="text/html;charset=utf-8" />
  <meta name='ocr-system' content='tesseract 3.04.00' />
  <meta name='ocr-capabilities' content='ocr_page ocr_carea ocr_par ocr_line ocrx_word'/>
</head>
<body>
  <div class='ocr_page' id='page_1' title='image "./insgregoriinyss02vincgoog/insgregoriinyss02vincgoog_0418.png"; bbox 0 0 3375 5567; ppageno 0'>
   <div class='ocr_carea' id='block_1_1' title="bbox 397 696 1539 4522">
    <p class='ocr_par' dir='ltr' id='par_1_1' title="bbox 448 696 1533 1490">
     <span class='ocr_line' id='line_1_1' title="bbox 455 696 1527 780; baseline 0 -21"><span class='ocrx_word' id='word_1_1' title='bbox 455 700 694 780; x_wconf 87' lang='lat' dir='ltr'><strong>dispensantur,</strong></span> <span class='ocrx_word' id='word_1_2' title='bbox 717 698 958 777; x_wconf 69' lang='lat' dir='ltr'><strong>reformantur,</strong></span> <span class='ocrx_word' id='word_1_3' title='bbox 981 698 1181 779; x_wconf 70' lang='lat' dir='ltr'><strong>castigantur</strong></span> <span class='ocrx_word' id='word_1_4' title='bbox 1202 696 1382 763; x_wconf 84' lang='lat' dir='ltr'><strong>verimode:</strong></span> <span class='ocrx_word' id='word_1_5' title='bbox 1411 696 1527 761; x_wconf 81' lang='lat' dir='ltr'>nonnulli</span> 
     </span>
     <span class='ocr_line' id='line_1_2' title="bbox 455 800 1530 883; baseline -0.002 -20"><span class='ocrx_word' id='word_1_6' title='bbox 455 818 514 879; x_wconf 87' lang='lat' dir='ltr'><strong>por</strong></span> <span class='ocrx_word' id='word_1_7' title='bbox 529 802 651 883; x_wconf 81' lang='lat' dir='ltr'><strong>majora</strong></span> <span class='ocrx_word' id='word_1_8' title='bbox 666 810 700 866; x_wconf 91' lang='lat' dir='ltr'><strong>ct</strong></span> <span class='ocrx_word' id='word_1_9' title='bbox 720 804 873 881; x_wconf 79' lang='lat' dir='ltr'><strong>graviora</strong></span> <span class='ocrx_word' id='word_1_10' title='bbox 890 800 1061 882; x_wconf 89' lang='lat' dir='ltr'><strong>suppticia,</strong></span> <span class='ocrx_word' id='word_1_11' title='bbox 1084 801 1139 865; x_wconf 88' lang='lat' dir='ltr'><strong>aiii</strong></span> <span class='ocrx_word' id='word_1_12' title='bbox 1162 818 1221 882; x_wconf 88' lang='lat' dir='ltr'><strong>per</strong></span> <span class='ocrx_word' id='word_1_13' title='bbox 1239 801 1335 865; x_wconf 85' lang='lat' dir='ltr'><strong>breve</strong></span> <span class='ocrx_word' id='word_1_14' title='bbox 1350 808 1474 882; x_wconf 85' lang='lat' dir='ltr'><strong>tempus,</strong></span> <span class='ocrx_word' id='word_1_15' title='bbox 1489 801 1530 861; x_wconf 89' lang='lat' dir='ltr'><strong>alii</strong></span> 
     </span>
     <span class='ocr_line' id='line_1_3' title="bbox 454 900 1531 978; baseline -0.002 -13"><span class='ocrx_word' id='word_1_16' title='bbox 454 918 514 978; x_wconf 91' lang='lat' dir='ltr'><strong>per</strong></span> <span class='ocrx_word' id='word_1_17' title='bbox 533 903 689 965; x_wconf 90' lang='lat' dir='ltr'><strong>diuturna</strong></span> <span class='ocrx_word' id='word_1_18' title='bbox 709 901 819 965; x_wconf 90' lang='lat' dir='ltr'><strong>sconia</strong></span> <span class='ocrx_word' id='word_1_19' title='bbox 841 902 1064 967; x_wconf 90' lang='lat' dir='ltr'><strong>emcndantur.</strong></span> <span class='ocrx_word' id='word_1_20' title='bbox 1090 900 1131 965; x_wconf 84' lang='lat' dir='ltr'><strong>Et</strong></span> <span class='ocrx_word' id='word_1_21' title='bbox 1150 902 1197 966; x_wconf 88' lang='lat' dir='ltr'><strong>sic</strong></span> <span class='ocrx_word' id='word_1_22' title='bbox 1217 900 1258 963; x_wconf 89' lang='lat' dir='ltr'><strong>ab</strong></span> <span class='ocrx_word' id='word_1_23' title='bbox 1279 920 1343 965; x_wconf 94' lang='lat' dir='ltr'><strong>nuo</strong></span> <span class='ocrx_word' id='word_1_24' title='bbox 1362 901 1398 963; x_wconf 92' lang='lat' dir='ltr'><strong>ad</strong></span> <span class='ocrx_word' id='word_1_25' title='bbox 1418 901 1531 965; x_wconf 86' lang='lat' dir='ltr'><strong>aiterum</strong></span> 
     </span>
     <span class='ocr_line' id='line_1_4' title="bbox 452 1002 1531 1082; baseline 0.003 -21"><span class='ocrx_word' id='word_1_26' title='bbox 452 1002 644 1080; x_wconf 85' lang='lat' dir='ltr'><strong>angelornm</strong></span> <span class='ocrx_word' id='word_1_27' title='bbox 660 1003 806 1066; x_wconf 84' lang='lat' dir='ltr'><strong>ordinem</strong></span> <span class='ocrx_word' id='word_1_28' title='bbox 829 1010 996 1066; x_wconf 86' lang='lat' dir='ltr'><strong>transeunt</strong></span> <span class='ocrx_word' id='word_1_29' title='bbox 1014 1003 1109 1082; x_wconf 83' lang='lat' dir='ltr'><strong>jnxta</strong></span> <span class='ocrx_word' id='word_1_30' title='bbox 1126 1002 1244 1066; x_wconf 89' lang='lat' dir='ltr'><strong>borum</strong></span> <span class='ocrx_word' id='word_1_31' title='bbox 1260 1002 1421 1082; x_wconf 89' lang='lat' dir='ltr'><strong>proprium</strong></span> <span class='ocrx_word' id='word_1_32' title='bbox 1439 1020 1531 1064; x_wconf 91' lang='lat' dir='ltr'><strong>munus</strong></span> 
     </span>
     <span class='ocr_line' id='line_1_5' title="bbox 454 1101 1533 1181; baseline 0.002 -20"><span class='ocrx_word' id='word_1_33' title='bbox 454 1101 485 1163; x_wconf 93' lang='lat' dir='ltr'><strong>in</strong></span> <span class='ocrx_word' id='word_1_34' title='bbox 506 1104 632 1181; x_wconf 89' lang='lat' dir='ltr'><strong>generis</strong></span> <span class='ocrx_word' id='word_1_35' title='bbox 653 1103 784 1166; x_wconf 88' lang='lat' dir='ltr'><strong>bomani</strong></span> <span class='ocrx_word' id='word_1_36' title='bbox 805 1104 1016 1179; x_wconf 87' lang='lat' dir='ltr'><strong>oeconomia,</strong></span> <span class='ocrx_word' id='word_1_37' title='bbox 1046 1103 1149 1167; x_wconf 90' lang='lat' dir='ltr'><strong>donec</strong></span> <span class='ocrx_word' id='word_1_38' title='bbox 1169 1120 1280 1167; x_wconf 88' lang='lat' dir='ltr'><strong>omnes</strong></span> <span class='ocrx_word' id='word_1_39' title='bbox 1301 1102 1340 1163; x_wconf 94' lang='lat' dir='ltr'><strong>ad</strong></span> <span class='ocrx_word' id='word_1_40' title='bbox 1359 1108 1467 1165; x_wconf 90' lang='lat' dir='ltr'><strong>statum</strong></span> <span class='ocrx_word' id='word_1_41' title='bbox 1484 1102 1533 1180; x_wconf 80' lang='lat' dir='ltr'><strong>pri</strong></span> 
     </span>
     <span class='ocr_line' id='line_1_6' title="bbox 455 1202 1532 1282; baseline -0.003 -18"><span class='ocrx_word' id='word_1_42' title='bbox 455 1220 527 1265; x_wconf 91' lang='lat' dir='ltr'><strong>mae</strong></span> <span class='ocrx_word' id='word_1_43' title='bbox 548 1204 768 1280; x_wconf 70' lang='lat' dir='ltr'><strong>beatitudinis,</strong></span> <span class='ocrx_word' id='word_1_44' title='bbox 790 1205 859 1269; x_wconf 88' lang='lat' dir='ltr'><strong>sire</strong></span> <span class='ocrx_word' id='word_1_45' title='bbox 879 1204 1029 1269; x_wconf 89' lang='lat' dir='ltr'><strong>bonitatis</strong></span> <span class='ocrx_word' id='word_1_46' title='bbox 1051 1203 1283 1282; x_wconf 87' lang='lat' dir='ltr'><strong>restituantnr;</strong></span> <span class='ocrx_word' id='word_1_47' title='bbox 1306 1203 1337 1263; x_wconf 93' lang='lat' dir='ltr'><strong>in</strong></span> <span class='ocrx_word' id='word_1_48' title='bbox 1356 1220 1419 1282; x_wconf 85' lang='lat' dir='ltr'><strong>qno</strong></span> <span class='ocrx_word' id='word_1_49' title='bbox 1437 1202 1532 1281; x_wconf 85' lang='lat' dir='ltr'><strong>specia-</strong></span> 
     </span>
     <span class='ocr_line' id='line_1_7' title="bbox 455 1304 1533 1388; baseline -0.003 -21"><span class='ocrx_word' id='word_1_50' title='bbox 455 1307 511 1369; x_wconf 88' lang='lat' dir='ltr'><strong>tim</strong></span> <span class='ocrx_word' id='word_1_51' title='bbox 533 1308 700 1383; x_wconf 72' lang='lat' dir='ltr'><strong>consistit,</strong></span> <span class='ocrx_word' id='word_1_52' title='bbox 727 1324 826 1388; x_wconf 87' lang='lat' dir='ltr'><strong>quam</strong></span> <span class='ocrx_word' id='word_1_53' title='bbox 848 1305 975 1387; x_wconf 83' lang='lat' dir='ltr'><strong>saepius</strong></span> <span class='ocrx_word' id='word_1_54' title='bbox 1006 1306 1257 1369; x_wconf 82' lang='lat' dir='ltr'><strong>memoravimus</strong></span> <span class='ocrx_word' id='word_1_55' title='bbox 1278 1312 1311 1368; x_wconf 86' lang='lat' dir='ltr'><strong>et</strong></span> <span class='ocrx_word' id='word_1_56' title='bbox 1332 1304 1533 1384; x_wconf 84' lang='lat' dir='ltr'><strong>expendimus,</strong></span> 
     </span>
     <span class='ocr_line' id='line_1_8' title="bbox 448 1405 980 1490; baseline 0.002 -20"><span class='ocrx_word' id='word_1_57' title='bbox 448 1405 667 1489; x_wconf 79' lang='lat' dir='ltr'><strong>puts&#39;upcnear&#39;o</strong></span> <span class='ocrx_word' id='word_1_58' title='bbox 686 1426 744 1473; x_wconf 89' lang='lat' dir='ltr'><strong>seu</strong></span> <span class='ocrx_word' id='word_1_59' title='bbox 766 1409 980 1490; x_wconf 73' lang='lat' dir='ltr'><strong>regeneratio.</strong></span> 
     </span>
    </p>

    <p class='ocr_par' dir='ltr' id='par_1_2' title="bbox 447 1506 1537 3105">
     <span class='ocr_line' id='line_1_9' title="bbox 532 1506 1536 1592; baseline -0.005 -20"><span class='ocrx_word' id='word_1_60' title='bbox 532 1507 642 1589; x_wconf 83' lang='lat' dir='ltr'><strong>Hujus</strong></span> <span class='ocrx_word' id='word_1_61' title='bbox 656 1517 764 1575; x_wconf 84' lang='lat' dir='ltr'><strong>antam</strong></span> <span class='ocrx_word' id='word_1_62' title='bbox 787 1508 958 1592; x_wconf 78' lang='lat' dir='ltr'><strong>pericopae</strong></span> <span class='ocrx_word' id='word_1_63' title='bbox 974 1508 1160 1591; x_wconf 83' lang='lat' dir='ltr'><strong>explanatio</strong></span> <span class='ocrx_word' id='word_1_64' title='bbox 1181 1508 1309 1584; x_wconf 84' lang='lat' dir='ltr'><strong>ceteris,</strong></span> <span class='ocrx_word' id='word_1_65' title='bbox 1332 1506 1536 1588; x_wconf 84' lang='lat' dir='ltr'><strong>quaeanteain</strong></span> 
     </span>
     <span class='ocr_line' id='line_1_10' title="bbox 454 1608 1533 1690; baseline -0.002 -19"><span class='ocrx_word' id='word_1_66' title='bbox 454 1628 485 1671; x_wconf 94' lang='lat' dir='ltr'><strong>n.</strong></span> <span class='ocrx_word' id='word_1_67' title='bbox 507 1608 537 1675; x_wconf 75' lang='lat'><strong>2.</strong></span> <span class='ocrx_word' id='word_1_68' title='bbox 560 1610 733 1689; x_wconf 87' lang='lat' dir='ltr'><strong>dicuntur,</strong></span> <span class='ocrx_word' id='word_1_69' title='bbox 755 1609 983 1676; x_wconf 86' lang='lat' dir='ltr'><strong>committenda</strong></span> <span class='ocrx_word' id='word_1_70' title='bbox 1007 1617 1052 1673; x_wconf 86' lang='lat' dir='ltr'><strong>est</strong></span> <span class='ocrx_word' id='word_1_71' title='bbox 1064 1631 1074 1690; x_wconf 79' lang='lat'><em>3</em></span> <span class='ocrx_word' id='word_1_72' title='bbox 1098 1608 1153 1673; x_wconf 89' lang='lat' dir='ltr'><strong>nbi</strong></span> <span class='ocrx_word' id='word_1_73' title='bbox 1174 1629 1216 1674; x_wconf 84' lang='lat' dir='ltr'><strong>ea</strong></span> <span class='ocrx_word' id='word_1_74' title='bbox 1237 1610 1372 1673; x_wconf 86' lang='lat' dir='ltr'><strong>dirersis</strong></span> <span class='ocrx_word' id='word_1_75' title='bbox 1389 1609 1533 1689; x_wconf 87' lang='lat' dir='ltr'><strong>spiritnnrn</strong></span> 
     </span>
     <span class='ocr_line' id='line_1_11' title="bbox 452 1710 1536 1795; baseline -0.006 -20"><span class='ocrx_word' id='word_1_76' title='bbox 452 1711 644 1776; x_wconf 81' lang='lat' dir='ltr'><strong>coelestium</strong></span> <span class='ocrx_word' id='word_1_77' title='bbox 665 1713 834 1777; x_wconf 75' lang='lat' dir='ltr'><strong>ordinibus</strong></span> <span class='ocrx_word' id='word_1_78' title='bbox 856 1728 991 1777; x_wconf 86' lang='lat' dir='ltr'><strong>mnuern</strong></span> <span class='ocrx_word' id='word_1_79' title='bbox 1013 1730 1146 1795; x_wconf 83' lang='lat' dir='ltr'><strong>quoqne</strong></span> <span class='ocrx_word' id='word_1_80' title='bbox 1166 1711 1369 1791; x_wconf 87' lang='lat' dir='ltr'><strong>singulorum</strong></span> <span class='ocrx_word' id='word_1_81' title='bbox 1389 1710 1536 1773; x_wconf 86' lang='lat' dir='ltr'><strong>decernun-</strong></span> 
     </span>
     <span class='ocr_line' id='line_1_12' title="bbox 455 1808 1534 1894; baseline -0.007 -18"><span class='ocrx_word' id='word_1_82' title='bbox 455 1822 511 1876; x_wconf 89' lang='lat' dir='ltr'><strong>tur</strong></span> <span class='ocrx_word' id='word_1_83' title='bbox 531 1815 635 1878; x_wconf 88' lang='lat' dir='ltr'><strong>relate</strong></span> <span class='ocrx_word' id='word_1_84' title='bbox 656 1815 694 1876; x_wconf 92' lang='lat' dir='ltr'><strong>ad</strong></span> <span class='ocrx_word' id='word_1_85' title='bbox 718 1814 875 1890; x_wconf 83' lang='lat' dir='ltr'><strong>homines,</strong></span> <span class='ocrx_word' id='word_1_86' title='bbox 891 1830 1033 1894; x_wconf 80' lang='lat' dir='ltr'><strong>quornm</strong></span> <span class='ocrx_word' id='word_1_87' title='bbox 1056 1830 1155 1877; x_wconf 89' lang='lat' dir='ltr'><strong>curae</strong></span> <span class='ocrx_word' id='word_1_88' title='bbox 1176 1820 1208 1877; x_wconf 89' lang='lat' dir='ltr'><strong>et</strong></span> <span class='ocrx_word' id='word_1_89' title='bbox 1228 1813 1375 1891; x_wconf 88' lang='lat' dir='ltr'><strong>regimini</strong></span> <span class='ocrx_word' id='word_1_90' title='bbox 1395 1820 1462 1873; x_wconf 90' lang='lat' dir='ltr'><strong>ante</strong></span> <span class='ocrx_word' id='word_1_91' title='bbox 1476 1808 1534 1869; x_wconf 91' lang='lat' dir='ltr'><strong>dnn</strong></span> 
     </span>
     <span class='ocr_line' id='line_1_13' title="bbox 452 1912 1534 1997; baseline -0.007 -20"><span class='ocrx_word' id='word_1_92' title='bbox 452 1917 484 1977; x_wconf 91' lang='lat' dir='ltr'><strong>iu</strong></span> <span class='ocrx_word' id='word_1_93' title='bbox 507 1915 570 1978; x_wconf 85' lang='lat' dir='ltr'><strong>ritu</strong></span> <span class='ocrx_word' id='word_1_94' title='bbox 592 1923 743 1992; x_wconf 88' lang='lat' dir='ltr'><strong>manent,</strong></span> <span class='ocrx_word' id='word_1_95' title='bbox 766 1924 798 1980; x_wconf 93' lang='lat' dir='ltr'><strong>et</strong></span> <span class='ocrx_word' id='word_1_96' title='bbox 819 1924 891 1997; x_wconf 85' lang='lat' dir='ltr'><strong>post</strong></span> <span class='ocrx_word' id='word_1_97' title='bbox 912 1916 1037 1979; x_wconf 91' lang='lat' dir='ltr'><strong>obitum</strong></span> <span class='ocrx_word' id='word_1_98' title='bbox 1062 1915 1235 1978; x_wconf 77' lang='lat' dir='ltr'><strong>universim</strong></span> <span class='ocrx_word' id='word_1_99' title='bbox 1257 1912 1485 1994; x_wconf 85' lang='lat' dir='ltr'><strong>subjiciuntur,</strong></span> <span class='ocrx_word' id='word_1_100' title='bbox 1503 1912 1534 1970; x_wconf 91' lang='lat' dir='ltr'><strong>ita</strong></span> 
     </span>
     <span class='ocr_line' id='line_1_14' title="bbox 449 2014 1536 2098; baseline -0.007 -19"><span class='ocrx_word' id='word_1_101' title='bbox 449 2023 488 2080; x_wconf 93' lang='lat' dir='ltr'><strong>ut</strong></span> <span class='ocrx_word' id='word_1_102' title='bbox 506 2015 780 2096; x_wconf 80' lang='lat' dir='ltr'><strong>quemadmodum</strong></span> <span class='ocrx_word' id='word_1_103' title='bbox 801 2016 993 2098; x_wconf 86' lang='lat' dir='ltr'><strong>augelorum</strong></span> <span class='ocrx_word' id='word_1_104' title='bbox 1009 2015 1139 2079; x_wconf 84' lang='lat' dir='ltr'><strong>ordines</strong></span> <span class='ocrx_word' id='word_1_105' title='bbox 1160 2017 1245 2078; x_wconf 87' lang='lat' dir='ltr'><strong>iuter</strong></span> <span class='ocrx_word' id='word_1_106' title='bbox 1263 2032 1299 2077; x_wconf 87' lang='lat' dir='ltr'><strong>se</strong></span> <span class='ocrx_word' id='word_1_107' title='bbox 1316 2014 1447 2086; x_wconf 81' lang='lat' dir='ltr'><strong>variant,</strong></span> <span class='ocrx_word' id='word_1_108' title='bbox 1465 2020 1492 2073; x_wconf 91' lang='lat' dir='ltr'><strong>et</strong></span> <span class='ocrx_word' id='word_1_109' title='bbox 1510 2027 1536 2071; x_wconf 93' lang='lat' dir='ltr'><strong>u·</strong></span> 
     </span>
     <span class='ocr_line' id='line_1_15' title="bbox 449 2116 1537 2199; baseline -0.004 -21"><span class='ocrx_word' id='word_1_110' title='bbox 449 2120 605 2198; x_wconf 79' lang='lat' dir='ltr'><strong>nicniqna</strong></span> <span class='ocrx_word' id='word_1_111' title='bbox 627 2119 781 2183; x_wconf 90' lang='lat' dir='ltr'><strong>traditum</strong></span> <span class='ocrx_word' id='word_1_112' title='bbox 803 2128 850 2181; x_wconf 91' lang='lat' dir='ltr'><strong>est</strong></span> <span class='ocrx_word' id='word_1_113' title='bbox 873 2117 1015 2181; x_wconf 85' lang='lat' dir='ltr'><strong>officium</strong></span> <span class='ocrx_word' id='word_1_114' title='bbox 1044 2118 1226 2199; x_wconf 91' lang='lat' dir='ltr'><strong>proprium,</strong></span> <span class='ocrx_word' id='word_1_115' title='bbox 1251 2116 1307 2180; x_wconf 92' lang='lat' dir='ltr'><strong>nni</strong></span> <span class='ocrx_word' id='word_1_116' title='bbox 1329 2134 1382 2179; x_wconf 79' lang='lat' dir='ltr'><strong>ex.</strong></span> <span class='ocrx_word' id='word_1_117' title='bbox 1403 2133 1431 2195; x_wconf 87' lang='lat' dir='ltr'><strong>g.</strong></span> <span class='ocrx_word' id='word_1_118' title='bbox 1452 2120 1537 2177; x_wconf 89' lang='lat' dir='ltr'><strong>custo·</strong></span> 
     </span>
     <span class='ocr_line' id='line_1_16' title="bbox 450 2214 1535 2297; baseline -0.004 -20"><span class='ocrx_word' id='word_1_119' title='bbox 450 2216 569 2295; x_wconf 86' lang='lat' dir='ltr'><strong>diendi,</strong></span> <span class='ocrx_word' id='word_1_120' title='bbox 592 2217 648 2280; x_wconf 85' lang='lat' dir='ltr'><strong>atti</strong></span> <span class='ocrx_word' id='word_1_121' title='bbox 670 2218 824 2297; x_wconf 89' lang='lat' dir='ltr'><strong>regendi,</strong></span> <span class='ocrx_word' id='word_1_122' title='bbox 838 2218 935 2281; x_wconf 87' lang='lat' dir='ltr'><strong>atteri</strong></span> <span class='ocrx_word' id='word_1_123' title='bbox 957 2217 1160 2291; x_wconf 89' lang='lat' dir='ltr'><strong>dominandi,</strong></span> <span class='ocrx_word' id='word_1_124' title='bbox 1181 2217 1236 2281; x_wconf 88' lang='lat' dir='ltr'><strong>atii</strong></span> <span class='ocrx_word' id='word_1_125' title='bbox 1255 2214 1420 2297; x_wconf 85' lang='lat' dir='ltr'><strong>judicandi</strong></span> <span class='ocrx_word' id='word_1_126' title='bbox 1435 2226 1487 2278; x_wconf 87' lang='lat' dir='ltr'><strong>uto.</strong></span> <span class='ocrx_word' id='word_1_127' title='bbox 1505 2214 1535 2274; x_wconf 92' lang='lat' dir='ltr'><strong>ita</strong></span> 
     </span>
     <span class='ocr_line' id='line_1_17' title="bbox 450 2316 1534 2397; baseline -0.005 -16"><span class='ocrx_word' id='word_1_128' title='bbox 450 2318 558 2397; x_wconf 87' lang='lat' dir='ltr'><strong>quoad</strong></span> <span class='ocrx_word' id='word_1_129' title='bbox 581 2318 746 2381; x_wconf 88' lang='lat' dir='ltr'><strong>bominum</strong></span> <span class='ocrx_word' id='word_1_130' title='bbox 768 2318 983 2383; x_wconf 86' lang='lat' dir='ltr'><strong>conditionem</strong></span> <span class='ocrx_word' id='word_1_131' title='bbox 1005 2333 1082 2397; x_wconf 90' lang='lat' dir='ltr'><strong>erga</strong></span> <span class='ocrx_word' id='word_1_132' title='bbox 1104 2319 1189 2397; x_wconf 87' lang='lat' dir='ltr'><strong>ipsos</strong></span> <span class='ocrx_word' id='word_1_133' title='bbox 1217 2316 1393 2395; x_wconf 89' lang='lat' dir='ltr'><strong>spirituum</strong></span> <span class='ocrx_word' id='word_1_134' title='bbox 1412 2316 1534 2388; x_wconf 80' lang='lat' dir='ltr'><strong>ordiner,</strong></span> 
     </span>
     <span class='ocr_line' id='line_1_18' title="bbox 450 2416 1536 2500; baseline -0.006 -19"><span class='ocrx_word' id='word_1_135' title='bbox 450 2435 512 2498; x_wconf 87' lang='lat' dir='ltr'><strong>pru</strong></span> <span class='ocrx_word' id='word_1_136' title='bbox 524 2418 687 2500; x_wconf 83' lang='lat' dir='ltr'><strong>cujusque</strong></span> <span class='ocrx_word' id='word_1_137' title='bbox 702 2427 850 2484; x_wconf 90' lang='lat' dir='ltr'><strong>nostrum</strong></span> <span class='ocrx_word' id='word_1_138' title='bbox 865 2419 977 2483; x_wconf 89' lang='lat' dir='ltr'><strong>usibus</strong></span> <span class='ocrx_word' id='word_1_139' title='bbox 992 2426 1025 2481; x_wconf 92' lang='lat' dir='ltr'><strong>et</strong></span> <span class='ocrx_word' id='word_1_140' title='bbox 1038 2417 1278 2481; x_wconf 85' lang='lat' dir='ltr'><strong>necessitutibus</strong></span> <span class='ocrx_word' id='word_1_141' title='bbox 1295 2420 1347 2481; x_wconf 84' lang='lat' dir='ltr'><strong>vir</strong></span> <span class='ocrx_word' id='word_1_142' title='bbox 1367 2418 1424 2481; x_wconf 89' lang='lat' dir='ltr'><strong>bac</strong></span> <span class='ocrx_word' id='word_1_143' title='bbox 1443 2418 1470 2479; x_wconf 87' lang='lat' dir='ltr'><strong>in</strong></span> <span class='ocrx_word' id='word_1_144' title='bbox 1488 2416 1536 2477; x_wconf 84' lang='lat' dir='ltr'><strong>sita</strong></span> 
     </span>
     <span class='ocr_line' id='line_1_19' title="bbox 450 2516 1536 2600; baseline -0.003 -18"><span class='ocrx_word' id='word_1_145' title='bbox 450 2520 493 2584; x_wconf 89' lang='lat' dir='ltr'><strong>ab</strong></span> <span class='ocrx_word' id='word_1_146' title='bbox 514 2538 580 2585; x_wconf 93' lang='lat' dir='ltr'><strong>nno</strong></span> <span class='ocrx_word' id='word_1_147' title='bbox 600 2522 714 2585; x_wconf 87' lang='lat' dir='ltr'><strong>ordine</strong></span> <span class='ocrx_word' id='word_1_148' title='bbox 733 2521 773 2585; x_wconf 87' lang='lat' dir='ltr'><strong>ad</strong></span> <span class='ocrx_word' id='word_1_149' title='bbox 794 2521 932 2585; x_wconf 86' lang='lat' dir='ltr'><strong>alterins</strong></span> <span class='ocrx_word' id='word_1_150' title='bbox 954 2526 1094 2585; x_wconf 85' lang='lat' dir='ltr'><strong>transeat</strong></span> <span class='ocrx_word' id='word_1_151' title='bbox 1120 2518 1365 2600; x_wconf 85' lang='lat' dir='ltr'><strong>subjectionem.</strong></span> <span class='ocrx_word' id='word_1_152' title='bbox 1387 2517 1485 2582; x_wconf 81' lang='lat' dir='ltr'><strong>Vetnti</strong></span> <span class='ocrx_word' id='word_1_153' title='bbox 1502 2516 1536 2579; x_wconf 90' lang='lat' dir='ltr'><strong>tt-</strong></span> 
     </span>
     <span class='ocr_line' id='line_1_20' title="bbox 448 2620 1536 2703; baseline -0.003 -19"><span class='ocrx_word' id='word_1_154' title='bbox 448 2630 539 2685; x_wconf 85' lang='lat' dir='ltr'><strong>ceret</strong></span> <span class='ocrx_word' id='word_1_155' title='bbox 561 2622 787 2700; x_wconf 75' lang='lat' dir='ltr'><strong>Adamantius,</strong></span> <span class='ocrx_word' id='word_1_156' title='bbox 802 2624 859 2703; x_wconf 85' lang='lat' dir='ltr'><strong>qni</strong></span> <span class='ocrx_word' id='word_1_157' title='bbox 881 2641 934 2687; x_wconf 84' lang='lat' dir='ltr'><strong>cr.</strong></span> <span class='ocrx_word' id='word_1_158' title='bbox 951 2640 980 2703; x_wconf 87' lang='lat' dir='ltr'><strong>g.</strong></span> <span class='ocrx_word' id='word_1_159' title='bbox 998 2623 1121 2687; x_wconf 87' lang='lat' dir='ltr'><strong>thronis</strong></span> <span class='ocrx_word' id='word_1_160' title='bbox 1142 2621 1276 2686; x_wconf 87' lang='lat' dir='ltr'><strong>suberat</strong></span> <span class='ocrx_word' id='word_1_161' title='bbox 1297 2622 1404 2702; x_wconf 84' lang='lat' dir='ltr'><strong>prius,</strong></span> <span class='ocrx_word' id='word_1_162' title='bbox 1423 2620 1536 2699; x_wconf 82' lang='lat' dir='ltr'><strong>subpo</strong></span> 
     </span>
     <span class='ocr_line' id='line_1_21' title="bbox 450 2722 1535 2805; baseline -0.002 -20"><span class='ocrx_word' id='word_1_163' title='bbox 450 2724 617 2790; x_wconf 88' lang='lat' dir='ltr'><strong>testatibus</strong></span> <span class='ocrx_word' id='word_1_164' title='bbox 631 2726 745 2789; x_wconf 86' lang='lat' dir='ltr'><strong>deinde</strong></span> <span class='ocrx_word' id='word_1_165' title='bbox 761 2725 898 2788; x_wconf 89' lang='lat' dir='ltr'><strong>transire</strong></span> <span class='ocrx_word' id='word_1_166' title='bbox 913 2733 1030 2805; x_wconf 90' lang='lat' dir='ltr'><strong>potest,</strong></span> <span class='ocrx_word' id='word_1_167' title='bbox 1045 2726 1115 2788; x_wconf 87' lang='lat' dir='ltr'><strong>siro</strong></span> <span class='ocrx_word' id='word_1_168' title='bbox 1130 2723 1402 2787; x_wconf 83' lang='lat' dir='ltr'><strong>dominationibus</strong></span> <span class='ocrx_word' id='word_1_169' title='bbox 1416 2722 1535 2796; x_wconf 86' lang='lat' dir='ltr'><strong>serrirc;</strong></span> 
     </span>
     <span class='ocr_line' id='line_1_22' title="bbox 447 2816 1537 2907; baseline -0.006 -20"><span class='ocrx_word' id='word_1_170' title='bbox 447 2833 547 2906; x_wconf 88' lang='lat' dir='ltr'><strong>atque</strong></span> <span class='ocrx_word' id='word_1_171' title='bbox 561 2826 748 2907; x_wconf 77' lang='lat' dir='ltr'><strong>huiusmodi</strong></span> <span class='ocrx_word' id='word_1_172' title='bbox 768 2816 880 2889; x_wconf 83' lang='lat' dir='ltr'><strong>subire</strong></span> <span class='ocrx_word' id='word_1_173' title='bbox 896 2826 982 2890; x_wconf 81' lang='lat' dir='ltr'><strong>vices</strong></span> <span class='ocrx_word' id='word_1_174' title='bbox 996 2826 1039 2889; x_wconf 91' lang='lat' dir='ltr'><strong>ob</strong></span> <span class='ocrx_word' id='word_1_175' title='bbox 1062 2824 1168 2889; x_wconf 84' lang='lat' dir='ltr'><strong>varios</strong></span> <span class='ocrx_word' id='word_1_176' title='bbox 1181 2823 1322 2903; x_wconf 87' lang='lat' dir='ltr'><strong>suipsius</strong></span> <span class='ocrx_word' id='word_1_177' title='bbox 1345 2840 1436 2887; x_wconf 87' lang='lat' dir='ltr'><strong>casus</strong></span> <span class='ocrx_word' id='word_1_178' title='bbox 1447 2823 1475 2883; x_wconf 91' lang='lat' dir='ltr'><strong>iu</strong></span> <span class='ocrx_word' id='word_1_179' title='bbox 1488 2821 1537 2883; x_wconf 80' lang='lat' dir='ltr'><strong>rir-</strong></span> 
     </span>
     <span class='ocr_line' id='line_1_23' title="bbox 447 2920 1536 3008; baseline -0.006 -20"><span class='ocrx_word' id='word_1_180' title='bbox 447 2928 526 2991; x_wconf 90' lang='lat' dir='ltr'><strong>tutis</strong></span> <span class='ocrx_word' id='word_1_181' title='bbox 546 2928 730 3008; x_wconf 86' lang='lat' dir='ltr'><strong>proiectum</strong></span> <span class='ocrx_word' id='word_1_182' title='bbox 746 2927 797 2990; x_wconf 86' lang='lat' dir='ltr'><strong>ret</strong></span> <span class='ocrx_word' id='word_1_183' title='bbox 819 2927 995 3002; x_wconf 84' lang='lat' dir='ltr'><strong>deiectum,</strong></span> <span class='ocrx_word' id='word_1_184' title='bbox 1011 2934 1044 2989; x_wconf 92' lang='lat' dir='ltr'><strong>et</strong></span> <span class='ocrx_word' id='word_1_185' title='bbox 1064 2926 1093 2989; x_wconf 88' lang='lat' dir='ltr'><strong>td</strong></span> <span class='ocrx_word' id='word_1_186' title='bbox 1116 2926 1158 2991; x_wconf 91' lang='lat' dir='ltr'><strong>ub</strong></span> <span class='ocrx_word' id='word_1_187' title='bbox 1172 2924 1267 3001; x_wconf 89' lang='lat' dir='ltr'><strong>ittud,</strong></span> <span class='ocrx_word' id='word_1_188' title='bbox 1282 2925 1370 3004; x_wconf 85' lang='lat' dir='ltr'><strong>quud</strong></span> <span class='ocrx_word' id='word_1_189' title='bbox 1394 2920 1536 3004; x_wconf 78' lang='lat' dir='ltr'><strong>praeratu</strong></span> 
     </span>
     <span class='ocr_line' id='line_1_24' title="bbox 447 3028 1201 3105; baseline 0.004 -17"><span class='ocrx_word' id='word_1_190' title='bbox 447 3028 479 3088; x_wconf 92' lang='lat' dir='ltr'><strong>in</strong></span> <span class='ocrx_word' id='word_1_191' title='bbox 501 3036 618 3093; x_wconf 89' lang='lat' dir='ltr'><strong>natura</strong></span> <span class='ocrx_word' id='word_1_192' title='bbox 640 3029 794 3105; x_wconf 87' lang='lat' dir='ltr'><strong>bumana,</strong></span> <span class='ocrx_word' id='word_1_193' title='bbox 810 3028 996 3102; x_wconf 55' lang='lat' dir='ltr'><strong>,voluntatis</strong></span> <span class='ocrx_word' id='word_1_194' title='bbox 1016 3028 1201 3093; x_wconf 85' lang='lat' dir='ltr'><strong>arbitrium.</strong></span> 
     </span>
    </p>

    <p class='ocr_par' dir='ltr' id='par_1_3' title="bbox 397 3124 1539 4522">
     <span class='ocr_line' id='line_1_25' title="bbox 528 3124 1537 3211; baseline -0.007 -19"><span class='ocrx_word' id='word_1_195' title='bbox 528 3128 714 3205; x_wconf 79' lang='lat' dir='ltr'><strong>Praeterea,</strong></span> <span class='ocrx_word' id='word_1_196' title='bbox 729 3129 835 3211; x_wconf 84' lang='lat' dir='ltr'><strong>siquid</strong></span> <span class='ocrx_word' id='word_1_197' title='bbox 858 3130 888 3193; x_wconf 93' lang='lat' dir='ltr'><strong>in</strong></span> <span class='ocrx_word' id='word_1_198' title='bbox 915 3131 977 3193; x_wconf 89' lang='lat' dir='ltr'><strong>boc</strong></span> <span class='ocrx_word' id='word_1_199' title='bbox 994 3146 1144 3193; x_wconf 87' lang='lat' dir='ltr'><strong>sermone</strong></span> <span class='ocrx_word' id='word_1_200' title='bbox 1161 3128 1330 3193; x_wconf 87' lang='lat' dir='ltr'><strong>intellectu</strong></span> <span class='ocrx_word' id='word_1_201' title='bbox 1352 3128 1485 3193; x_wconf 90' lang='lat' dir='ltr'><strong>arduum</strong></span> <span class='ocrx_word' id='word_1_202' title='bbox 1503 3124 1537 3187; x_wconf 79' lang='lat' dir='ltr'><strong>si·</strong></span> 
     </span>
     <span class='ocr_line' id='line_1_26' title="bbox 397 3226 1538 3319; baseline -0.004 -29"><span class='ocrx_word' id='word_1_203' title='bbox 397 3308 406 3319; x_wconf 32' lang='grc'><em>,</em></span> <span class='ocrx_word' id='word_1_204' title='bbox 446 3228 575 3307; x_wconf 87' lang='lat' dir='ltr'><strong>deatur,</strong></span> <span class='ocrx_word' id='word_1_205' title='bbox 598 3231 675 3295; x_wconf 87' lang='lat' dir='ltr'><strong>aiibi</strong></span> <span class='ocrx_word' id='word_1_206' title='bbox 697 3232 728 3293; x_wconf 89' lang='lat' dir='ltr'><strong>in</strong></span> <span class='ocrx_word' id='word_1_207' title='bbox 752 3229 847 3295; x_wconf 84' lang='lat' dir='ltr'><strong>Libro</strong></span> <span class='ocrx_word' id='word_1_208' title='bbox 864 3229 921 3295; x_wconf 93' lang='lat' dir='ltr'><strong>ttt.</strong></span> <span class='ocrx_word' id='word_1_209' title='bbox 946 3250 973 3295; x_wconf 91' lang='lat' dir='ltr'><strong>c.</strong></span> <span class='ocrx_word' id='word_1_210' title='bbox 991 3228 1046 3291; x_wconf 90' lang='lat' dir='ltr'><strong>ttt.</strong></span> <span class='ocrx_word' id='word_1_211' title='bbox 1068 3227 1099 3295; x_wconf 90' lang='grc'><strong>6.</strong></span> <span class='ocrx_word' id='word_1_212' title='bbox 1122 3232 1221 3311; x_wconf 88' lang='lat' dir='ltr'><strong>magis</strong></span> <span class='ocrx_word' id='word_1_213' title='bbox 1243 3230 1384 3310; x_wconf 79' lang='lat' dir='ltr'><strong>patefiet.</strong></span> <span class='ocrx_word' id='word_1_214' title='bbox 1409 3227 1452 3291; x_wconf 90' lang='lat' dir='ltr'><strong>lbi</strong></span> <span class='ocrx_word' id='word_1_215' title='bbox 1471 3226 1538 3288; x_wconf 85' lang='lat' dir='ltr'><strong>enin</strong></span> 
     </span>
     <span class='ocr_line' id='line_1_27' title="bbox 445 3328 1539 3413; baseline -0.005 -21"><span class='ocrx_word' id='word_1_216' title='bbox 445 3330 602 3410; x_wconf 83' lang='lat' dir='ltr'><strong>Origenes</strong></span> <span class='ocrx_word' id='word_1_217' title='bbox 621 3331 707 3397; x_wconf 87' lang='lat' dir='ltr'><strong>idem</strong></span> <span class='ocrx_word' id='word_1_218' title='bbox 728 3341 956 3413; x_wconf 76' lang='lat' dir='ltr'><strong>argumentum</strong></span> <span class='ocrx_word' id='word_1_219' title='bbox 985 3329 1031 3395; x_wconf 85' lang='lat' dir='ltr'><strong>De</strong></span> <span class='ocrx_word' id='word_1_220' title='bbox 1051 3329 1163 3397; x_wconf 79' lang='lat' dir='ltr'><strong>muudi</strong></span> <span class='ocrx_word' id='word_1_221' title='bbox 1182 3328 1448 3395; x_wconf 81' lang='lat' dir='ltr'><strong>consummatione</strong></span> <span class='ocrx_word' id='word_1_222' title='bbox 1466 3342 1539 3389; x_wconf 74' lang='lat' dir='ltr'><strong>run·</strong></span> 
     </span>
     <span class='ocr_line' id='line_1_28' title="bbox 445 3432 1539 3513; baseline -0.004 -20"><span class='ocrx_word' id='word_1_223' title='bbox 445 3444 555 3507; x_wconf 85' lang='lat' dir='ltr'><strong>mens,</strong></span> <span class='ocrx_word' id='word_1_224' title='bbox 578 3451 720 3496; x_wconf 91' lang='lat' dir='ltr'><strong>necnon</strong></span> <span class='ocrx_word' id='word_1_225' title='bbox 740 3434 781 3497; x_wconf 89' lang='lat' dir='ltr'><strong>de</strong></span> <span class='ocrx_word' id='word_1_226' title='bbox 803 3434 1047 3513; x_wconf 83' lang='lat' dir='ltr'><strong>regeneratione</strong></span> <span class='ocrx_word' id='word_1_227' title='bbox 1069 3432 1274 3497; x_wconf 85' lang='lat' dir='ltr'><strong>humanitatis</strong></span> <span class='ocrx_word' id='word_1_228' title='bbox 1296 3432 1336 3495; x_wconf 91' lang='lat' dir='ltr'><strong>ad</strong></span> <span class='ocrx_word' id='word_1_229' title='bbox 1362 3432 1477 3503; x_wconf 77' lang='lat' dir='ltr'><strong>breve,</strong></span> <span class='ocrx_word' id='word_1_230' title='bbox 1492 3440 1539 3489; x_wconf 87' lang='lat' dir='ltr'><strong>sen</strong></span> 
     </span>
     <span class='ocr_line' id='line_1_29' title="bbox 446 3526 1538 3615; baseline 0.003 -23"><span class='ocrx_word' id='word_1_231' title='bbox 446 3532 601 3611; x_wconf 88' lang='lat' dir='ltr'><strong>tongum,</strong></span> <span class='ocrx_word' id='word_1_232' title='bbox 629 3534 699 3596; x_wconf 87' lang='lat' dir='ltr'><strong>sire</strong></span> <span class='ocrx_word' id='word_1_233' title='bbox 719 3534 941 3615; x_wconf 75' lang='lat' dir='ltr'><strong>longissimum</strong></span> <span class='ocrx_word' id='word_1_234' title='bbox 965 3542 1090 3613; x_wconf 87' lang='lat' dir='ltr'><strong>tempus</strong></span> <span class='ocrx_word' id='word_1_235' title='bbox 1112 3541 1183 3614; x_wconf 90' lang='lat' dir='ltr'><strong>post</strong></span> <span class='ocrx_word' id='word_1_236' title='bbox 1204 3533 1330 3596; x_wconf 89' lang='lat' dir='ltr'><strong>obitum</strong></span> <span class='ocrx_word' id='word_1_237' title='bbox 1352 3526 1538 3614; x_wconf 67' lang='lat' dir='ltr'><strong>perficienda,</strong></span> 
     </span>
     <span class='ocr_line' id='line_1_30' title="bbox 445 3622 1539 3714; baseline -0.007 -19"><span class='ocrx_word' id='word_1_238' title='bbox 445 3631 541 3696; x_wconf 86' lang='lat' dir='ltr'><strong>sicuti</strong></span> <span class='ocrx_word' id='word_1_239' title='bbox 562 3633 603 3697; x_wconf 89' lang='lat' dir='ltr'><strong>de</strong></span> <span class='ocrx_word' id='word_1_240' title='bbox 624 3631 815 3714; x_wconf 90' lang='lat' dir='ltr'><strong>angeiorum</strong></span> <span class='ocrx_word' id='word_1_241' title='bbox 836 3634 1027 3708; x_wconf 87' lang='lat' dir='ltr'><strong>ministerio,</strong></span> <span class='ocrx_word' id='word_1_242' title='bbox 1049 3635 1106 3713; x_wconf 84' lang='lat' dir='ltr'><strong>qni</strong></span> <span class='ocrx_word' id='word_1_243' title='bbox 1128 3634 1206 3697; x_wconf 88' lang='lat' dir='ltr'><strong>bnio</strong></span> <span class='ocrx_word' id='word_1_244' title='bbox 1226 3632 1422 3713; x_wconf 86' lang='lat' dir='ltr'><strong>reparationi</strong></span> <span class='ocrx_word' id='word_1_245' title='bbox 1443 3622 1539 3710; x_wconf 88' lang='lat' dir='ltr'><strong>praeb-</strong></span> 
     </span>
     <span class='ocr_line' id='line_1_31' title="bbox 446 3734 1539 3815; baseline -0.005 -21"><span class='ocrx_word' id='word_1_246' title='bbox 446 3735 586 3810; x_wconf 88' lang='lat' dir='ltr'><strong>cieutnr,</strong></span> <span class='ocrx_word' id='word_1_247' title='bbox 601 3736 734 3800; x_wconf 84' lang='lat' dir='ltr'><strong>scribit:</strong></span> <span class='ocrx_word' id='word_1_248' title='bbox 757 3757 775 3797; x_wconf 79' lang='lat' dir='ltr'><strong>u</strong></span> <span class='ocrx_word' id='word_1_249' title='bbox 791 3736 825 3799; x_wconf 92' lang='lat' dir='ltr'><strong>tn</strong></span> <span class='ocrx_word' id='word_1_250' title='bbox 843 3738 929 3799; x_wconf 86' lang='lat' dir='ltr'><strong>bunc</strong></span> <span class='ocrx_word' id='word_1_251' title='bbox 944 3752 1022 3815; x_wconf 87' lang='lat' dir='ltr'><strong>ergo</strong></span> <span class='ocrx_word' id='word_1_252' title='bbox 1035 3741 1156 3797; x_wconf 90' lang='lat' dir='ltr'><strong>statum</strong></span> <span class='ocrx_word' id='word_1_253' title='bbox 1171 3750 1299 3797; x_wconf 89' lang='lat' dir='ltr'><strong>omnem</strong></span> <span class='ocrx_word' id='word_1_254' title='bbox 1319 3734 1403 3797; x_wconf 89' lang='lat' dir='ltr'><strong>banc</strong></span> <span class='ocrx_word' id='word_1_255' title='bbox 1416 3736 1539 3796; x_wconf 86' lang='lat' dir='ltr'><strong>nostram</strong></span> 
     </span>
     <span class='ocr_line' id='line_1_32' title="bbox 445 3834 1537 3918; baseline -0.01 -19"><span class='ocrx_word' id='word_1_256' title='bbox 445 3835 657 3900; x_wconf 86' lang='lat' dir='ltr'><strong>substantiam</strong></span> <span class='ocrx_word' id='word_1_257' title='bbox 671 3836 876 3918; x_wconf 87' lang='lat' dir='ltr'><strong>corporalem</strong></span> <span class='ocrx_word' id='word_1_258' title='bbox 888 3836 1066 3918; x_wconf 90' lang='lat' dir='ltr'><strong>putandum</strong></span> <span class='ocrx_word' id='word_1_259' title='bbox 1075 3842 1125 3899; x_wconf 89' lang='lat' dir='ltr'><strong>est</strong></span> <span class='ocrx_word' id='word_1_260' title='bbox 1136 3834 1376 3914; x_wconf 89' lang='lat' dir='ltr'><strong>perducendam</strong></span> <span class='ocrx_word' id='word_1_261' title='bbox 1392 3841 1463 3897; x_wconf 90' lang='lat' dir='ltr'><strong>tuuc</strong></span> <span class='ocrx_word' id='word_1_262' title='bbox 1476 3843 1537 3892; x_wconf 90' lang='lat' dir='ltr'><strong>cnm</strong></span> 
     </span>
     <span class='ocr_line' id='line_1_33' title="bbox 445 3928 1537 4013; baseline -0.013 -14"><span class='ocrx_word' id='word_1_263' title='bbox 445 3938 551 4000; x_wconf 87' lang='lat' dir='ltr'><strong>omnia</strong></span> <span class='ocrx_word' id='word_1_264' title='bbox 566 3941 794 4013; x_wconf 87' lang='lat' dir='ltr'><strong>restituentur,</strong></span> <span class='ocrx_word' id='word_1_265' title='bbox 814 3947 852 4003; x_wconf 92' lang='lat' dir='ltr'><strong>nt</strong></span> <span class='ocrx_word' id='word_1_266' title='bbox 865 3956 966 4003; x_wconf 90' lang='lat' dir='ltr'><strong>unum</strong></span> <span class='ocrx_word' id='word_1_267' title='bbox 981 3938 1055 4013; x_wconf 90' lang='lat' dir='ltr'><strong>sint,</strong></span> <span class='ocrx_word' id='word_1_268' title='bbox 1077 3944 1201 4001; x_wconf 87' lang='lat' dir='ltr'><strong>etcum</strong></span> <span class='ocrx_word' id='word_1_269' title='bbox 1216 3932 1303 4001; x_wconf 82' lang='lat' dir='ltr'><strong>Deus</strong></span> <span class='ocrx_word' id='word_1_270' title='bbox 1326 3936 1425 3999; x_wconf 86' lang='lat' dir='ltr'><strong>inerit</strong></span> <span class='ocrx_word' id='word_1_271' title='bbox 1447 3928 1537 3996; x_wconf 87' lang='lat' dir='ltr'><strong>omnia</strong></span> 
     </span>
     <span class='ocr_line' id='line_1_34' title="bbox 445 4029 1538 4117; baseline -0.011 -17"><span class='ocrx_word' id='word_1_272' title='bbox 445 4039 478 4100; x_wconf 81' lang='lat' dir='ltr'><strong>in</strong></span> <span class='ocrx_word' id='word_1_273' title='bbox 491 4041 653 4104; x_wconf 86' lang='lat' dir='ltr'><strong>omnibus.</strong></span> <span class='ocrx_word' id='word_1_274' title='bbox 676 4037 771 4116; x_wconf 87' lang='lat' dir='ltr'><strong>Quod</strong></span> <span class='ocrx_word' id='word_1_275' title='bbox 788 4047 894 4103; x_wconf 91' lang='lat' dir='ltr'><strong>tamen</strong></span> <span class='ocrx_word' id='word_1_276' title='bbox 916 4056 978 4102; x_wconf 93' lang='lat' dir='ltr'><strong>non</strong></span> <span class='ocrx_word' id='word_1_277' title='bbox 1000 4038 1039 4099; x_wconf 90' lang='lat' dir='ltr'><strong>ad</strong></span> <span class='ocrx_word' id='word_1_278' title='bbox 1060 4036 1204 4101; x_wconf 88' lang='lat' dir='ltr'><strong>subitum</strong></span> <span class='ocrx_word' id='word_1_279' title='bbox 1220 4034 1305 4110; x_wconf 83' lang='lat' dir='ltr'><strong>fieri,</strong></span> <span class='ocrx_word' id='word_1_280' title='bbox 1324 4035 1381 4099; x_wconf 87' lang='lat' dir='ltr'><strong>sed</strong></span> <span class='ocrx_word' id='word_1_281' title='bbox 1400 4029 1538 4117; x_wconf 85' lang='lat' dir='ltr'><strong>paulatin</strong></span> 
     </span>
     <span class='ocr_line' id='line_1_35' title="bbox 445 4136 1539 4222; baseline -0.012 -19"><span class='ocrx_word' id='word_1_282' title='bbox 445 4150 479 4204; x_wconf 87' lang='lat' dir='ltr'><strong>et</strong></span> <span class='ocrx_word' id='word_1_283' title='bbox 499 4159 558 4221; x_wconf 89' lang='lat' dir='ltr'><strong>par</strong></span> <span class='ocrx_word' id='word_1_284' title='bbox 579 4147 687 4222; x_wconf 87' lang='lat' dir='ltr'><strong>partes</strong></span> <span class='ocrx_word' id='word_1_285' title='bbox 707 4140 951 4221; x_wconf 82' lang='lat' dir='ltr'><strong>intelligendum</strong></span> <span class='ocrx_word' id='word_1_286' title='bbox 974 4148 1040 4217; x_wconf 85' lang='lat' dir='ltr'><strong>est,</strong></span> <span class='ocrx_word' id='word_1_287' title='bbox 1063 4137 1191 4201; x_wconf 90' lang='lat' dir='ltr'><strong>intinitis</strong></span> <span class='ocrx_word' id='word_1_288' title='bbox 1212 4144 1244 4201; x_wconf 90' lang='lat' dir='ltr'><strong>et</strong></span> <span class='ocrx_word' id='word_1_289' title='bbox 1263 4136 1445 4201; x_wconf 87' lang='lat' dir='ltr'><strong>tabentibus</strong></span> <span class='ocrx_word' id='word_1_290' title='bbox 1462 4146 1539 4195; x_wconf 84' lang='lat' dir='ltr'><strong>seun-</strong></span> 
     </span>
     <span class='ocr_line' id='line_1_36' title="bbox 446 4228 1535 4321; baseline -0.005 -17"><span class='ocrx_word' id='word_1_291' title='bbox 446 4243 486 4306; x_wconf 89' lang='lat' dir='ltr'><strong>tis</strong></span> <span class='ocrx_word' id='word_1_292' title='bbox 506 4244 685 4318; x_wconf 88' lang='lat' dir='ltr'><strong>immensis,</strong></span> <span class='ocrx_word' id='word_1_293' title='bbox 711 4260 786 4307; x_wconf 92' lang='lat' dir='ltr'><strong>cnm</strong></span> <span class='ocrx_word' id='word_1_294' title='bbox 806 4242 923 4305; x_wconf 88' lang='lat' dir='ltr'><strong>sensim</strong></span> <span class='ocrx_word' id='word_1_295' title='bbox 944 4248 978 4303; x_wconf 92' lang='lat' dir='ltr'><strong>ct</strong></span> <span class='ocrx_word' id='word_1_296' title='bbox 997 4256 1057 4321; x_wconf 91' lang='lat' dir='ltr'><strong>per</strong></span> <span class='ocrx_word' id='word_1_297' title='bbox 1076 4236 1220 4319; x_wconf 87' lang='lat' dir='ltr'><strong>singulus</strong></span> <span class='ocrx_word' id='word_1_298' title='bbox 1241 4236 1420 4301; x_wconf 86' lang='lat' dir='ltr'><strong>emendatio</strong></span> <span class='ocrx_word' id='word_1_299' title='bbox 1441 4228 1535 4299; x_wconf 64' lang='lat' dir='ltr'><strong>inerit,</strong></span> 
     </span>
     <span class='ocr_line' id='line_1_37' title="bbox 445 4334 1536 4424; baseline -0.014 -19"><span class='ocrx_word' id='word_1_300' title='bbox 445 4350 479 4405; x_wconf 92' lang='lat' dir='ltr'><strong>et</strong></span> <span class='ocrx_word' id='word_1_301' title='bbox 492 4346 849 4424; x_wconf 87' lang='lat' dir='ltr'><strong>correctioprosecuta,</strong></span> <span class='ocrx_word' id='word_1_302' title='bbox 866 4338 1152 4422; x_wconf 85' lang='lat' dir='ltr'><strong>praecurrentibus</strong></span> <span class='ocrx_word' id='word_1_303' title='bbox 1166 4338 1251 4415; x_wconf 84' lang='lat' dir='ltr'><strong>aliis,</strong></span> <span class='ocrx_word' id='word_1_304' title='bbox 1266 4343 1299 4403; x_wconf 91' lang='lat' dir='ltr'><strong>et</strong></span> <span class='ocrx_word' id='word_1_305' title='bbox 1314 4334 1464 4401; x_wconf 83' lang='lat' dir='ltr'><strong>velociori</strong></span> <span class='ocrx_word' id='word_1_306' title='bbox 1475 4344 1536 4394; x_wconf 90' lang='lat' dir='ltr'><strong>cur·</strong></span> 
     </span>
     <span class='ocr_line' id='line_1_38' title="bbox 445 4433 1535 4522; baseline -0.012 -15"><span class='ocrx_word' id='word_1_307' title='bbox 445 4463 484 4507; x_wconf 91' lang='lat' dir='ltr'><strong>sn</strong></span> <span class='ocrx_word' id='word_1_308' title='bbox 505 4447 545 4508; x_wconf 90' lang='lat' dir='ltr'><strong>ad</strong></span> <span class='ocrx_word' id='word_1_309' title='bbox 566 4463 691 4511; x_wconf 91' lang='lat' dir='ltr'><strong>summa</strong></span> <span class='ocrx_word' id='word_1_310' title='bbox 708 4444 923 4519; x_wconf 85' lang='lat' dir='ltr'><strong>tendentibus,</strong></span> <span class='ocrx_word' id='word_1_311' title='bbox 946 4443 1018 4507; x_wconf 91' lang='lat' dir='ltr'><strong>aliis</strong></span> <span class='ocrx_word' id='word_1_312' title='bbox 1040 4458 1119 4509; x_wconf 84' lang='lat' dir='ltr'><strong>reru</strong></span> <span class='ocrx_word' id='word_1_313' title='bbox 1134 4440 1285 4522; x_wconf 83' lang='lat' dir='ltr'><strong>proximo</strong></span> <span class='ocrx_word' id='word_1_314' title='bbox 1306 4433 1535 4520; x_wconf 82' lang='lat' dir='ltr'><strong>qnoqucspatio</strong></span> 
     </span>
    </p>
   </div>
   <div class='ocr_carea' id='block_1_2' title="bbox 0 0 1692 5567">
    <p class='ocr_par' dir='ltr' id='par_1_4' title="bbox 0 0 1692 5567">
     <span class='ocr_line' id='line_1_39' title="bbox 0 0 1692 5567; baseline 0 2"><span class='ocrx_word' id='word_1_315' title='bbox 0 0 1692 5567; x_wconf 95' lang='lat' dir='ltr'><strong> </strong></span> 
     </span>
    </p>
   </div>
  </div>
 </body>
</html>
