3375 5567
477 726 534 775 arv

473 831 678 927 captionem
707 831 895 907 oculorum
910 830 1069 929 quotidie
1099 829 1133 903 in
1154 829 1314 907 Ecclesia
1345 830 1405 906 Dei
1424 832 1533 905 immn-

472 958 590 1032 culata
607 958 880 1055 profundentes
897 956 1127 1057 Quapropter
1142 960 1454 1057 praedecessorum
1469 982 1532 1033 suo

447 1110 553 1179 =rum
582 1085 765 1183 exemplo,
793 1110 859 1161 suo
880 1110 1029 1162 rnunere
1057 1086 1204 1163 iunctus
1223 1089 1258 1160 in
1288 1087 1438 1185 regenda
1457 1087 1533 1161 dca-

361 1262 368 1279 ·
472 1216 591 1288 demia
610 1216 805 1290 christiana
829 1223 943 1309 jama
970 1216 1043 1289 divi
1064 1213 1175 1289 liar-ci
1202 1240 1293 1290 nevo
1313 1216 1532 1290 Alexandriae

471 1342 651 1427 lundata,
678 1366 745 1418 ceu
772 1345 947 1419 adversus
982 1342 1249 1441 philosophiam
1286 1342 1414 1417 salsam
1448 1356 1534 1417 antc-

469 1470 623 1554 murali,
651 1471 772 1545 divina
799 1471 956 1569 flagrans
984 1471 1183 1557 charitate,
1212 1469 1373 1569 nullique
1402 1492 1534 1569 parcens

410 1664 414 1672 .
470 1598 600 1684 labori,
629 1621 692 1697 pro
723 1601 876 1675 veritate
906 1600 1093 1698 pugnavit,
1114 1601 1285 1674 continuo
1311 1598 1489 1674 Christum
1505 1599 1534 1671 in

470 1749 537 1801 suo
568 1742 716 1823 pectore
743 1740 914 1825 gestans,
943 1751 986 1801 ac
1019 1728 1255 1825 undequaque
1284 1726 1399 1823 ipsius
1429 1723 1537 1800 Eccle-

469 1856 562 1929 siam
588 1855 665 1929 siae
693 1856 843 1952 scripto,
871 1856 948 1929 sive
976 1876 1086 1951 opere
1101 1854 1328 1929 circumdans
1358 1866 1477 1929 contra
1492 1867 1539 1927 tu·

468 1995 612 2057 mentes
640 1984 800 2059 hostium
829 2006 978 2059 suorum
1007 1981 1153 2057 ductus.

577 2108 701 2184 Tertio
720 2111 882 2207 insuper,
900 2108 997 2208 quod
1024 2107 1167 2201 ajebarn
1185 2109 1230 2183 dc
1245 2108 1414 2206 Origenis
1436 2110 1538 2186 studio

467 2238 504 2310 in
531 2236 670 2313 Graeca
698 2237 956 2337 Philosophia,
988 2236 1080 2312 unde
1109 2237 1212 2333 quasi
1246 2238 1324 2334 apis
1354 2237 1474 2313 sedula
1501 2236 1539 2311 ah

334 2387 341 2393 ·
466 2366 629 2456 ejusdcm
657 2367 808 2441 floribus
833 2378 920 2463 apta
949 2365 1163 2461 decerpens,
1190 2362 1315 2438 sicubi
1332 2388 1400 2462 par
1432 2363 1537 2446 luerit,

466 2494 543 2569 suis
558 2495 686 2570 inserit
703 2493 1003 2579 discussionibus,
1033 2514 1141 2568 nemo
1161 2492 1249 2565 item
1268 2492 1408 2590 cogitet
1421 2494 1538 2591 ipsum,

466 2646 550 2699 cum
569 2639 633 2699 aut
660 2622 973 2721 philosophorum,
989 2646 1054 2695 seu
1084 2621 1352 2695 haereticorum
1368 2621 1539 2719 opiniones

466 2767 554 2826 tunc
580 2751 858 2835 invalescentes,
885 2750 1097 2847 etquidem
1125 2748 1172 2823 ab
1200 2746 1400 2847 Evangelio
1417 2750 1538 2825 discor·

464 2882 544 2967 des,
561 2894 764 2965 recenseat,
778 2902 906 2957 eorum
921 2877 1145 2975 ampliticans
1159 2897 1302 2975 quoquc
1322 2890 1537 2975 argumenta,

465 3033 573 3085 nemo
593 3024 710 3107 putet,
729 3034 793 3083 cas
812 3009 932 3106 ipsum
961 3021 1133 3106 tauquam
1153 3030 1239 3083 suos
1259 3008 1441 3083 vindicare
1464 3029 1538 3083 scn-

464 3162 541 3225 sus,
569 3153 633 3213 aut
659 3138 704 3212 iis
732 3138 999 3212 communicare
1018 3135 1266 3233 opinionibus,
1287 3135 1399 3213 veluti
1420 3138 1540 3213 hucus-

465 3289 535 3364 que
563 3264 823 3339 infaustissime
851 3277 1060 3362 reputatum
1089 3277 1160 3339 est.
1190 3264 1306 3339 Aliter
1334 3288 1482 3363 prorsus
1506 3286 1539 3339 se

464 3416 524 3467 ras
551 3391 687 3468 habet:
714 3393 915 3490 quinimmo
942 3413 1005 3465 cas
1024 3376 1251 3466 solummodo
1279 3394 1541 3490 proponitcon·

465 3520 603 3595 lutandi
632 3543 754 3605 causa,
782 3542 854 3592 uon
883 3538 969 3594 vero
997 3496 1269 3614 comprobandi,
1294 3519 1345 3593 uti
1376 3543 1443 3594 suo
1470 3518 1540 3593 loco

463 3648 618 3723 dicetur.
1122 3654 1125 3661 '

570 3776 721 3866 Quarto,
750 3775 949 3853 notandum
977 3798 1120 3874 quoque
1149 3786 1220 3861 est,
1249 3776 1420 3853 nonnulla
1449 3776 1539 3852 chri·

461 3906 579 3980 stiana
606 3907 775 4004 dogmata
794 3907 829 3979 in
860 3904 1075 3979 Periorchon
1097 3903 1198 3978 libris
1225 3905 1404 3993 discussa,
1425 3920 1541 4005 posto·

461 4058 574 4132 noque
604 4050 767 4133 tempore
794 4034 842 4109 ab
870 4032 1031 4108 Ecclesia
1063 4031 1210 4107 delinita
1240 4031 1358 4131 (adeo
1389 4048 1431 4109 ut
1461 4032 1540 4109 nulli

462 4162 570 4237 liceat
597 4164 705 4238 modo
732 4162 927 4249 contraire,
956 4174 1020 4235 aut
1047 4160 1168 4236 dehis
1192 4162 1436 4261 contendere)
1462 4178 1540 4239 tunc

460 4292 579 4367 adhuc
597 4291 721 4367 haberi
750 4291 909 4365 incerta:
931 4288 992 4365 uhi
1020 4289 1184 4387 quisquis
1203 4311 1270 4386 pro
1297 4312 1363 4364 suo
1388 4291 1540 4389 ingenio,

460 4432 526 4494 aut
552 4420 723 4517 probare,
739 4420 818 4496 sive
836 4440 1024 4517 respuere,
1038 4438 1103 4489 seu
1121 4413 1289 4493 dubitare
1309 4418 1463 4496 innocue
1482 4442 1542 4517 po·

462 4562 569 4623 terat.
588 4548 811 4647 Proindeque
832 4572 898 4625 ncc
926 4551 1135 4650 Origcncm,
1156 4578 1223 4630 nec
1250 4550 1417 4653 quemuis
1435 4548 1538 4623 elium
