3375 5567
441 806 489 862 re,
506 789 623 850 barum
645 789 676 849 in
697 786 782 850 bono
797 787 1030 867 persistentium
1047 787 1250 869 praesidens,
1265 789 1400 852 aliarum
1413 787 1450 850 ab
1468 788 1527 868 ipso

437 891 577 968 lapsum,
597 891 638 952 ita
661 889 772 953 mundi
786 889 1025 969 dispositionum
1047 889 1221 965 ordinavit,
1239 896 1274 952 ut
1288 907 1395 954 omues
1409 891 1464 952 bae
1483 909 1528 952 ua·

438 1001 532 1054 turae
548 992 721 1055 rationales
739 991 791 1051 lini
813 1008 875 1053 suo
895 990 1128 1068 satisfacerent,
1146 997 1210 1054 tam
1226 991 1313 1068 illae,
1336 1009 1418 1072 quae
1437 991 1464 1052 in
1483 991 1530 1054 bu·

437 1109 478 1154 no
499 1097 750 1172 perseverarunt
769 1089 852 1153 idest
872 1091 976 1170 angeli
988 1111 999 1169 3
1033 1101 1097 1154 tam
1119 1111 1204 1172 quae
1225 1094 1265 1156 ab
1286 1113 1326 1158 eo
1347 1093 1531 1166 deciderunt,

437 1192 519 1256 idest
539 1191 724 1272 daemones3
747 1199 811 1254 tam
834 1193 914 1255 istae
935 1194 1016 1256 idest
1038 1195 1194 1271 homines,
1218 1199 1273 1277 qui
1295 1199 1325 1258 iu
1348 1197 1407 1258 buc
1428 1193 1532 1257 maudo

435 1295 607 1358 exercendi
629 1303 731 1358 erant.
747 1293 790 1358 Et
810 1296 852 1357 ob
875 1297 936 1360 buc
957 1295 1057 1373 addit,
1075 1298 1259 1373 nonnullos,
1277 1297 1363 1360 baud
1385 1315 1457 1358 saue
1470 1314 1533 1358 con

434 1395 612 1460 siderantes
633 1397 750 1458 barum
785 1404 1014 1462 creaturarum
1046 1399 1286 1462 rationabilium
1310 1399 1489 1462 sanciatam
1508 1397 1534 1458 iu

434 1498 495 1561 boc
512 1497 643 1573 mundo,
655 1499 848 1576 sapientera
866 1497 933 1562 ileo
947 1501 1163 1580 excogitatam
1178 1501 1219 1562 ob
1235 1519 1351 1564 eorum
1368 1498 1536 1578 praeviden-

437 1601 526 1675 tiam,
549 1618 633 1678 quae
656 1600 703 1664 bis
725 1600 892 1662 animabus
913 1601 1117 1680 contigissent
1145 1619 1186 1663 ex
1210 1603 1344 1680 proprio
1366 1601 1532 1672 arbitratu,

434 1700 608 1764 nonnullos
623 1701 834 1776 existimasse,
848 1702 953 1764 omnia
971 1717 1084 1782 nempe
1100 1721 1185 1782 quae
1200 1705 1232 1764 in
1247 1703 1309 1765 boc
1322 1702 1442 1766 mundo
1456 1701 1536 1772 liunt,

437 1802 592 1877 fortuito,
614 1803 682 1866 siae
705 1801 794 1865 latali
816 1803 1004 1866 necessitate
1025 1805 1178 1884 evenire3
1212 1803 1296 1870 undu
1318 1823 1379 1868 uec
1400 1801 1455 1866 llei
1475 1820 1537 1882 pro·

437 1902 610 1966 ridentium
632 1903 861 1982 inculpabilem
884 1923 939 1968 eos
961 1905 1103 1984 potuisse
1125 1907 1285 1984 assignare
1306 1907 1396 1970 dicit.

514 2001 551 2065 lu
572 2004 621 2066 bis
634 2004 783 2066 omnibus
805 2005 915 2082 itaque
937 2004 1120 2084 intelligito,
1138 2006 1302 2084 quomodo
1325 2005 1478 2086 Origenes
1496 2023 1538 2068 ac·

436 2121 501 2184 quc
519 2105 562 2166 ibi
582 2111 730 2168 secernat
751 2107 891 2178 animas,
924 2105 992 2168 sive
1015 2113 1182 2170 creaturos
1205 2107 1383 2170 rationales
1405 2110 1470 2170 sire
1486 2105 1538 2184 spi·

436 2205 518 2267 ritus
538 2204 731 2284 augelorum
752 2214 961 2280 sanctorum,
986 2225 1003 2266 a
1025 2206 1191 2284 spiritibus
1222 2208 1388 2286 nequitiae
1409 2208 1474 2270 siae
1492 2207 1539 2268 im·

437 2306 578 2378 mundis,
600 2314 632 2370 et
654 2308 712 2369 bos
733 2307 932 2385 aspiritibus
953 2325 1012 2370 seu
1034 2307 1203 2370 animabus
1226 2309 1409 2384 bominum,
1432 2307 1539 2372 uuicui-

437 2425 503 2486 que
523 2407 725 2470 committena
746 2425 831 2486 quae
852 2425 910 2470 sua
933 2417 1030 2470 suut:
1055 2425 1113 2469 nec
1136 2405 1208 2470 ideo
1229 2407 1416 2471 contuderit
1435 2409 1540 2469 animas

436 2507 630 2570 daemonum
646 2527 721 2572 cum
736 2508 905 2572 animabus
921 2508 1105 2584 bominum,
1122 2527 1180 2572 nec
1196 2526 1276 2572 unas
1290 2527 1368 2572 cum
1383 2509 1488 2571 alteris
1502 2523 1540 2566 as·

437 2608 592 2684 sociarit,
622 2627 681 2671 nec
705 2609 823 2688 primas
844 2627 905 2688 pro
926 2607 1074 2672 secundis
1099 2608 1279 2672 indistincte
1310 2610 1486 2688 usurparit.
1509 2604 1541 2668 lit

440 2711 589 2788 quamvis
602 2712 688 2773 actio
710 2711 805 2774 unios
827 2710 907 2772 idest
928 2711 1060 2790 spiritus
1076 2728 1214 2791 nequam
1237 2709 1439 2774 invalescere
1459 2707 1542 2789 possit

438 2817 551 2872 contra
572 2809 721 2889 spiritum
745 2810 932 2884 bominum,
955 2828 993 2872 ac
1014 2829 1091 2872 suae
1115 2811 1263 2889 potestati
1285 2811 1469 2874 subducere
1487 2817 1538 2870 etc.

440 2928 606 2990 nunquam
623 2919 727 2972 tameo
750 2911 832 2972 dixit
848 2909 1058 2974 adamantius
1079 2911 1211 2990 spiritus
1226 2911 1407 2976 diabolicos
1420 2925 1539 2974 consor·

439 3029 494 3074 sos
515 3011 625 3085 inisse,
647 3029 706 3074 seu
721 3011 867 3072 converti
888 3010 920 3070 iu
942 3012 1062 3072 animas
1085 3011 1264 3083 bominum,
1281 3011 1365 3074 adeo
1389 3019 1425 3074 ut
1439 3018 1540 3072 natura

443 3114 570 3176 animae
591 3112 750 3174 bumauae
766 3127 828 3172 nou
849 3111 891 3171 sit
911 3111 1161 3189 ampliusquam
1184 3120 1299 3173 natura
1323 3111 1473 3174 diabolici
1492 3109 1544 3187 api-

442 3215 538 3293 ritus3
552 3212 621 3276 sive
634 3231 697 3274 non
711 3212 858 3274 extiterit
875 3229 1016 3290 nuquam
1039 3210 1165 3276 diversa
1181 3229 1198 3272 a
1215 3211 1332 3291 spiritu
1349 3213 1541 3276 daemonum.

440 3314 533 3392 Quae
553 3317 690 3390 somnia,
714 3314 867 3393 inquam,
890 3329 995 3393 neque
1018 3313 1072 3376 blc
1094 3331 1151 3378 uec
1173 3311 1248 3374 alibi
1270 3312 1398 3392 docuit,
1422 3331 1477 3376 uec
1495 3310 1541 3372 do·

441 3417 546 3480 coisse
569 3415 685 3496 potuit.

523 3515 598 3580 Post
619 3517 710 3591 baec,
725 3517 862 3591 omissis,
879 3534 965 3598 qnae
985 3513 1098 3580 deiude
1111 3515 1235 3591 scribit,
1257 3515 1333 3579 salis
1355 3518 1489 3582 traditae
1507 3515 1544 3576 lu·

442 3616 665 3697 terpretatioui
688 3616 877 3690 uniformia,
894 3617 1052 3697 quisquis,
1076 3615 1191 3679 sedulo
1212 3618 1379 3696 perpensis
1400 3635 1482 3698 quae
1500 3633 1545 3676 uo

442 3719 601 3791 uramus,
620 3715 723 3798 judex
747 3726 780 3780 et
800 3715 920 3780 Rudini
942 3723 975 3779 et
996 3713 1186 3800 Hieronymi
1209 3717 1429 3780 translationis
1448 3713 1544 3780 subire

444 3817 588 3880 soluerit
597 3837 610 3896 3
633 3817 779 3899 proiecto
798 3815 918 3880 Rulliui
936 3817 1114 3878 versionem
1136 3823 1268 3880 secutus
1289 3816 1332 3894 (iu
1355 3835 1422 3897 qua
1441 3814 1512 3878 uibil
1530 3828 1544 3872 a

444 3923 538 3981 textu
566 3935 684 3997 graeco
703 3910 846 3982 'mutasse
879 3915 1020 3994 latetur)
1052 3914 1111 3978 sibi
1133 3915 1371 3980 consectarium
1402 3909 1547 3997 repererit

440 4017 615 4098 Oripeuem
638 4025 706 4082 tum
727 4017 852 4081 scilicet
873 4017 1053 4091 contextui,
1078 4023 1146 4079 tum
1170 4016 1231 4091 bis,
1253 4034 1339 4095 qnae
1361 4017 1438 4080 alibi
1459 4015 1546 4076 dicta·

443 4120 500 4182 sit.
523 4117 564 4183 El
577 4121 604 4184 si
628 4120 660 4183 in
681 4118 829 4184 omuibus
848 4117 1024 4183 Auctorem
1047 4117 1243 4182 adamussim
1259 4117 1402 4198 dogmati
1423 4113 1544 4182 calboli·

441 4239 483 4284 co
503 4220 590 4286 baud
605 4220 798 4284 concordem
820 4218 1030 4299 probaveris3
1047 4225 1137 4282 certo
1160 4225 1265 4282 tamen
1283 4221 1341 4282 isla
1365 4220 1489 4282 minima
1502 4230 1546 4276 ae

443 4319 643 4400 quiparauda
664 4326 740 4383 snut
760 4319 821 4395 iis,
844 4337 929 4400 quae
953 4320 1119 4384 transtulit
1140 4317 1362 4404 Hieronymus
1383 4315 1544 4382 admodum

444 4421 610 4501 explicatu
624 4419 764 4484 dttdottn
777 4439 789 4499 3
805 4419 862 4483 ubi
884 4419 1038 4484 contusus
1053 4427 1187 4501 apparet
1202 4422 1375 4486 lucutionis
1389 4419 1481 4493 ordo,
1497 4431 1544 4476 vo·

446 4521 639 4588 cabalorum
660 4539 772 4588 masos
792 4529 992 4604 corruptos3
1014 4529 1046 4588 el
1067 4521 1154 4588 uude
1174 4523 1356 4590 necessario
1376 4520 1455 4588 illud
1477 4515 1545 4584 eain
