3375 5567
164 819 209 862 tta
221 807 345 879 potan-
366 797 461 876 Quae
480 800 711 880 sapientissimo
731 815 795 862 nnn
814 798 924 862 solum
941 795 984 860 al)
1000 795 1156 875 Origene,
1181 812 1234 855 re·

164 922 216 964 run
237 901 320 964 etiam
341 901 474 964 luerunt
502 919 520 964 a
542 899 704 982 Gregorio
728 897 939 982 Npsseno‚n
969 894 1174 961 Tertulliano
1200 904 1234 958 et

161 1002 315 1082 tornum,
327 1003 510 1082 ceterisque
529 1003 661 1084 speciali
675 1001 784 1066 studio
806 1001 953 1081 exposito
968 998 1009 1062 de
1030 998 1144 1064 tuturo
1160 1003 1232 1078 post

161 1104 219 1166 lenc
243 1103 328 1166 ritum
348 1100 469 1168 Christi
498 1103 650 1182 reponio
687 1109 883 1184 perpetuum
908 1100 1093 1178 dnrutnro3
1121 1105 1157 1163 et
1178 1096 1235 1161 ulti

160 1212 278 1266 ereatura
301 1206 424 1279 omnir,
448 1204 570 1270 mulitia
598 1222 642 1270 ea
664 1213 828 1268 terrerum
849 1201 1118 1282 mendicentur,
1140 1200 1232 1263 rasti·

160 1303 245 1366 tuenda
257 1305 315 1368 erit
334 1306 365 1368 in
387 1305 483 1369 illum
505 1313 639 1381 statum,
662 1323 764 1385 quoa
786 1301 856 1368 Deo
870 1304 1012 1382 primum
1030 1298 1232 1373 conditam,

158 1405 247 1468 silicet
265 1407 293 1467 iu
306 1406 438 1472 locutus
461 1415 490 1470 st
515 1405 595 1470 cidit
617 1404 831 1470 moerorem
850 1423 931 1488 pone
945 1405 1075 1485 semu,
1094 1410 1124 1466 at
1141 1409 1234 1466 nent

159 1505 224 1566 utto
239 1504 321 1568 donn.

214 1605 339 1688 ideoque
361 1607 491 1672 taudem
513 1609 600 1672 haud
626 1609 712 1672 ultre
736 1607 918 1671 mirandum
939 1616 1006 1679 est,
1028 1606 1055 1668 si
1074 1602 1234 1684 Origenes

158 1715 179 1767 et
192 1726 251 1770 cnm
260 1727 297 1770 co
315 1729 340 1772 s.
355 1707 538 1788 Gregorius
558 1707 722 1793 Npssenus
736 1709 893 1773 adversus
915 1707 1161 1770 resurrectionis
1175 1705 1233 1769 ob·

158 1815 322 1886 trectstorer,
342 1811 515 1874 essentium
536 1827 728 1890 corpoream
748 1811 817 1876 slve
838 1809 1019 1890 protorum
1038 1810 1107 1872 stro
1119 1823 1233 1886 repro·

157 1909 241 1972 locun
261 1912 433 1976 universim
455 1913 487 1974 in
510 1911 620 1975 muudi
641 1911 830 1975 duodicim
856 1927 956 1990 opert
981 1916 1229 1990 reponet-atum,

156 2009 295 2090 allpnando
307 2012 448 2078 dixerint
455 2013 626 2094 pulchrum
640 2011 838 2093 quaudoque
847 2010 1062 2086 domnalius
1072 2009 1232 2081 decorum

156 2113 223 2174 nolo
238 2111 416 2192 pertesum,
433 2129 518 2176 nunc
536 2109 715 2192 spiritnlsm
729 2113 810 2176 elias
828 2112 959 2176 umam.
977 2109 1067 2176 llaec
1085 2111 1171 2174 enirn
1185 2118 1233 2171 at·

157 2214 247 2277 tolntr
265 2217 369 2279 cernis
392 2224 655 2290 resurrecturae,
677 2215 828 2278 eumdem
850 2213 1076 2294 pmelerelaut
1103 2230 1234 2276 sensnm

156 2330 181 2374 rc
196 2333 300 2396 corpus
319 2316 582 2395 incorruptiblle,
612 2314 808 2392 immortale,
830 2315 1113 2393 perfectissimum,
1133 2313 1231 2375 altari

155 2415 254 2494 torpori
272 2417 458 2497 oppositum
481 2414 623 2490 infirmo,
645 2415 791 2496 ignobili,
810 2415 953 2490 animali,
978 2422 1120 2488 terreno,
1142 2412 1230 2491 quod

155 2529 216 2576 nnnc
233 2517 384 2594 perium,
409 2516 457 2586 uti
478 2517 574 2580 docet
595 2515 773 2596 Apostolus
788 2517 819 2579 in
840 2516 937 2580 citata
961 2511 1117 2594 Epistola.
1129 2511 1232 2596 Cujus

156 2616 291 2677 sunmsln
304 2635 345 2679 eo
366 2617 486 2697 cupite,
503 2617 644 2680 themate
663 2621 823 2696 sumptos
845 2613 965 2680 Christi
980 2615 1232 2688 resurrectione,

155 2712 213 2776 illud
230 2718 410 2796 spectatam,
431 2717 527 2780 sicuti
548 2733 662 2796 nempe
683 2718 827 2780 omniunt
848 2725 882 2780 et
903 2715 1079 2780 universim
1092 2724 1231 2780 mortem

155 2812 311 2892 ultano,
333 2820 378 2881 its
401 2823 436 2880 et
456 2817 487 2878 in
508 2814 638 2880 Christo
658 2816 804 2880 omnium
832 2821 865 2879 et
885 2814 1064 2878 nnlrersira
1084 2831 1230 2877 resurre-

153 2914 273 2988 etlmu.
293 2918 448 2996 discipata
470 2917 605 2994 mellus,
627 2924 756 2982 etcum
776 2934 815 2979 ea
837 2915 922 2979 ritiis
942 2915 1091 2980 omnibns
1111 2915 1231 2990 carno,

153 3015 213 3078 idest
234 3018 437 3094 infirmitate,
459 3019 695 3098 corruptione,
716 3016 940 3096 tpnoutltute,
970 3017 1089 3096 quibus
1109 3017 1178 3096 ipsa
1202 3016 1235 3078 in

152 3119 437 3192 praevaricatoribus
457 3119 583 3198 generis
604 3119 735 3182 humaui
759 3119 946 3197 perentibus
966 3117 1081 3180 allecta
1103 3116 1231 3179 inerat:

151 3229 217 3278 praet
232 3217 310 3282 enim
331 3219 419 3295 rota,
440 3228 470 3282 ct
488 3216 606 3282 mortui
625 3229 791 3298 resorpsnt
811 3216 992 3297 immores·
1002 3259 1033 3280 ..
1050 3263 1057 3279 .
1076 3260 1084 3277 .
1102 3215 1143 3282 Bt
1161 3227 1237 3280 tnnc

150 3315 292 3395 lemno,
307 3319 365 3401 pei
385 3316 524 3399 scriptus
537 3328 593 3382 esc
615 3319 762 3399 absorpto
774 3325 819 3380 eat
831 3335 916 3380 mora
925 3315 964 3378 ia
978 3314 1126 3392 uictoria,
1139 3316 1232 3391 idest,
1319 3331 1324 3339 ·

152 3415 226 3497 luins
244 3423 354 3484 mortis
375 3437 474 3484 eausa
495 3419 628 3482 clcclto
647 3419 792 3494 sublate,
814 3437 900 3500 qnae
921 3425 1025 3482 totum
1045 3427 1236 3499 pervaserat

151 3531 226 3591 tenus
244 3521 423 3584 humanum
442 3520 484 3582 nb
505 3519 622 3586 Adami
643 3521 786 3600 culpem.

211 3617 249 3682 Et
267 3623 328 3686 lanc
349 3627 412 3698 est,
435 3621 473 3682 sd
495 3622 584 3701 qnod
605 3621 647 3682 ub
668 3622 767 3702 hujus
787 3621 995 3684 discursionis
1013 3619 1153 3684 exordio
1169 3639 1237 3682 mn·

153 3732 266 3798 mpero
285 3722 432 3784 animum
461 3721 608 3797 intendi,
639 3722 735 3784 telem
758 3721 902 3784 malitias
921 3721 1159 3801 dissipationem
1180 3740 1239 3801 per

154 3818 372 3900 prlinpenesinm
394 3822 462 3885 sire
493 3822 768 3902 regenerationem
789 3839 830 3888 eo
850 3823 921 3902 ipso
943 3835 1059 3886 rerern
1086 3825 1240 3903 temporis

154 3917 297 3986 nuriano
317 3921 531 3997 efficiendum,
548 3923 636 4002 quod
659 3924 743 3984 iuter
756 3928 895 3986 mortem
908 3928 943 3986 et
959 3921 1119 4003 judicium
1133 3925 1238 3986 norm

153 4019 244 4084 tinum
264 4024 371 4090 cedit:
395 4041 453 4086 ner
469 4022 625 4086 ullimode
646 4023 735 4085 ultra
758 4023 821 4086 hoc
842 4029 982 4103 tempusp
1004 4024 1054 4086 ati
1074 4022 1187 4104 plures
1207 4033 1240 4086 et

156 4131 271 4187 ceterum
293 4135 326 4190 et
348 4126 568 4189 recentiorum
589 4125 740 4188 illusione
769 4126 854 4204 copti
875 4125 1025 4186 arbitrati
1047 4132 1146 4197 sunt,
1167 4123 1238 4186 trr-
1311 4186 1314 4192 .

154 4226 201 4281 stra
221 4225 288 4288 ideo
314 4225 526 4306 reprobantes
547 4225 618 4304 pios
644 4243 683 4289 nc
704 4228 850 4290 sinceros
872 4227 971 4299 viros,
994 4224 1075 4285 hene
1091 4222 1185 4284 mlde
1199 4222 1240 4284 de

157 4314 268 4388 Ecclesia
290 4327 435 4392 memtna.
451 4324 497 4390 lle
514 4324 633 4406 quibus
649 4328 682 4390 ln
704 4327 796 4390 tortia
815 4324 913 4391 Parte
931 4323 1082 4406 specialis
1092 4322 1239 4388 instituc-
1367 4341 1371 4348 ·

155 4427 195 4483 tur
209 4429 361 4504 quaestio·
451 4457 456 4466 ·

468 4524 892 4588 *mu
