3375 5567
153 810 221 866 rates
238 803 415 884 praemisit,
445 800 565 867 docens
583 802 662 884 qsic
689 800 744 866 adi
770 799 847 881 fisis
878 816 942 863 soe
973 810 1039 878 cst,
1068 818 1125 864 esc
1148 819 1230 864 mm·

94 913 95 916 ’
150 902 280 984 moade
296 904 378 976 sito,
397 922 455 966 socc
472 902 736 984 circumscriptio.
757 903 875 967 Omnia
896 904 980 967 enim
1001 902 1089 967 Deus
1103 904 1241 966 crearit·

152 1026 197 1069 oon
212 1026 247 1070 ex
265 1008 403 1088 potentia
426 1014 551 1072 tautum
571 1013 630 1072 su'a
652 1005 798 1086 infinita3
818 1007 875 1069 sed
905 1025 947 1069 ex
967 1006 1121 1086 sapientia
1150 1022 1233 1086 quo-

150 1126 196 1188 qac
210 1126 261 1172 sua
280 1127 317 1173 ea
335 1109 497 1189 condidit;
517 1115 550 1171 et
569 1108 613 1171 ob
634 1108 696 1170 bue
715 1114 890 1173 creaturae
913 1125 977 1171 nun
996 1105 1102 1169 solum
1125 1104 1229 1167 intini-

150 1210 271 1272 tacitiim
285 1211 396 1273 virtuti
418 1210 614 1291 respondere
632 1206 804 1284 debebunt,
825 1206 881 1271 sed
895 1215 928 1270 ct
948 1207 1124 1287 sapientiae
1137 1220 1230 1279 suae,

148 1328 195 1388 qes
212 1312 357 1375 mendum
379 1314 545 1376 conditum
565 1312 767 1391 rogitatque
788 1310 958 1390 gubernat.

208 1410 409 1494 Quapropter
422 1413 482 1477 etat
495 1416 602 1477 omnia
618 1414 718 1493 possit
732 1409 824 1475 Deus
839 1411 1019 1476 secuudum
1034 1409 1132 1486 iilud,
1144 1410 1233 1491 quod

94 1549 96 1556 ,
147 1531 223 1597 sopra
241 1514 404 1579 debuitum
425 1521 497 1594 ost;
520 1513 728 1577 nibilominus
750 1513 783 1577 iu
803 1513 961 1576 mentium
981 1530 1040 1575 seu
1062 1512 1238 1575 rationabi-

149 1614 208 1677 tiun
220 1620 379 1681 creatione
388 1634 430 1679 ex
445 1616 601 1696 sapientie
615 1632 675 1679 sua
689 1614 817 1693 pariter
831 1612 951 1676 infinita
965 1631 1020 1677 eas
1035 1613 1125 1689 teuit,
1135 1628 1237 1693 quan-

94 1757 96 1760 -
149 1726 185 1776 tas
201 1718 335 1795 regimini
358 1716 580 1797 providentiae
599 1733 680 1778 sues
705 1714 939 1780 satisfacerent:
962 1714 1235 1794 quemadmodum

95 1848 99 1858 ·
147 1818 306 1882 dematcrie
327 1836 488 1898 corporea
505 1816 620 1880 deiude
639 1816 768 1889 scribit,
794 1823 913 1882 tautam
936 1816 1061 1888 iecisse,
1083 1823 1237 1895 quantem

148 1919 175 1977 at
191 1921 289 1983 mundi
304 1927 459 1984 ornatum
473 1938 515 1983 ex
529 1920 685 1999 sapientia
709 1938 771 1985 sua
784 1920 884 1983 sciret
903 1916 1054 1983 sufficere
1069 1934 1171 1996 posse.
1189 1916 1240 1980 ld·

148 2020 214 2083 circo
225 2023 254 2085 in
264 2021 428 2086 Genescos
440 2039 470 2085 c.
481 2018 511 2085 i.
524 2024 699 2101 potentium
715 2019 772 2084 bei
787 2023 819 2083 iu
842 2020 941 2083 rebus
955 2018 1156 2100 perficiendis
1171 2036 1238 2081 ma·

148 2121 248 2197 pidem
268 2121 493 2197 Adamantius,
507 2140 594 2203 quae
616 2124 676 2203 ipsi
698 2123 731 2185 iu
752 2122 863 2187 muudi
885 2122 1051 2185 creatione
1070 2128 1102 2183 et
1123 2119 1237 2183 ordine

150 2223 214 2285 tue
229 2232 327 2298 suut,
350 2224 441 2288 uuila
462 2222 651 2287 difficultate
674 2223 737 2284 rim
758 2222 831 2304 ejus
855 2220 1031 2285 veluntatis
1056 2220 1238 2295 inhibente,

148 2326 219 2385 sicuti
236 2336 268 2389 et
285 2326 477 2405 sapientiam
492 2344 586 2389 suem
602 2325 634 2388 iu
655 2325 890 2402 dispensatione
903 2333 936 2387 et
957 2322 1019 2385 fine
1034 2340 1145 2387 rerum
1166 2340 1241 2385 uon·

98 2471 100 2475 s
147 2424 270 2491 durum.
286 2427 322 2491 tn
342 2428 466 2507 quibus
479 2428 593 2507 utique
615 2426 773 2501 consistit,
794 2425 882 2505 quud
899 2430 945 2488 eit
961 2424 990 2485 in
1012 2422 1160 2504 praeiutu
1188 2440 1243 2503 pa·

150 2528 294 2606 numm:
317 2527 438 2604 «Quia
461 2529 517 2593 ubi
538 2528 608 2591 duis
628 2546 691 2589 uun
712 2535 774 2601 est,
797 2544 857 2591 nec
880 2526 1127 2605 comprehensio
1147 2524 1240 2600 ntia,

150 2645 192 2689 esc
207 2631 462 2709 circumscriptio
482 2648 552 2694 esse
572 2639 688 2709 potest.
706 2628 798 2692 »Ubi
821 2638 933 2693 autem
959 2646 1017 2691 neo
1039 2627 1107 2691 finis
1130 2626 1242 2701 tuerit,

149 2745 191 2791 asc
213 2733 469 2814 comprehensio,
491 2750 598 2812 neque
617 2732 891 2811 circumscriptio,
915 2732 1065 2809 sequitur
1086 2730 1170 2807 inde,
1192 2748 1246 2793 ue·

150 2846 196 2907 qes
207 2833 484 2913 dispensationem,
500 2849 606 2913 neque
622 2835 765 2913 regimen
779 2833 890 2896 locum
909 2832 1029 2895 bebere
1042 2832 1137 2914 juxta
1152 2850 1244 2895 suem

149 2933 308 3009 epimtiam
322 2941 359 2999 et
376 2934 624 3014 providentiam,
641 2953 706 3014 que
724 2952 778 2997 ees
801 2934 944 2997 condidit
958 2943 1126 2998 creetums
1149 2934 1245 2996 retiu-

151 3034 227 3109 otu,
239 3054 363 3119 easque
374 3037 629 3117 circumscripsit
642 3036 673 3099 in
688 3054 827 3100 numero
841 3045 875 3101 et
889 3054 1052 3101 mensure.
1069 3034 1110 3117 Et
1124 3035 1246 3099 idcireo

150 3139 281 3203 usitatis
298 3140 408 3203 rcrbis
421 3150 535 3203 contre
550 3137 685 3203 Celsum
698 3142 756 3203 aits
772 3138 900 3203 «Certe
915 3138 1017 3201 boum
1029 3138 1134 3201 omnia
1152 3156 1244 3218 posse

94 3289 95 3292 ,
151 3238 335 3320 pmitcmnr3
350 3241 406 3305 sed
421 3256 508 3321 quae
522 3249 640 3321 potest,
654 3241 748 3303 unito
760 3256 841 3305 sues
858 3239 1031 3303 divinitatis
1050 3240 1200 3303 bonitatis
1213 3248 1246 3302 st

94 3393 96 3399 s
151 3340 298 3417 epimtiae
314 3340 526 3416 detrimento,
546 3347 661 3421 potest
686 3360 702 3397 s

94 3467 95 3498 1
208 3441 285 3507 Cum
300 3460 404 3523 porro
424 3444 481 3505 eit:
498 3441 691 3507 ooteroiitcr
710 3460 818 3522 ocmpc
832 3440 991 3523 quidquid
1004 3440 1167 3523 infinitum
1180 3442 1248 3521 fras·

152 3538 191 3611 fit·
203 3554 229 3606 ct
244 3543 554 3624 incomprehensibile
567 3544 645 3619 crit,
662 3563 775 3609 sensus
791 3546 880 3608 illius
900 3546 1096 3625 explanetur
1114 3546 1146 3606 in
1159 3562 1188 3607 e.
1207 3540 1245 3604 V.

152 3640 300 3709 cistert
316 3644 376 3709 iii.
392 3646 536 3728 ejusdem
553 3645 770 3711 Periursdorsz
786 3668 803 3705 e
817 3646 925 3725 Siquis
937 3663 1031 3725 ergo,
1044 3645 1170 3721 scribit,
1185 3654 1245 3715 est,

153 3746 195 3817 qai
214 3747 406 3811 adversetur
425 3749 460 3810 iu
487 3748 547 3811 bae
568 3757 661 3829 purte
691 3749 741 3811 rei
763 3748 950 3812 auctoritati
982 3747 1171 3825 Scripturas
1192 3764 1248 3807 uo-

153 3854 233 3918 stris,
253 3851 303 3912 rel
319 3850 409 3920 tidei,
430 3850 631 3928 inquiremus
650 3850 693 3910 ab
711 3868 765 3923 eo,
787 3856 914 3921 utrum,
936 3848 1021 3911 dicet
1043 3846 1146 3910 Deum
1161 3864 1248 3909 com·

155 3947 332 4017 ttebeadere
348 3950 454 4013 omma
467 3968 573 4029 posse,
588 3968 630 4013 eu
644 3968 708 4012 nou
722 3947 840 4028 posse?
856 3947 896 4011 Et
915 3948 1023 4011 dicere
1041 3947 1170 4026 quidem
1186 3964 1248 4008 uon

99 4099 101 4104 -
156 4062 237 4125 torte,
258 4052 426 4115 manifeste
446 4052 582 4130 impium
601 4059 661 4115 est.
681 4051 713 4115 Si
738 4069 816 4114 sero
837 4050 936 4131 (quod
958 4066 1086 4113 necesse
1107 4047 1180 4121 esti,
1201 4048 1249 4107 di-

156 4152 232 4223 serit,
252 4155 329 4232 quie
357 4153 465 4217 omnia
488 4152 745 4231 comprehendit,
776 4157 938 4230 superest,
961 4158 997 4213 ut
1017 4168 1057 4211 eo
1077 4150 1161 4228 ipso,
1181 4167 1248 4227 quo

157 4256 359 4329 teuprsbendi
382 4261 527 4333 possunt,
545 4263 577 4316 et
599 4254 726 4317 initium
742 4254 863 4315 babere
884 4259 916 4315 et
931 4252 1037 4315 ionem.
1061 4248 1146 4313 Nam
1159 4250 1247 4329 quod

157 4354 259 4422 troitus
277 4357 346 4419 siue
366 4357 458 4419 initio
479 4357 551 4420 otto
564 4363 625 4428 est,
649 4354 882 4436 cumprehendi
898 4354 1027 4423 omuino
1048 4370 1111 4415 non
1134 4358 1248 4429 potest.

94 4485 95 4492 ι
159 4444 485 4537 inquantumcumque
504 4461 590 4521 enim
605 4477 640 4521 se
661 4456 845 4520 iotstteoms
860 4454 1055 4522 extenderit,
1077 4455 1107 4515 iu
1122 4461 1245 4515 tautum

159 4559 429 4635 comprehendendi
439 4558 577 4625 incultas
588 4560 656 4622 sine
669 4557 731 4621 tius
746 4556 957 4631 subducitur,
970 4562 1001 4617 et
1017 4554 1179 4629 diuersos,
1196 4553 1252 4615 ubi
