3375 5567
450 682 541 867 {aegis
561 783 724 860 Christum
742 793 789 849 et:
812 806 853 849 ex
874 785 1019 867 operibus
1038 786 1126 870 lepis
1147 807 1209 852 non
1225 789 1451 872 iustificabitur
1464 783 1554 850 omnis

451 905 537 949 coro.
562 885 735 950 Praeterea
758 906 820 949 uon
841 907 883 978 er
905 907 939 951 se
961 888 1003 953 ibi
1025 889 1175 970 loquitur
1197 891 1419 968 Adamantius,
1440 891 1490 953 aed
1517 909 1551 951 er

450 988 629 1051 infidelium
641 1008 698 1052 ore
712 1000 743 1052 ct
759 992 898 1054 maxime
911 990 1109 1072 iudaeorum
1127 1011 1190 1054 nou
1206 985 1406 1056 credentium
1422 989 1550 1062 Christo,

451 1091 507 1170 qui
528 1098 576 1154 est
598 1089 693 1153 Petra
709 1101 742 1154 et
759 1091 1032 1172 complementum
1056 1091 1169 1173 Legis3
1192 1104 1223 1156 et
1245 1093 1317 1156 ideo
1338 1105 1393 1156 eos
1414 1093 1553 1154 bortatur

451 1199 608 1254 nterea
630 1191 727 1255 Petra
749 1192 858 1255 bibant
880 1203 912 1257 et
935 1194 1079 1257 reficiant
1099 1198 1183 1257 sitim
1206 1214 1316 1270 suam,
1340 1204 1372 1258 et
1393 1195 1463 1257 inde
1479 1191 1552 1257 ride·

451 1293 516 1356 rint
529 1291 647 1372 Legem
665 1309 799 1357 serrare
814 1297 1089 1376 consequentiam.
1106 1295 1316 1376 Quicumque
1336 1315 1425 1371 sanc,
1441 1297 1494 1369 ait,
1510 1314 1554 1356 se·

450 1395 535 1457 uerit
555 1393 595 1454 ad
618 1391 747 1456 Petram
769 1393 961 1473 (Christum)
983 1413 1082 1476 qoam
1105 1395 1234 1482 Moyses
1257 1397 1405 1460 ostendet
1425 1397 1466 1471 el,
1489 1403 1553 1458 tonc

449 1494 511 1557 sibi
531 1500 781 1574 consequentem
803 1497 993 1575 probaverit
1014 1495 1141 1577 Legem.
1166 1497 1394 1563 Diversimode
1416 1499 1446 1560 in
1466 1499 1554 1558 iocre·

451 1595 589 1659 nolitote
610 1613 762 1672 maneos,
786 1595 883 1677 plura
907 1595 999 1677 Legis
1021 1599 1170 1662 mandata
1198 1609 1387 1676 scrutatus,
1412 1600 1554 1680 repererit

450 1699 725 1776 inconsequentia,
737 1697 845 1778 plura,
864 1699 1007 1778 inquam,
1021 1700 1051 1761 io
1067 1700 1185 1782 quibus
1197 1701 1466 1781 praesignabatur
1475 1699 1554 1764 Cbrl·

451 1803 533 1873 etus,
555 1814 630 1861 cum
652 1797 733 1860 nolit
749 1796 895 1882 lloysem
918 1800 1032 1863 docem
1054 1802 1094 1863 ad
1116 1801 1247 1864 Petram
1263 1800 1431 1865 Christum
1452 1801 1553 1880 scqul;

452 1916 491 1962 ac
517 1897 557 1960 de
578 1898 720 1962 lontibus
750 1898 929 1964 salvatoris
951 1899 1062 1965 bibere
1089 1919 1190 1982 aquas
1211 1903 1243 1964 ln
1275 1903 1376 1966 vitam
1404 1907 1553 1965 aeternam

450 1999 611 2062 salientes.
634 1999 782 2063 llelatire
804 2017 898 2080 ergo,
919 2018 1024 2081 neque
1040 2003 1189 2065 absolute
1211 2003 1349 2065 mosaica
1367 2000 1437 2065 ber
1452 2001 1555 2064 dicitur

450 2103 683 2182 inconsequens
704 2102 744 2162 ab
757 2101 909 2180 Origene.
926 2089 991 2165 Pro
1007 2103 1127 2166 infideli
1143 2105 1273 2185 quidem
1292 2105 1363 2167 talis
1378 2112 1428 2168 est
1444 2101 1506 2166 Lex
1519 2103 1555 2163 io·

452 2219 673 2281 consequens,
699 2200 774 2280 quia
796 2201 984 2280 imperfecta
1015 2204 1057 2265 ob
1078 2202 1299 2267 infidelitatem
1320 2221 1432 2267 suam:
1456 2219 1511 2282 pro
1528 2198 1555 2260 d·

452 2302 517 2366 dell
540 2321 618 2366 sero
640 2319 844 2382 nequaqnam
868 2303 929 2366 boc
951 2303 1012 2364 dici
1038 2312 1151 2384 potest.
1177 2303 1218 2368 llt
1238 2305 1276 2366 ad
1299 2305 1362 2368 hoc
1385 2305 1482 2367 vertit
1502 2301 1556 2364 dn·

452 2405 551 2467 ctoris
574 2421 672 2465 mens.
1251 2408 1254 2414 '

383 2583 393 2589 ³
532 2503 653 2588 Eadem
669 2506 801 2586 insuper
817 2505 942 2567 ratione
954 2506 1137 2568 successiva
1152 2505 1252 2587 ipsius
1267 2505 1485 2585 explanantur
1498 2521 1556 2566 cer·

452 2607 490 2667 ba
515 2605 545 2666 in
566 2602 707 2667 llomilia
733 2605 858 2680 altera,
878 2605 932 2667 ubi
957 2607 1088 2683 scribit,
1111 2625 1144 2670 se
1163 2606 1358 2671 crubescere
1379 2607 1503 2680 dicens,
1519 2611 1556 2666 u·

452 2707 500 2768 les
521 2706 645 2769 dedisse
675 2705 777 2768 Deum
799 2706 907 2785 leges,
932 2707 1108 2772 dummodo
1129 2708 1160 2770 io
1183 2709 1231 2772 bis
1255 2716 1379 2772 tantum
1408 2708 1511 2771 littera
1531 2713 1556 2767 et

453 2826 516 2870 nou
537 2809 683 2888 spiritns,
703 2807 886 2885 accipienda
909 2811 949 2870 sit
959 2829 970 2888 3
988 2829 1061 2873 com
1083 2811 1192 2874 littera
1208 2811 1347 2884 occidat,
1363 2811 1495 2890 spiritns
1509 2825 1555 2869 ao·

454 2919 518 2971 tem
542 2907 691 2971 vivificet.
717 2907 753 2970 ΕΙ
778 2911 808 2969 io
825 2908 885 2970 bac
907 2909 1126 2974 declaratione
1141 2912 1185 2974 nil
1209 2911 1296 2976 alind
1315 2913 1375 2974 sibl
1400 2911 1471 2974 cult
1486 2907 1555 2972 tes·

452 3011 613 3084 orantius,
636 3009 693 3071 uisi
718 3007 810 3071 Pauli
834 3009 979 3090 ejusdem
1001 3014 1092 3092 sequi
1117 3016 1420 3094 interpretationem
1444 3015 1476 3074 lo
1497 3011 1554 3080 bis,

455 3120 539 3191 quae
561 3113 605 3173 ait
626 3109 665 3171 ad
687 3108 818 3172 Galatas
841 3127 868 3171 c.
888 3107 926 3174 V:
943 3111 1045 3192 quise
1066 3112 1280 3188 circumcidit,
1297 3113 1395 3177 totius
1410 3111 1496 3193 lepis
1514 3111 1554 3170 de·

453 3209 535 3272 bitor
554 3219 600 3270 cst
611 3208 786 3288 sccieadce.
806 3207 847 3273 Et
861 3210 946 3274 inde:
962 3215 1114 3292 quoniam
1128 3212 1158 3277 el
1172 3215 1463 3290 circumcidemini,
1482 3209 1556 3277 Cln‘·

452 3321 518 3372 stes
546 3310 630 3372 citit
649 3310 734 3372 cobis
758 3310 912 3389 proderit.
938 3311 977 3375 Et
1007 3315 1084 3393 quid
1107 3315 1273 3379 mirumst
1296 3313 1389 3395 Legis
1411 3316 1554 3379 mosaicae

455 3415 629 3475 sanitatem
650 3413 717 3474 sine
738 3409 867 3475 Christo
893 3421 1053 3490 venturo,
1077 3416 1203 3496 legibus
1226 3434 1458 3493 romanorum,
1480 3417 1556 3480 atbe-

454 3516 631 3586 nieosium,
656 3513 972 3577 lacedaemoniorum
995 3521 1215 3596 postposuerit
1236 3519 1419 3600 Origenes?
1441 3517 1480 3583 Et
1500 3519 1554 3580 lor·

452 3626 537 3676 rasse
557 3614 588 3674 id
612 3613 774 3676 immerito
789 3615 912 3677 dictum
935 3617 976 3678 ab
990 3637 1029 3680 eo
1053 3619 1151 3682 luisse
1166 3637 1325 3684 nonnemo
1348 3621 1493 3686 dubitare
1509 3638 1554 3699 po·

455 3713 559 3776 terit'?
582 3711 724 3793 ldcoquc
746 3714 807 3776 boc
829 3715 917 3779 ducti
941 3719 1121 3794 ratiocinio,
1139 3737 1156 3782 e
1181 3721 1271 3784 libris
1288 3721 1437 3801 Origenis
1452 3736 1554 3786 eruere

456 3833 641 3895 possumus,
657 3833 719 3878 cor
739 3815 835 3894 plora
853 3815 974 3902 lllogsis
996 3827 1167 3900 praecepta
1189 3821 1423 3885 irrationabilia
1447 3819 1554 3884 voearb

455 3916 604 3978 absolute
625 3913 732 3994 quood
755 3913 895 3992 liguram
917 3917 984 3978 sine
1006 3916 1145 3997 figurato
1157 3939 1169 4000 3
1193 3921 1397 3984 rationabilia
1421 3940 1496 3985 rere
1512 3937 1554 3981 re·

455 4016 555 4077 latire
576 4013 615 4075 ad
638 4012 802 4076 Christum
822 4014 899 4094 jure
920 4017 1125 4096 existimarit,
1149 4023 1267 4102 qnippe
1282 4023 1314 4084 in
1336 4024 1411 4102 ipsis
1428 4019 1554 4102 imagini·

454 4116 515 4180 bos
535 4116 660 4179 sincere
681 4115 896 4194 designatum,
919 4125 951 4180 et
973 4125 1086 4199 utpote
1108 4118 1199 4201 Legis
1220 4123 1499 4202 complementum.

534 4213 581 4277 De
604 4214 737 4294 reliquis
761 4233 839 4277 sero
861 4215 1066 4294 dictionibus,
1082 4219 1113 4282 io
1135 4221 1253 4299 quibos
1274 4223 1429 4302 Origenes
1445 4223 1554 4302 penitus

454 4319 565 4398 abjicit
585 4318 740 4387 litteram,
762 4333 826 4378 non
851 4319 980 4380 ridetur
994 4321 1118 4398 pariter
1138 4323 1386 4401 exprobrandas
1407 4342 1456 4386 er.
1473 4339 1498 4400 g·
1517 4337 1551 4378 εἰ

325 4471 332 4481 .
457 4417 555 4481 Libro
578 4415 630 4478 tv.
657 4414 849 4478 Periereboo
872 4437 900 4478 o.
923 4417 974 4484 ll·
998 4441 1013 4479 a
1041 4421 1156 4488 Sedet
1183 4422 1467 4488 celebratissimum
1490 4417 1553 4484 Sale

460 4519 570 4580 nasum
592 4519 634 4592 ei,
657 4518 712 4598 qui
734 4524 887 4579 accurate
910 4521 1113 4599 perpenderit
1137 4523 1216 4586 baec
1234 4525 1343 4587 rerba:
1367 4523 1497 4586 sedebitis
1510 4521 1552 4580 do·
