3375 5567
219 814 376 892 Secumo,
396 833 471 880 eum
494 816 696 896 praemiserit
713 812 883 893 Origenes,
905 831 940 878 se
953 829 1017 876 nou
1029 810 1146 905 polum
1168 810 1255 874 alit·

158 923 215 978 tera
233 915 286 978 sed
308 917 404 980 stiam
425 935 446 978 o
465 915 584 995 sedulis
605 917 778 980 escendere
796 915 880 979 selle
900 913 940 978 ed
961 911 1140 993 spiritalem
1157 913 1257 974 iuter·

153 1019 361 1097 pretationem,
384 1017 453 1080 iere
473 1017 587 1080 eodem
600 1035 697 1081 seusu
718 1026 936 1097 exponentur,
952 1033 1049 1096 quem
1071 1014 1185 1079 indidit
1205 1013 1253 1077 lsi·

151 1119 255 1180 storias
276 1117 371 1195 Lotis,
394 1119 456 1182 sub
478 1119 541 1182 hoo
562 1119 689 1183 nomine
717 1118 993 1199 comprehendens
1020 1124 1052 1180 et
1074 1119 1247 1182 mosaicam

151 1220 355 1282 nutritionem
376 1238 415 1283 ac
437 1237 499 1282 una
521 1220 738 1284 hebraeorum
765 1219 952 1283 traditiones
973 1218 1013 1282 de
1028 1217 1141 1281 eodem
1157 1236 1253 1298 pera·

151 1319 199 1380 disi
218 1321 279 1382 situ
308 1323 443 1384 seorsim
468 1337 546 1384 vero
567 1338 585 1383 a
608 1322 696 1385 ialsis
726 1321 936 1395 commentis,
969 1317 1039 1382 Deo
1059 1319 1195 1400 indignis
1214 1337 1254 1384 ac

151 1420 298 1483 lomaoae
319 1423 437 1485 rationi
457 1422 653 1502 incongruis.
672 1421 752 1486 Etsi
774 1411 806 1486 iu
826 1423 925 1485 citato
938 1419 1086 1501 Origenis
1108 1424 1250 1487 testimo·

149 1521 308 1586 niomiuus
328 1523 419 1588 clare
443 1533 579 1601 constet,
595 1526 682 1606 quod
708 1526 872 1605 praemisi,
886 1524 1017 1588 aliunde
1043 1524 1252 1634 nihipminns

151 1619 233 1685 iaeile
251 1622 438 1699 deducitur,
459 1635 492 1688 et
513 1625 712 1706 potissimum
733 1645 752 1689 e
773 1625 871 1690 Libro
889 1625 941 1689 lv.
964 1646 994 1689 u.
1019 1624 1069 1692 39.
1095 1626 1251 1689 adversus
1329 1689 1339 1709 s

148 1720 277 1803 Celsum3
294 1726 350 1788 nbi
366 1727 447 1790 lineo
467 1727 579 1792 eadem
601 1727 792 1800 discutitur
812 1729 951 1807 emplius
971 1727 1115 1808 appellat
1128 1727 1169 1791 ed
1191 1728 1249 1790 hos

148 1821 178 1886 is
198 1821 340 1889 omnim
360 1831 608 1893 commentarios
620 1849 632 1907 3
646 1839 680 1892 et
694 1831 750 1892 nbi
771 1831 968 1908 amplissime
987 1837 1074 1908 patet
1094 1827 1184 1909 qnod
1205 1829 1253 1891 ait

148 1923 181 1988 de
199 1925 326 2004 fuimis,
342 1945 360 1990 a
375 1930 495 2008 quibus
518 1929 719 2005 ascenderet,
733 1947 845 1993 sensns
868 1930 1020 2009 spiritalis
1040 1928 1250 2008 investigandi

148 2045 254 2092 censs:
274 2038 320 2107 et,
343 2031 509 2110 quomodo
529 2029 687 2111 ejusmodi
710 2031 948 2094 narrationibus
966 2029 1151 2094 fabularum
1176 2030 1251 2092 titu-

147 2125 192 2190 lus
209 2129 381 2211 inscriptos
397 2130 509 2207 inerit,
527 2132 737 2212 dignoscitur.

216 2227 261 2294 lbi
282 2231 368 2294 enim
390 2230 561 2296 contutans
582 2231 736 2307 Celsum,
759 2235 814 2314 qni
837 2234 991 2296 historias
1020 2231 1183 2297 Geneseos
1203 2231 1248 2293 di·

147 2333 241 2394 cteriis
261 2333 434 2409 illudebat,
455 2335 579 2398 scribit:
603 2356 619 2392 ι
642 2333 804 2409 Quoniam
819 2335 934 2399 Celsus
954 2335 1051 2398 etiam
1069 2343 1251 2412 serpentem

147 2436 256 2497 comica
279 2435 450 2498 dicacitate
473 2434 603 2510 ridens,
626 2437 669 2496 ait
693 2436 788 2498 illum
805 2435 981 2515 praeceptis
1002 2433 1124 2497 domiui
1143 2455 1164 2497 o
1191 2433 1252 2496 liro

147 2531 218 2595 dotis
235 2537 439 2598 adversatum
453 2533 565 2616 fuisse,
581 2535 679 2615 idque
694 2536 837 2600 iehulam
854 2557 922 2599 esse
936 2539 1113 2610 existimat,
1127 2537 1169 2598 od
1183 2535 1254 2599 uni·

149 2631 186 2696 to
206 2653 310 2716 augus
333 2635 555 2715 ablegandum,
578 2648 610 2699 ct
624 2638 773 2701 consulto
801 2639 1028 2718 praetermittit
1052 2638 1250 2718 paradisum,

147 2753 232 2815 quem
253 2740 286 2799 iu
310 2735 399 2800 Edeo
418 2739 458 2798 ad
480 2737 646 2802 Orientem
670 2737 757 2802 licus
787 2741 948 2819 plantasse
971 2748 1191 2815 memoratur,
1215 2737 1252 2800 li·

148 2853 235 2916 gnum
255 2840 369 2913 etiem,
391 2840 477 2918 qnod
494 2839 535 2902 de
554 2841 655 2902 humo
678 2841 833 2919 produxit
856 2841 1031 2920 pulchrum
1056 2841 1126 2902 visu
1145 2883 1248 2902 .....

147 2939 264 3021 aliaque
286 2942 400 3004 eodem
423 2943 519 3005 modo
540 2951 684 3017 narrate,
707 2961 792 3022 quoe
813 2942 983 3004 condidam
999 2941 1157 3004 lectorem
1180 2959 1251 3020 pos·

147 3051 211 3103 sunt
231 3042 407 3115 inducere,
431 3049 468 3104 ut
488 3042 600 3105 credat
623 3043 829 3105 haecomnia
853 3059 916 3104 non
938 3042 1089 3104 indecore
1110 3041 1149 3102 ad
1173 3041 1253 3103 alle·

148 3145 259 3218 goriam
275 3142 405 3206 celerri:
422 3160 482 3220 ege
497 3144 576 3207 haec
597 3143 804 3206 conlocamus
820 3161 895 3206 eum
913 3145 962 3217 iis,
976 3160 1061 3222 quae
1075 3142 1161 3224 spud
1180 3140 1251 3204 Pla·

148 3249 242 3307 toncm
264 3247 297 3308 in
318 3243 487 3328 Symposio
509 3246 549 3308 de
570 3245 728 3325 Cupidine
749 3246 832 3307 dieta
855 3255 945 3319 sunt,
966 3253 998 3307 et
1013 3246 1171 3324 assignata
1193 3244 1251 3310 So·

147 3347 216 3407 erati
231 3355 269 3410 nt
282 3347 517 3426 elegantissima
533 3347 691 3421 omnium,
707 3364 793 3426 qnee
806 3365 843 3407 ee
861 3346 899 3408 de
916 3363 950 3407 re
966 3342 1020 3406 ulii
1035 3345 1067 3405 iu
1083 3345 1144 3407 hoc
1159 3343 1251 3429 Sym·

148 3448 227 3523 pusio
247 3448 370 3514 dicunt.
387 3445 439 3512 Slo
460 3458 508 3512 est
530 3447 671 3511 Platonis
691 3448 795 3510 loeus.
820 3447 902 3511 Cum
924 3454 996 3510 uate
1019 3454 1103 3509 esset
1118 3443 1249 3520 Venus,

147 3549 322 3611 cousinium
344 3549 616 3612 coucelebrarunt
636 3548 679 3610 dii
700 3555 761 3612 etc.
785 3567 802 3605 o

218 3647 253 3710 ln
275 3648 338 3712 doe
368 3649 468 3731 hujus
489 3649 684 3711 narrationis
714 3649 866 3727 sequitur
892 3646 1048 3728 Origenes
1080 3648 1248 3727 inquiens:

149 3767 163 3804 ι
183 3748 213 3811 lu
228 3752 308 3814 haec
329 3753 529 3831 quicumque
544 3750 726 3824 inciderint,
750 3751 775 3811 si
790 3748 875 3812 Celsi
899 3749 1052 3812 malitiam
1068 3750 1247 3824 imitentur,

146 3851 222 3926 quod
243 3871 260 3912 a
284 3853 465 3917 christianis
485 3852 588 3926 elisit,
611 3851 633 3913 ii
655 3851 842 3931 hujusmodi
874 3848 1017 3912 labulam
1043 3849 1246 3925 irridebunt,

148 3957 175 4007 ct
194 3949 357 4014 Platonem
385 3970 536 4031 magnum
559 3952 653 4015 illum
681 3953 787 4014 virum
811 3953 880 4014 risu
901 3951 1062 4030 excipient
1075 3995 1169 4012 .....
1195 3949 1251 4013 Αι-

148 4063 203 4123 uus
223 4052 306 4115 hanc
338 4049 481 4114 Platonis
503 4052 647 4114 iabulam
677 4053 773 4114 attuli
787 4095 796 4126 ,
820 4058 992 4132 propterea
1019 4051 1106 4129 quod
1137 4051 1252 4113 nortus

147 4142 239 4225 loris,
262 4153 303 4216 de
323 4170 390 4230 quo
412 4153 480 4227 ille,
495 4171 513 4215 a
531 4153 681 4233 parediso
702 4150 773 4227 Dei,
799 4150 893 4214 Pcuia
916 4168 933 4213 a
954 4157 1122 4232 serpente,
1147 4147 1251 4214 Porus

149 4247 257 4314 insidiis
278 4270 296 4314 a
321 4251 416 4315 Penia
438 4255 621 4332 appetitus,
643 4253 685 4314 ab
706 4252 835 4316 homine
863 4253 983 4315 insidiis
1003 4251 1160 4331 serpentis
1188 4253 1250 4314 cir·

148 4363 324 4427 cnmvento,
339 4373 403 4416 non
418 4353 559 4417 multum
580 4353 737 4418 abludere
759 4354 920 4415 sidentur.
942 4351 1015 4416 Non
1036 4353 1166 4416 omuino
1193 4370 1251 4417 en·

150 4454 205 4510 lem
223 4463 442 4533 compertum,
473 4471 514 4515 au
536 4454 616 4516 haec
638 4453 776 4516 iortuito
808 4451 934 4516 l’lntoui
954 4451 1181 4527 occurrerint,
1208 4470 1248 4514 au

149 4545 186 4622 ii,
205 4554 290 4631 quod
312 4555 497 4618 existimant
518 4553 677 4629 nonnulli,
700 4553 778 4618 dum
800 4557 833 4616 in
857 4556 1038 4634 Aegyptum
1067 4553 1268 4632 peregrina-⁶
