3375 5567
462 786 582 852 Filium
603 806 697 852 auom
716 785 752 849 ta
772 787 926 850 maedam
949 795 983 850 et
1004 787 1146 852 salvator
1165 788 1303 852 mandor
1318 807 1375 870 per
1394 791 1502 872 ipsura.
1523 793 1556 857 llt

460 909 536 952 sane
556 890 643 969 qnod
666 891 720 953 lrlc
740 889 836 952 docet
856 887 1013 970 Origenes
1033 889 1073 951 de
1087 887 1255 967 Oratione,
1277 890 1449 956 admodum
1470 893 1558 978 liqna·

457 992 605 1073 nologiae
625 1011 663 1055 ac
685 989 851 1072 Litnrgiae
872 992 1106 1055 ecclesiasticae
1127 1003 1293 1068 consonat,
1315 1011 1391 1056 eum
1412 995 1443 1056 iu
1462 999 1557 1076 qooti·

455 1091 557 1156 diaois
577 1091 867 1174 supplicationibus
881 1101 1008 1155 oretur:
1024 1091 1106 1154 Deua
1121 1091 1177 1174 qui
1189 1101 1244 1156 ete.
1259 1109 1316 1173 per
1329 1092 1494 1158 Βοιιιίιιιιιιι
1513 1115 1559 1160 nc·

455 1201 558 1256 atram
577 1191 685 1256 Iesum
709 1191 878 1256 cariatum.
896 1190 936 1256 Et
957 1193 999 1257 cb
1014 1195 1076 1257 hoc
1097 1195 1196 1274 paulo
1217 1203 1289 1275 post
1309 1195 1422 1277 adjicit
1442 1216 1501 1260 non
1519 1218 1561 1260 es·

454 1313 490 1359 ae
517 1295 677 1360 orandum
700 1293 843 1371 Filium,
869 1295 972 1360 sicubi
1003 1294 1150 1360 Pontifex
1181 1298 1378 1362 constitutus
1400 1306 1448 1362 est
1469 1317 1487 1362 a
1510 1299 1559 1362 l’a·

456 1405 529 1469 tre,
550 1403 583 1458 et
603 1395 752 1459 advocati
772 1395 859 1476 apud
881 1413 956 1457 anm
979 1413 1098 1458 mnons
1117 1397 1263 1477 accepit:
1294 1396 1352 1479 qui
1368 1397 1469 1478 poerit
1488 1419 1560 1462 com·

447 1497 520 1577 poti
533 1494 777 1576 infirmitatibus
790 1494 922 1558 nostrie.
939 1493 1008 1560 Nisi
1024 1497 1085 1559 lroc
1100 1505 1196 1574 esset,
1215 1495 1362 1562 Verbum
1377 1499 1437 1563 llei
1458 1501 1488 1563 in
1507 1501 1558 1563 hu·

454 1600 607 1663 maritate
626 1617 685 1662 sna
707 1615 766 1661 nec
787 1597 937 1661 Pontifex
960 1615 1018 1661 nec
1040 1595 1220 1673 Mediator,
1243 1617 1302 1666 nec
1324 1599 1509 1665 adventus
1529 1621 1556 1662 a·

453 1699 518 1780 pud
535 1697 664 1762 Patrem
685 1699 875 1761 haberetur.
892 1695 1101 1779 Quapropter
1114 1707 1186 1778 post
1206 1700 1287 1763 haec
1307 1705 1416 1766 omnia
1438 1703 1556 1766 conclu·

453 1802 521 1865 dit:
545 1823 562 1860 ιι
583 1798 672 1894 μόνῳ
688 1791 752 1895 pap*
774 1799 819 1895 τῷ
841 1792 940 1897 πατρὶ
964 1796 1024 1892 ptr
1046 1796 1127 1891 ἒμόυ
1146 1792 1204 1870 καὶ
1221 1798 1256 1871 dl
1272 1799 1354 1894 apae
1374 1800 1557 1896 ἀναπεμτέιν

451 1899 538 1975 lucia
562 1902 642 2000 ὑμῖν
664 1903 850 2008 προσευχήν
871 1907 891 1968 i.
906 1926 936 1969 e.
953 1905 992 1968 ad
1015 1908 1121 1969 solnm
1137 1909 1220 1970 enim
1238 1907 1369 1972 Patrem
1392 1927 1514 1974 meeum
1529 1915 1557 1970 et

452 2021 513 2084 per
534 2023 585 2068 me
606 2007 771 2087 dirigenda
792 2025 810 2070 a
835 2007 924 2070 vobis
946 2009 1131 2071 coloratio.
1154 2027 1170 2064 ιι
1194 2007 1236 2070 Et
1256 2011 1329 2088 quis
1362 2012 1473 2090 itaque
1489 2009 1555 2090 jure

448 2123 512 2168 non
535 2108 686 2186 miretur,
701 2109 788 2190 quod
810 2109 960 2189 Origenis
973 2109 1151 2172 adversarii
1167 2112 1290 2175 sincera
1314 2111 1417 2193 ipsius
1438 2112 1553 2192 dogma·

450 2215 479 2269 ta
496 2207 655 2285 lalsariut,
671 2230 729 2275 sen
752 2211 826 2274 data
842 2229 955 2293 opera,
977 2229 1036 2274 sen
1059 2210 1144 2274 hand
1161 2211 1260 2293 ipsius
1281 2221 1424 2276 mentem
1441 2232 1553 2277 assern-

447 2310 492 2389 ti,·
514 2329 551 2373 ac
572 2311 672 2375 ceteri
693 2311 807 2375 deinde
827 2313 918 2376 inscii
955 2311 1030 2375 lauic
1052 2311 1212 2374 lalsationi
1234 2311 1480 2378 consenserint?
1499 2311 1552 2376 Ne·

447 2429 535 2474 cesae
562 2431 639 2476 sane
659 2412 773 2476 luisset
792 2413 857 2490 eia,
882 2432 920 2476 na
942 2413 1101 2494 quaedam
1129 2413 1355 2477 tantummodo
1387 2414 1484 2478 rerba
1503 2431 1549 2476 ao·

446 2521 563 2589 tarent,
585 2532 691 2594 neque
712 2515 840 2577 diverse
861 2514 902 2577 ab
923 2515 1072 2595 originali
1094 2513 1324 2589 traducerent,
1349 2533 1411 2578 nec
1431 2531 1550 2597 acopon

447 2615 659 2695 transigerent
672 2615 840 2693 Auctoris,
867 2634 926 2680 nec
948 2617 1053 2679 multo
1075 2617 1180 2680 minus
1195 2617 1309 2679 oculos
1330 2615 1548 2680 clauderenta

444 2716 625 2781 novissimis
639 2719 927 2799 argumentationis
948 2736 1027 2782 suaa
1045 2717 1161 2780 verbis.
1179 2715 1290 2793 Quare
1311 2717 1385 2781 sive
1399 2717 1504 2789 notos,
1516 2715 1550 2777 ai·

447 2835 486 2879 re
507 2819 685 2899 ignorantia
702 2820 888 2884 denudatur
899 2829 1152 2898 accusatorum
1169 2837 1208 2881 ax
1231 2835 1298 2898 quo
1312 2817 1449 2899 limpide
1462 2817 1546 2880 dicit:

443 2920 486 2980 od
498 2920 601 2982 coium
620 2919 746 2983 Patrem
761 2939 880 2984 mecum
901 2931 928 2983 et
938 2939 997 3002 per
1011 2941 1057 2986 me
1071 2919 1241 3000 dirigendo
1256 2939 1277 2980 a
1290 2918 1377 2982 vodio
1392 2919 1546 2982 ordinm.

441 3019 595 3087 Ceterum
619 3022 815 3085 vocabulum
843 3019 971 3115 μήποτε
989 3025 1124 3106 [ortonae
1146 3021 1235 3084 initio
1265 3019 1445 3086 locutionis
1464 3023 1548 3084 inser·

443 3140 511 3195 tom
533 3131 574 3194 ab
594 3128 755 3211 Origene,
778 3128 957 3194 nullimode
978 3124 1211 3206 a'liseoplrilo,
1234 3140 1292 3186 nec
1313 3139 1330 3184 a
1356 3125 1473 3204 quovis
1491 3120 1544 3181 alio

442 3232 681 3314 transigendum
703 3229 891 3295 craticiis
912 3228 994 3292 enim
1016 3225 1146 3290 omissio
1166 3226 1249 3288 hano
1272 3223 1425 3306 praebuit
1445 3222 1545 3286 adrer·

440 3339 533 3399 aeriis
555 3333 703 3414 Origenis
723 3331 929 3397 insimulandi
950 3332 1164 3394 occasionem.

520 3435 578 3501 llis
598 3438 727 3500 interim
751 3437 797 3498 sio
818 3433 962 3498 excussis
991 3433 1032 3494 eb
1053 3431 1215 3510 Origene,
1239 3428 1340 3510 lanius
1362 3425 1544 3509 quaestionis

440 3536 780 3618 ipse'cansamdici13
813 3551 1014 3616 precumque
1037 3531 1167 3595 modum
1196 3530 1361 3609 designat,
1388 3529 1540 3610 inquiens:
1586 3595 1587 3601 ἵ

438 3661 455 3699 ιι
477 3635 566 3702 llaec
586 3655 664 3718 ergo
686 3637 802 3700 dicenti
825 3635 904 3698 lesu
926 3633 1137 3706 attendentes,
1156 3627 1259 3694 Oeum
1281 3647 1342 3711 per
1363 3631 1541 3712 ipsnmorc·
1585 3685 1586 3693 ,

438 3759 533 3816 moa,
556 3740 707 3820 idemque
728 3739 873 3801 dicamus
894 3753 1004 3799 omues
1026 3751 1130 3814 neque
1151 3732 1191 3796 de
1212 3733 1369 3796 orationis
1391 3731 1484 3795 modo
1502 3727 1540 3789 di·

439 3843 509 3907 risi.
533 3843 583 3905 An
605 3859 668 3905 non
689 3839 780 3902 divisi
803 3839 947 3914 erimus,
970 3839 996 3899 si
1017 3836 1073 3898 alii
1096 3835 1244 3909 Patrem,
1268 3833 1322 3895 alii
1345 3849 1476 3896 oremus
1498 3827 1539 3890 li·
1583 3849 1584 3875 ι

435 3941 551 4009 lium?
574 3940 720 4006 incidunt
741 3940 824 4004 enim
848 3957 906 4022 per
937 3938 1066 4003 nimiam
1088 3935 1326 4016 simplicitatem
1362 3935 1394 3996 in
1416 3932 1539 3996 stultum
1582 3945 1583 3967 ι

436 4047 560 4126 peccati
581 4062 696 4124 genus,
710 4045 780 4123 qni,
802 4042 901 4106 rebus
917 4059 980 4105 non
994 4040 1142 4119 expensis
1155 4043 1189 4101 et
1209 4035 1415 4111 examinatis,
1431 4031 1537 4096 Filium
1581 4047 1582 4059 ¹

434 4156 530 4210 orant
549 4146 618 4210 aire
639 4163 713 4209 cnm
735 4143 844 4222 Patre,
866 4144 935 4206 sire
955 4143 1023 4206 sine
1047 4139 1152 4203 Patre.
1172 4159 1187 4196 o
1205 4135 1327 4202 Verum
1352 4144 1390 4200 nt
1412 4131 1537 4199 alterins

436 4249 571 4311 unisona
585 4247 681 4310 sicuti
702 4254 734 4308 et
747 4245 871 4307 sincera
895 4245 1017 4324 ubique
1038 4241 1116 4306 tides
1130 4239 1278 4320 Origenis
1299 4231 1537 4319 compreneoda·
1578 4319 1579 4333 ἵ

435 4349 539 4418 turin
561 4347 620 4410 hac
641 4364 691 4424 re,
714 4363 751 4409 ea
772 4345 893 4419 adsint,
916 4362 1001 4424 quae
1023 4349 1134 4406 contra
1150 4339 1280 4407 Celsum
1297 4337 1396 4402 Libro
1412 4333 1450 4398 V.
1469 4350 1496 4394 n.
1509 4325 1535 4393 l·
1577 4391 1578 4425 ,

435 4449 600 4530 disputans
617 4448 702 4511 circa
719 4465 853 4529 precum
869 4445 1120 4510 christianorum
1143 4442 1290 4507 ordinem
1305 4439 1434 4505 cambit:
1449 4455 1466 4494 ιι
1479 4428 1534 4494 eoi
1576 4483 1577 4517 ξ

437 4566 516 4612 sero
538 4547 657 4627 angeli,
680 4564 795 4628 quasa
818 4566 880 4612 suo
902 4543 1008 4610 ollicio
1028 4533 1074 4610 sic
1095 4543 1275 4627 appellatos
1295 4537 1472 4610 didicimus,
1493 4525 1534 4592 lin
1575 4585 1576 4609 ,
