3375 5567
435 796 525 857 bisve
552 795 721 860 destinata.
744 793 981 861 Tantummodo
1010 795 1188 879 Apostolus
1207 796 1239 861 io
1272 792 1414 879 Epistola
1438 798 1478 865 ΙΙ.
1499 799 1535 865 ad

435 895 641 960 Timotheum
661 915 690 961 o.
712 895 754 961 lt.
776 899 931 963 etaltera
954 898 993 961 ad
1016 896 1125 962 Titum
1147 919 1175 964 c.
1199 898 1223 961 Ι.
1246 898 1379 978 torpeat
1398 901 1481 965 ottae
1492 924 1538 966 ee·

348 1018 351 1022 ·
434 1009 557 1072 tertiae,
577 1017 675 1078 quam
691 997 853 1079 promisit,
875 998 934 1078 qut
954 1016 1019 1061 nott
1039 999 1203 1074 mentitur,
1220 998 1301 1063 tiene
1320 1010 1393 1065 eote
1406 1011 1537 1085 tempora

434 1097 615 1174 usauria,
638 1118 702 1164 ooo
721 1100 828 1163 aotam
850 1101 891 1162 de
912 1100 1026 1165 tuturo
1047 1102 1128 1164 illud
1152 1103 1347 1167 vocabulum
1368 1105 1467 1179 dicit,
1487 1106 1537 1167 sed

434 1200 530 1263 etde
551 1202 741 1280 praeterito;
762 1218 838 1263 eom
854 1198 953 1277 Deos,
969 1211 1142 1283 antequam
1163 1211 1269 1267 essem
1290 1214 1435 1287 tempora
1455 1224 1541 1270 seeo·

436 1302 539 1378 taria,
561 1301 644 1363 idest
671 1320 746 1365 eum
768 1302 878 1366 adhue
906 1303 1046 1367 mondus
1068 1322 1129 1369 ooo
1158 1312 1261 1382 asset,
1283 1314 1437 1371 aeternae
1460 1310 1540 1369 ritae

437 1404 580 1484 praemia
595 1403 778 1484 spopondit,
790 1422 853 1466 noo
870 1412 995 1485 tompus
1016 1405 1071 1469 sed
1088 1424 1172 1479 rem,
1184 1422 1269 1486 quae
1283 1417 1331 1471 est
1351 1408 1540 1488 intempore

437 1505 481 1568 tot
502 1505 655 1568 iadieaos.

516 1605 578 1671 Sed
599 1607 678 1686 qaid
694 1606 835 1703 aegiptius
849 1616 961 1670 contra
977 1608 1175 1673 catholicum
1190 1607 1303 1690 dogma
1320 1610 1410 1684 iaoit,
1421 1612 1449 1675 si
1463 1609 1542 1673 dda-

438 1708 577 1772 maotioa
598 1726 700 1788 prope
720 1706 905 1788 Scripturas
921 1706 1046 1773 Veteris
1060 1707 1267 1785 Testamenti,
1292 1711 1388 1774 rerba
1403 1710 1440 1775 ia
1453 1720 1543 1775 eeter-

436 1827 515 1871 ttuoi
534 1807 571 1870 ia
590 1809 732 1872 secatam
751 1808 851 1872 senti
870 1810 1059 1890 explanans,
1081 1828 1117 1873 ea
1140 1811 1315 1891 aliquando
1338 1820 1465 1894 tempos
1480 1812 1543 1876 tioi-

437 1918 520 1985 tom,
534 1909 731 1990 quandoque
741 1910 901 1975 indoitom
922 1913 1106 1990 exprimere
1118 1909 1305 1976 affirmarit?
1315 1912 1348 1975 td
1363 1930 1440 1976 sane
1452 1914 1544 1977 inter·

437 2021 671 2090 pretesomnes
691 2018 862 2073 senserunt
876 2027 914 2074 ae
937 2010 1089 2073 docuere.
1114 2007 1202 2073 Nitrit
1223 2000 1302 2090 ergo
1324 2012 1385 2075 hoc
1405 2013 1543 2093 dogmati

435 2112 478 2175 de
492 2129 658 2191 nunquam
673 2111 825 2175 desituris
844 2112 1012 2193 suppliciis
1023 2110 1133 2187 officit,
1146 2130 1223 2177 eom
1239 2113 1305 2191 ipse
1319 2115 1396 2177 satis
1406 2115 1544 2194 satisque

436 2214 608 2293 perspicae
627 2228 756 2276 seotom
776 2229 874 2274 soum
895 2212 935 2277 do
961 2230 1001 2276 eo
1024 2211 1185 2277 vocabolo
1206 2212 1433 2293 explanaverit
1462 2215 1543 2279 eirea

436 2314 589 2383 totorum
611 2314 776 2377 homioom
797 2320 931 2390 atatam,
945 2320 978 2376 et
999 2314 1245 2378 retribationem
1266 2316 1312 2378 eis
1332 2314 1492 2379 detritam:
1508 2333 1545 2379 aa

437 2414 642 2495 potissimam
664 2431 740 2478 eum
762 2432 845 2494 opos
867 2423 1000 2496 urgeret
1014 2415 1054 2481 do
1074 2432 1113 2479 oa
1133 2433 1171 2481 re
1191 2414 1379 2496 disserendi,
1400 2434 1440 2481 ae
1453 2416 1545 2480 dubia

436 2516 641 2581 sastottendi.

519 2614 562 2680 Et
583 2634 619 2678 re
646 2615 777 2695 quiden
792 2633 881 2690 vera,
903 2616 1045 2696 primum
1065 2616 1101 2681 ia
1111 2614 1256 2698 Epistola
1271 2614 1487 2681 adlimam
1500 2614 1547 2681 Li·

436 2718 497 2780 tiro
519 2714 574 2779 vi.
590 2714 621 2781 5.
639 2714 670 2781 6.
693 2715 842 2798 Apostoli
858 2718 959 2780 verbo
971 2720 1201 2799 interpretatos
1213 2741 1222 2782 a
1234 2736 1322 2783 aaut
1341 2736 1413 2781 aero
1424 2716 1545 2781 liberm

434 2838 457 2880 o
475 2827 615 2898 peceato,
634 2816 840 2881 servientem
860 2817 940 2898 forti
963 2817 1035 2895 Deo,
1058 2818 1336 2901 mainfredum
1356 2829 1494 2885 oeatrm
1512 2816 1547 2881 ia

436 2916 724 2999 sanctificationem,
741 2921 837 2999 finem
856 2938 928 2982 aero
947 2918 1046 2983 ot'tom
1065 2930 1240 2999 aeternam,
1259 2922 1302 2987 ita
1323 2921 1487 2986 scribite«
1502 2918 1546 2983 De

440 3020 504 3082 rita
519 3028 628 3082 autem
645 3029 789 3094 aeterna,
805 3019 953 3097 quamvis
967 3027 1000 3081 et
1019 3021 1050 3082 io
1067 3020 1139 3084 aliis
1151 3021 1230 3085 toois
1242 3038 1337 3101 saepo
1353 3039 1372 3085 a
1393 3023 1485 3086 nobis
1503 3021 1547 3083 di-

438 3129 528 3185 etum
547 3122 603 3194 ait,
626 3129 731 3183 tamea
750 3127 785 3182 et
802 3120 836 3181 io
857 3120 1016 3199 praetenti
1032 3121 1175 3185 breviter
1195 3122 1546 3203 perstringendomeat

437 3221 526 3301 quod
547 3220 720 3284 aeternitas
741 3221 772 3283 in
796 3220 973 3303 Scripturis
992 3223 1170 3302 aliquando
1191 3239 1251 3304 pro
1272 3240 1312 3285 eo
1335 3231 1493 3303 ponatur,
1514 3229 1548 3284 ot

421 3325 471 3387 *io
492 3325 652 3404 praesenti
672 3320 805 3403 quidem
824 3324 938 3387 secuto
959 3323 1054 3387 doem
1076 3342 1139 3387 noa
1162 3324 1290 3399 habeat,
1312 3324 1430 3387 habeat
1445 3332 1549 3388 tamen

438 3427 470 3487 ia
483 3425 609 3489 tuturo.
624 3422 808 3504 Aliquando
831 3420 983 3505 teinporis
995 3424 1148 3505 aiicujus,
1173 3426 1223 3489 rel
1238 3426 1335 3489 etiam
1355 3426 1438 3489 ritae
1456 3426 1549 3488 unios

439 3526 576 3588 hominia
596 3526 737 3606 spatium
757 3526 931 3589 aeternitas
951 3524 1152 3604 appettator,
1174 3534 1211 3589 ut
1232 3535 1279 3589 est
1301 3526 1383 3589 titud
1413 3527 1445 3587 io
1469 3522 1550 3603 Lego

437 3628 595 3707 seriptum
617 3625 657 3689 do
670 3642 767 3689 serto
786 3623 982 3691 hebraeotsi
1001 3625 1162 3703 dilexerit,
1179 3628 1298 3707 inquit,
1318 3644 1448 3691 eamear
1462 3642 1551 3689 soom

436 3738 470 3788 et
489 3725 573 3806 filios
592 3744 685 3799 saon
706 3734 734 3787 et
751 3742 936 3805 permonere
949 3726 1084 3791 aetnam
1102 3727 1138 3792 ia
1152 3727 1302 3807 serpitate
1318 3736 1449 3811 propter
1469 3726 1551 3807 ipsos

439 3827 568 3904 sudata,
588 3827 704 3907 inquit,
720 3830 891 3909 pertendes
911 3848 1020 3893 eorem
1040 3830 1107 3910 ejus
1127 3829 1164 3892 ia
1180 3841 1280 3910 porte,
1302 3838 1330 3892 et
1342 3829 1403 3893 m't
1422 3828 1480 3893 tidi
1492 3844 1553 3889 aer·

440 3948 499 3993 eus
519 3931 555 3991 ἐκ
575 3938 746 3995 mutuom.
768 3929 948 3995 Aeternum
970 3932 1023 3994 hto
1042 3933 1111 3994 aiae
1133 3930 1232 3995 dubio
1248 3940 1376 4013 tempus
1392 3932 1474 3994 vitae
1498 3932 1552 3991 tro·

438 4033 532 4095 minis
553 4032 672 4111 posuit.
696 4028 737 4094 Et
757 4032 878 4095 iterum
898 4032 929 4094 io
945 4029 1139 4096 Eootesiaata
1159 4032 1290 4095 dieitur-r
1316 4028 1476 4111 pancratio
1496 4048 1550 4091 oa·

438 4129 501 4207 dit,
523 4141 552 4197 et
570 4129 731 4211 amatio
749 4128 855 4205 oeait;
876 4139 961 4195 terro
981 4140 1082 4195 autera
1101 4129 1138 4194 ia
1158 4139 1320 4193 aetenam
1333 4140 1407 4194 etet:
1433 4132 1487 4194 tite
1503 4148 1553 4192 ee·

435 4243 561 4296 ternam
576 4233 751 4315 praesentis
760 4232 863 4297 seond
879 4242 1006 4313 tempus
1019 4233 1168 4296 ostendit.
1185 4229 1248 4297 Ubi
1264 4250 1342 4295 vero
1362 4233 1440 4295 dieit
1453 4229 1551 4293 ettam

437 4343 611 4409 odernam,
626 4334 667 4396 ad
688 4333 770 4397 ittod
791 4334 1012 4413 aspiciendam
1033 4341 1081 4397 est
1102 4334 1271 4415 qoodipse
1291 4332 1442 4399 Salvator
1456 4334 1547 4395 dixit:

303 4517 306 4523 Ι
437 4435 513 4497 taoee
522 4446 567 4496 eat
578 4444 683 4498 ouum
695 4434 763 4498 aito
773 4445 915 4511 aeternat
927 4442 964 4497 ot
976 4445 1165 4514 eopaeseeet
1174 4444 1202 4499 te
1211 4436 1312 4499 aotam
1320 4452 1428 4498 vaura
1441 4432 1549 4505 mum,

440 4545 470 4599 et
488 4554 578 4617 qoem
597 4532 713 4601 moed
730 4532 835 4601 Muri
857 4532 1027 4600 Christusne
1048 4544 1082 4601 et
1101 4537 1244 4605 iterante
1266 4554 1320 4617 epo
1336 4554 1406 4600 rom
1427 4532 1502 4612 oio,
1524 4542 1551 4594 et
