3375 5567
140 784 245 849 earet?
264 784 346 866 Eget
362 786 508 868 uliquis?
524 790 644 863 timeat,
661 805 699 851 aa
718 786 849 868 furator
863 788 953 867 ierat
970 802 1083 849 moa
1096 784 1236 851 Domini.

139 886 224 953 [lires
238 888 310 953 ost?
327 907 366 953 ne
380 908 516 955 securos
528 894 570 955 sit
578 911 590 972 3
607 898 710 971 potest
724 891 806 953 enim
822 888 988 953 abandons
1001 890 1237 981 menduxlbart,

139 997 166 1052 et
182 990 283 1053 elatus
303 990 432 1055 dicere:
454 988 526 1073 pais
546 1008 592 1053 ms
612 985 726 1053 videt?
747 990 796 1055 bc
810 1008 850 1053 nc
866 988 988 1055 Paulus
1001 992 1133 1074 quidem
1146 992 1237 1056 dirce

137 1090 266 1154 inomni
287 1091 386 1155 verbo
407 1099 440 1156 et
459 1095 545 1157 omni
565 1092 719 1171 seientia,
742 1092 892 1155 immanis
913 1099 961 1155 est
984 1110 1003 1155 a
1033 1093 1183 1172 periculo
1202 1110 1238 1157 sc

137 1192 303 1255 extollendi
323 1194 364 1256 de
384 1195 432 1258 bis
452 1204 486 1258 ot
508 1196 679 1277 peccandi:
701 1195 755 1258 sed
781 1194 903 1275 indiget
930 1195 1063 1258 stimulo
1083 1206 1237 1270 satanae,

137 1297 185 1373 qui
204 1312 237 1358 ac
258 1295 440 1376 eolapbirct
460 1312 499 1360 ue
520 1296 711 1361 extollatur.
735 1296 775 1359 Et
794 1297 895 1377 siquis
910 1298 990 1361 beuo
1010 1300 1156 1363 conscius
1177 1299 1238 1361 sibi

135 1397 180 1472 sit,
201 1403 232 1459 et
254 1398 339 1459 mala
360 1397 522 1478 effugerit,
545 1400 632 1479 legat
652 1399 739 1480 quod
760 1398 793 1461 in
812 1400 955 1463 secundo
969 1398 1238 1481 Paralipomenon

136 1498 305 1563 liettardo
325 1498 474 1578 Erecbta,
491 1502 547 1581 qui
568 1501 707 1564 elatione
727 1500 832 1564 cordis
853 1502 1004 1565 cecidisse
1025 1511 1189 1566 narratur.
1204 1548 1236 1565 ..

205 1598 335 1681 «Ergo,
350 1609 499 1683 utsupra
513 1601 634 1685 dictum
651 1609 710 1677 est,
726 1600 826 1664 omnis
841 1600 979 1665 bominis
991 1601 1059 1665 cito
1072 1620 1166 1683 uapor
1178 1611 1240 1666 trr-

134 1720 195 1763 rcas
214 1702 347 1767 carario
365 1713 420 1766 est.
444 1701 555 1780 Quare
576 1722 707 1768 oramus
727 1720 746 1767 a
768 1707 942 1769 tentatione
954 1704 1100 1783 liberari,
1117 1722 1181 1768 non
1194 1706 1238 1769 ita

134 1820 167 1865 oc
186 1809 350 1867 tentemur
369 1803 452 1883 (fieri
473 1805 557 1869 enim
579 1804 611 1869 itl
633 1823 695 1868 nou
717 1812 843 1885 potest,
866 1804 1007 1871 maxime
1034 1822 1110 1869 eum
1136 1821 1238 1883 super

135 1906 375 2003 terram'simus)
389 1905 445 1969 setl
460 1924 499 1969 ue
517 1908 629 1969 tentati
639 1906 890 1971 succumbamus
903 1951 912 1968 .
926 1952 956 1969 ..
974 1904 1099 1969 aarum
1114 1913 1147 1968 et
1157 1905 1238 1968 bueo

136 2015 166 2069 ut
184 2008 373 2083 ostendam,
396 2009 523 2072 nullum
545 2026 614 2071 essa
635 2008 817 2072 bominibus
840 2016 965 2089 tempus
989 2009 1162 2072 tentatione
1184 2024 1239 2070 va·

134 2126 234 2172 cuum.
257 2106 309 2173 Ne
330 2108 385 2172 ille
406 2110 556 2189 quidem,
579 2110 635 2190 qui
657 2110 760 2190 legem
782 2107 909 2173 Domini
932 2110 1106 2173 meditatur
1125 2109 1177 2173 tlie
1196 2125 1235 2172 ao

134 2220 228 2290 noete,
252 2220 286 2276 et
306 2210 432 2275 efficere
453 2222 592 2276 conatur
613 2213 700 2293 quod
723 2212 843 2275 dietum
865 2220 935 2275 est:
958 2229 992 2274 os
1005 2210 1089 2292 justi
1106 2208 1237 2275 medito-

133 2310 207 2375 bitur
225 2310 430 2393 sapientium,
451 2330 468 2374 a
491 2312 665 2376 tentatione
688 2314 840 2376 immunis
861 2319 953 2375 est.»
977 2312 1020 2376 lit
1037 2314 1236 2378 haecomnia

135 2422 235 2479 contra
257 2414 420 2495 praelatas
441 2433 467 2477 s.
492 2413 681 2499 Hieronymi
703 2415 962 2489 criminationes,
985 2413 1103 2496 quibua
1123 2413 1238 2496 Orige-

136 2534 197 2579 oem
219 2534 282 2579 ceu
304 2524 466 2578 errantem
488 2517 625 2596 impetit.
737 2521 741 2532 '

202 2614 416 2694 Quapropter
430 2632 657 2695 quaecumque
668 2614 875 2697 aitOrigenes
888 2616 928 2679 de
940 2615 1137 2696 perfectione
1151 2617 1238 2680 olari·

133 2716 221 2778 stiaua
241 2716 339 2798 juxta
362 2714 487 2777 Domini
515 2716 612 2778 rerba
634 2715 672 2778 ad
695 2717 951 2779 adolescentem:
975 2716 1004 2780 si
1020 2717 1069 2780 ais
1084 2720 1240 2799 perfectus

133 2834 193 2892 esre,
214 2817 307 2893 code,
333 2816 428 2878 vande
448 2835 528 2897 quac
548 2816 649 2892 bobes,
671 2827 699 2879 et
719 2818 762 2880 du
778 2817 987 2897 pauperibus,
1001 2827 1030 2880 et
1043 2817 1163 2882 babebis
1176 2820 1240 2882 tbc·

133 2936 254 2981 rourum
276 2916 313 2979 ia
334 2916 449 2980 coelis:
466 2927 494 2978 ct
506 2917 581 2979 osai
601 2936 725 2999 sequare
740 2936 800 2989 me,
814 2936 877 2982 uon
890 2920 986 2981 aliter
1002 2938 1099 2999 quam
1120 2928 1239 2983 ecete-

136 3022 172 3082 ris
193 3019 424 3099 interpretibus
439 3019 606 3083 catholicis
619 3020 807 3097 exponenda
824 3021 956 3083 veniunt
964 3041 976 3100 3
992 3022 1074 3083 idest
1087 3021 1236 3096 relative,

135 3123 231 3201 quoad
254 3123 380 3203 patitur
403 3123 542 3185 bumana
567 3122 744 3200 fragilitas,
767 3140 829 3185 uon
852 3140 929 3185 sero
957 3124 1116 3186 absoluto.
1139 3122 1180 3186 Et
1200 3141 1235 3186 re

134 3224 255 3303 quidem
279 3240 370 3298 vera,
393 3224 543 3304 discipuli
567 3222 705 3298 Domini,
728 3225 784 3303 qui
806 3226 911 3286 omnia
934 3226 1156 3305 reliquerant,
1174 3223 1238 3287 llo·

135 3326 249 3389 ninum
270 3326 395 3389 secuti:
412 3346 477 3389 ecce
497 3344 554 3387 nos
574 3323 762 3407 reliquimus
782 3323 890 3387 omnio
904 3334 933 3387 ct
951 3323 1051 3388 seretti
1069 3343 1177 3388 sumus
1199 3335 1238 3402 tr,

136 3426 361 3502 perlectionem
383 3428 579 3506 attigerunt,
602 3434 633 3487 et
651 3427 717 3507 jam
733 3426 763 3487 in
780 3444 916 3489 numero
932 3426 1151 3506 perlectorum
1167 3442 1239 3489 cen·

135 3527 295 3603 rebantur,
315 3536 455 3591 attamen
480 3528 538 3591 etsi
563 3528 712 3607 perlecti,
735 3527 857 3590 relictis
878 3526 1037 3602 omuibus,
1059 3526 1239 3606 lesumque

136 3630 252 3704 sectati,
270 3629 311 3691 ab
326 3631 394 3709 ipso
409 3627 487 3693 lesu
503 3631 719 3693 audiverunt:
737 3647 802 3690 ecce
816 3637 947 3691 suturas
967 3630 1117 3709 expetivit
1130 3648 1184 3691 cos
1203 3636 1240 3690 ct

135 3726 282 3792 cribraret
300 3728 382 3791 siout
402 3726 563 3791 triticum:
578 3739 608 3793 et
624 3730 715 3792 bino:
732 3727 909 3791 aesmundi
929 3727 1011 3805 estis,
1027 3730 1080 3791 sat
1096 3748 1160 3791 aaa
1174 3746 1239 3791 om·

136 3846 191 3890 aas.
214 3830 419 3911 Proindeque
450 3829 566 3895 Petrus
595 3832 724 3911 negavit
743 3850 777 3893 se
807 3847 900 3894 nosse
928 3829 1240 3910 Christum31udas

139 3932 262 3997 tradidit
281 3930 416 3995 lesum:
440 3931 523 3995 lacta
550 3941 598 3995 est
618 3934 781 3996 contentio
802 3934 888 3996 inter
907 3934 1083 4012 apostolos,
1099 3931 1171 4010 quis
1185 3949 1241 3993 eo·

138 4048 201 4095 rum
222 4043 306 4097 esset
335 4035 450 4112 maior.
472 4032 514 4096 lit
538 4033 614 4114 quid
638 4034 716 4097 baec
738 4032 875 4098 dicunt?
896 4036 953 4098 nisi
975 4032 1085 4114 quod,
1115 4033 1238 4094 tametsi

138 4134 277 4212 perlecti,
300 4136 506 4213 nibilominus
528 4136 579 4198 sui
599 4134 683 4215 juris
698 4143 802 4211 erunt,
817 4136 995 4199 contrarias
1011 4137 1147 4196 virtutes
1161 4134 1191 4193 in
1203 4151 1238 4195 se

140 4238 270 4314 experti,
288 4214 371 4299 uulso
386 4254 404 4298 a
420 4237 504 4299 bouo
519 4238 551 4297 iu
565 4237 687 4298 malum
703 4236 848 4300 decidere
863 4242 1021 4316 poteraut.
1036 4233 1148 4313 ltaque
1162 4230 1240 4295 Ori·

139 4350 224 4412 geues
246 4355 319 4401 cnm
341 4338 407 4411 ait,
430 4338 620 4401 christianos
641 4338 797 4417 quosdam
820 4336 987 4401 charitatis
1008 4334 1238 4414 perlectionem

140 4445 307 4512 assecutos,
320 4454 382 4500 uon
394 4435 504 4519 adjicit
517 4454 572 4500 eos
587 4438 811 4516 impeccabiles
825 4438 896 4501 lore
911 4438 942 4499 in
957 4442 1123 4515 posterum
1135 4449 1239 4513 usque

140 4533 209 4598 tum
228 4538 262 4599 in
290 4539 350 4603 bac
371 4538 491 4619 degunt
520 4541 608 4615 vita,
629 4538 731 4601 scieas
760 4536 978 4603 Ecclesiastioi
1003 4534 1236 4618 proverbium:

139 4644 202 4697 unte
222 4649 347 4703 mortam
369 4659 407 4705 aa
428 4641 536 4703 laudas
557 4637 721 4702 bominem.
