3375 5567
425 743 608 826 philosophi
632 738 807 836 ἀσώματον
829 742 1058 822 incorporeum
1091 741 1202 807 dicunt
1222 744 1253 805 iu
1274 741 1439 824 Scripturis
1455 763 1513 807 ran·

423 848 482 911 ctis
503 846 697 911 inveniatur.
721 867 737 904 n
761 844 912 921 Quorum
931 845 1106 907 verborum
1121 863 1232 908 sensus
1254 845 1434 925 perspicuus
1452 855 1499 909 est.

505 947 619 1012 Postea
632 949 741 1013 subdit
752 948 890 1011 alteram
902 946 1070 1011 instituens
1079 950 1312 1028 quaestionemr
1330 969 1345 1006 o
1358 946 1438 1012 Dens
1447 966 1514 1027 quo·

423 1068 488 1130 que
509 1050 576 1132 ipse
596 1049 760 1131 quomodo
781 1048 917 1129 intelligi
940 1048 1054 1113 debeat
1076 1051 1302 1130 inquirendum
1323 1058 1382 1127 est,
1402 1068 1437 1113 an
1456 1068 1515 1113 cor·

421 1169 542 1232 porcus
562 1160 595 1216 et
615 1153 792 1217 secuudum
822 1151 965 1230 aliquem
987 1152 1134 1214 habiturn
1156 1154 1355 1217 deformatos
1364 1195 1377 1226 ,
1395 1171 1433 1215 au
1451 1152 1515 1215 alte

422 1254 492 1316 rius
512 1263 661 1331 naturae,
679 1272 777 1335 quam
800 1272 938 1335 corpora
956 1264 1052 1332 suut3
1075 1254 1161 1335 quod
1187 1255 1299 1335 utique
1322 1256 1352 1316 in
1373 1254 1518 1334 praedica·

422 1356 508 1417 tioue
530 1365 638 1418 nostra
668 1356 834 1419 manileste
856 1374 918 1418 uon
947 1355 1134 1436 designatur
1154 1364 1215 1419 etc.
1241 1376 1256 1415 ›>
1282 1364 1428 1437 tanquam
1448 1355 1518 1417 dice·

421 1464 473 1519 ret
492 1457 686 1536 exquirens:
710 1465 758 1520 est
781 1475 819 1535 oe
841 1455 927 1519 Deus
949 1475 1141 1536 corporeus,
1157 1476 1214 1521 seu
1235 1458 1377 1537 aliquam
1396 1456 1517 1536 speciem

421 1555 637 1639 praeiereus'?
666 1556 730 1622 Seu
750 1558 886 1621 alterius
908 1566 956 1620 est
977 1567 1113 1621 naturae
1133 1558 1174 1621 ab
1194 1560 1265 1621 aliis
1285 1558 1441 1623 dissimilis
1459 1576 1518 1619 cor·

422 1655 585 1737 poribus?
615 1656 764 1737 Cumque
785 1660 830 1721 ita
851 1660 971 1721 scribat
1002 1657 1180 1739 Origenes,
1203 1659 1281 1740 quid
1306 1662 1385 1725 baec
1415 1659 1520 1723 iaciunt

421 1767 533 1820 contra
551 1757 677 1822 divinae
693 1767 830 1822 naturae
845 1760 1098 1841 simplicitatem,
1119 1762 1382 1842 spiritualitatem
1397 1770 1427 1825 et
1444 1762 1480 1823 ab
1492 1780 1520 1822 o·

422 1860 487 1921 mni
510 1861 638 1940 penitus
658 1861 834 1924 substantia
858 1880 1014 1943 corporea
1038 1872 1220 1944 exemptae,
1243 1875 1341 1945 prout
1362 1865 1451 1928 docet
1471 1862 1521 1926 Ec·

422 1962 520 2025 clesia
542 1960 732 2028 catholice?
753 1960 891 2039 Quaerit
913 1984 952 2029 oe
974 1964 1015 2026 ibi
1038 1962 1206 2044 Origenes,
1225 1965 1282 2027 ‚rel
1303 1962 1462 2029 decernit?
1475 1964 1523 2026 Ast

423 2063 572 2145 proiectu
594 2066 732 2145 quaerit.
755 2062 787 2128 Si
809 2075 958 2145 quaerat,
991 2074 1142 2147 tauquam
1165 2067 1195 2129 iu
1225 2084 1363 2147 persona
1388 2065 1521 2145 discipuli

421 2168 500 2248 agit,
526 2168 695 2230 veritatem
716 2184 735 2229 a
758 2169 911 2248 magistro
944 2167 1152 2249 praestolati,
1175 2169 1228 2231 cui
1250 2168 1324 2231 dein
1347 2167 1521 2249 responden·

421 2268 500 2330 dum
522 2276 589 2331 est:
622 2268 668 2331 uti
691 2286 804 2349 reapse
825 2269 926 2350 paulo
947 2280 1017 2351 post
1040 2271 1115 2334 huic
1137 2271 1319 2349 quaestioni
1340 2271 1433 2335 sicuti
1453 2279 1524 2333 cete·

420 2369 487 2446 ris,
509 2376 664 2432 accurate
685 2368 850 2434 satisfacit.
882 2368 1091 2452 Quapropter
1111 2372 1249 2452 quisquc
1271 2372 1359 2435 ridet
1381 2370 1524 2435 Adaman-

420 2470 502 2535 tium
523 2474 555 2535 in
576 2471 672 2535 simili
692 2471 878 2535 elocutione
894 2473 1021 2550 dubios,
1045 2474 1236 2550 haereticos,
1259 2483 1292 2538 ct
1306 2474 1465 2555 cuiusque
1481 2490 1524 2551 gc·

419 2574 505 2638 ueris
532 2574 740 2655 philosophos
765 2592 975 2655 nuncupare,
1003 2583 1035 2638 et
1055 2596 1097 2639 ex
1118 2575 1306 2640 eorumdem
1337 2595 1396 2641 ore
1424 2575 1523 2655 loqui3

420 2675 616 2756 quibuscum
638 2676 750 2739 deinde
771 2695 831 2757 per
850 2677 976 2756 singula
999 2678 1103 2759 capite
1126 2677 1295 2754 disserens,
1309 2680 1380 2741 sire
1396 2694 1524 2758 pugnam

419 2777 460 2840 ad
493 2778 661 2841 veritatem
688 2776 861 2842 traducere
887 2779 1015 2858 studet;
1039 2778 1313 2859 quemadmodum
1341 2782 1372 2841 in
1403 2796 1525 2858 sequeu-

419 2878 504 2942 tibus
525 2888 599 2942 octo
621 2880 791 2960 capitibus,
813 2879 939 2944 sollerti
962 2880 1104 2960 ingenio,
1127 2881 1280 2961 praelatis
1304 2883 1396 2945 vario
1418 2896 1522 2961 genere

418 2980 672 3061 quaestionibus,
688 2982 735 3043 uti
753 2982 906 3061 magister
925 2980 1103 3063 discipulis,
1122 2982 1305 3061 respondet,
1322 2982 1439 3046 divinis
1451 2978 1525 3047 Scri-

418 3083 535 3163 ptnris‚
560 3080 730 3146 traditione
745 3102 783 3145 ac
805 3083 937 3146 rationis
961 3082 1152 3147 rectitudine
1173 3082 1341 3147 suffultus.

499 3182 542 3247 Et
563 3203 599 3246 re
613 3184 744 3264 quidem
768 3202 844 3247 sera
867 3186 897 3247 io
915 3204 943 3249 c.
969 3184 994 3249 1.
1019 3185 1064 3247 lle
1086 3182 1154 3247 Deo
1175 3184 1300 3263 inquit:
1326 3206 1342 3245 o
1366 3182 1438 3249 Scio
1458 3200 1527 3263 qno·

421 3284 506 3348 nium
528 3287 735 3349 conabuntur
755 3287 887 3366 qnidam
906 3288 1003 3349 etiam
1023 3283 1201 3349 secuudum
1218 3285 1404 3365 Scripturas
1417 3295 1528 3349 nostras

420 3386 530 3449 dicere
553 3385 656 3451 Deum
679 3406 801 3467 corpus
821 3406 904 3465 esse,
928 3388 1080 3469 quoniam
1105 3387 1271 3449 inveniunt
1291 3388 1448 3468 scriptum
1469 3401 1529 3447 csse

421 3487 506 3568 apud
530 3486 664 3572 Moysen
694 3488 847 3568 quidem:
882 3488 967 3553 Deos
988 3500 1091 3551 noster
1110 3486 1198 3568 r'pot's
1222 3506 1407 3551 consumens
1427 3496 1477 3547 ert.
1499 3483 1527 3543 ln

419 3586 596 3670 Evangelio
612 3609 690 3653 reru
712 3592 890 3655 secundum
905 3590 1062 3655 Joauuom
1084 3608 1112 3652 c.
1141 3587 1196 3651 tv.
1223 3588 1303 3651 Deus
1324 3586 1458 3668 spiritua
1477 3594 1527 3656 ert,

420 3698 448 3751 rt
468 3708 531 3766 cor,
553 3689 610 3769 qro'
630 3692 766 3755 odorant
787 3711 876 3767 eum,
897 3692 933 3754 lu
953 3691 1069 3773 spiritu
1090 3701 1119 3755 et
1138 3689 1267 3760 ueritate
1288 3700 1409 3768 oportet
1428 3688 1529 3751 odoro·

418 3810 493 3854 re.»
516 3788 606 3855 Unde
628 3792 745 3872 liquet,
764 3812 827 3857 non
842 3795 1014 3874 Origenorn
1039 3813 1155 3875 perse,
1174 3790 1276 3857 Deum
1292 3798 1409 3855 vocare
1425 3806 1530 3869 corpo·

420 3911 528 3967 reum,
548 3892 603 3955 sed
626 3893 782 3973 quosdam
805 3897 875 3976 ipse
889 3898 933 3960 ait
954 3914 971 3957 a
994 3894 1171 3976 Scripturis
1193 3914 1254 3957 onn
1273 3911 1377 3975 aeque
1393 3907 1527 3971 compre-

420 3995 538 4069 hensis,
555 3990 657 4056 llenm
680 3995 799 4060 babere
814 4016 1022 4078 corporeum.
1038 3996 1120 4063 Cum
1137 4004 1245 4061 autem
1262 4015 1303 4059 cx
1319 3994 1338 4059 J
1343 4012 1444 4068 oaune
1458 3992 1528 4055 scri·

421 4094 496 4171 bat,
520 4092 602 4157 Dour
623 4093 818 4175 spiritumet
839 4106 899 4161 etc.
923 4118 982 4180 per
1002 4100 1083 4163 illud
1105 4116 1181 4163 saue
1201 4114 1293 4160 suam
1315 4095 1448 4176 exponit
1466 4108 1527 4155 sen·

423 4198 555 4260 tentiam
569 4196 608 4260 de
624 4196 692 4261 Deo
708 4200 913 4277 incorporeo,
931 4202 1050 4282 quippe
1066 4220 1105 4263 uo
1123 4198 1284 4265 vocabulo
1298 4195 1430 4278 spiritus
1445 4190 1528 4275 quid·

421 4314 521 4378 quam
541 4298 764 4363 intellectuale
785 4302 991 4380 exprimitur.
1015 4302 1110 4379 Quod
1135 4305 1371 4380 consequenter
1387 4298 1427 4360 ab
1442 4297 1529 4358 bisto-

421 4400 470 4462 rie
501 4397 722 4467 Samaritanae
743 4404 883 4485 amplius
915 4404 1090 4485 explanare
1113 4411 1271 4481 conatos,
1302 4401 1411 4465 subdit
1431 4416 1459 4461 n.
1480 4392 1525 4459 5.:

423 4519 441 4559 s
463 4498 559 4566 Omni
580 4503 681 4585 igitur
699 4523 808 4585 sensu,
831 4506 887 4587 qui
909 4524 1103 4589 corporeum
1125 4506 1249 4589 aliquid
1271 4504 1310 4569 de
1332 4500 1400 4567 [len
1422 4493 1528 4564 intelli·
