3375 5567
1198 660 1259 737 459
1387 723 1389 728 .

540 758 681 831 CAPUT
704 758 855 830 xxxiv.

158 961 338 1031 convellitur
352 962 553 1031 insimulatio
571 964 610 1030 in
631 963 807 1048 Oripcncsrs,
821 969 906 1050 qnod
925 967 963 1032 ln
981 966 1049 1032 scic
1068 962 1254 1032 tractatibus

189 1065 319 1139 nimiunn
337 1066 508 1136 indulserit
529 1065 748 1151 Philosophiae
763 1070 954 1153 platonicae.

153 1307 281 1434 Altera
304 1390 383 1436 vero
402 1373 544 1437 criminis
555 1382 630 1437 uota
646 1375 678 1437 iu
692 1373 867 1454 Origeuem
882 1374 1063 1438 instituitur
1078 1373 1119 1435 ab
1139 1374 1254 1440 adrer-

152 1472 248 1549 sariis,
269 1491 399 1537 causam
421 1476 494 1539 inda
514 1476 745 1540 deducentibus
760 1476 973 1539 aberratiouis
989 1494 1067 1540 snae
1082 1493 1100 1538 a
1117 1477 1253 1540 veritate

152 1575 315 1651 catholica,
332 1576 419 1656 quod
433 1578 557 1641 scilicet
571 1579 749 1658 plurimum
765 1577 986 1658 philosophiae
1001 1578 1147 1642 ethnicae
1162 1597 1254 1658 prae·

150 1677 252 1740 sertim
274 1678 454 1758 platonicae
475 1680 678 1742 concesserit.
702 1676 748 1740 lta
770 1695 908 1758 mmque
924 1675 1037 1744 Daniel
1058 1675 1198 1742 Rectius
1212 1679 1253 1742 de

151 1793 186 1838 en
202 1777 314 1840 scribit
334 1779 364 1839 iu
388 1776 484 1842 Libro
506 1776 547 1840 ll.
566 1775 832 1858 Oripeninnorum
845 1797 875 1840 c.
896 1776 921 1840 1.
938 1796 969 1840 u.
983 1775 1017 1842 l:
1036 1774 1174 1842 «Unum
1195 1796 1253 1842 an·

153 1884 208 1942 lem
223 1897 300 1960 prae
323 1880 456 1960 reliquis
471 1880 668 1962 pbilosophis
691 1879 856 1956 Platonem
873 1879 1050 1942 admiratus
1070 1889 1137 1944 cst:
1154 1878 1199 1943 sie
1215 1886 1253 1944 ut

152 1980 315 2046 christiana
338 1983 488 2064 dogmata
503 1984 542 2046 ad
566 1983 744 2064 platonicae
765 1982 931 2046 doctrinae
946 1982 1045 2062 leges,
1068 1999 1131 2045 nou
1152 1983 1253 2061 ipsam

152 2077 284 2146 Platonis
306 2082 485 2148 doctrinam
506 2085 546 2147 ad
568 2083 686 2149 Christi
707 2083 802 2148 allata
824 2082 1122 2148 accommodaret..
1138 2127 1170 2144 ..
1194 2080 1253 2145 His

150 2181 188 2244 ita
208 2183 446 2263 platonicorum
461 2186 582 2250 deliriis
602 2185 764 2250 sinceram
784 2184 951 2247 doctrinae
965 2185 1159 2246 christianae
1181 2201 1249 2258 vas,

151 2294 314 2366 postquam
335 2288 526 2351 incrustaeit
541 2288 764 2360 Adamantius,
786 2305 828 2348 ex
844 2287 912 2365 ipso
928 2285 1071 2348 doctrina
1088 2285 1159 2367 ejus
1181 2304 1253 2355 cor·

149 2397 236 2468 rupta
257 2396 319 2464 est,
339 2398 372 2452 et
392 2389 533 2471 prolenis
554 2390 677 2455 imbuta
695 2389 862 2454 erroribus
870 2407 883 2468 ς
905 2389 989 2451 uude
1012 2387 1139 2456 induitis
1150 2389 1252 2470 jacta·
1327 2391 1330 2398 ’

152 2494 196 2550 tus
210 2490 357 2552 convitiis
371 2498 404 2552 et
417 2490 560 2571 querelis
581 2493 612 2554 iu
624 2508 766 2554 summas
781 2489 891 2552 incidit
908 2490 1119 2563 calamitates,
1136 2497 1169 2552 et
1183 2490 1253 2554 lau·

150 2586 214 2653 dem
236 2591 359 2654 meritis
380 2601 507 2672 partam
527 2591 699 2656 decoxit.»

220 2689 432 2774 Quapropter
445 2702 575 2774 praeter
589 2711 641 2769 ea,
662 2711 747 2774 quae
767 2712 809 2758 es
830 2692 975 2774 ejusdem
996 2691 1159 2774 Operibus
1174 2694 1253 2758 hau·

150 2791 253 2868 simus,
276 2794 309 2856 in
329 2795 448 2875 quibas
463 2812 481 2856 a
499 2794 672 2874 suppositis
693 2795 862 2858 erroribus
880 2792 1058 2856 Auctorem
1081 2792 1253 2856 vindicavi·

151 2908 237 2976 mns3
251 2895 409 2970 studiose,
424 2895 503 2978 quid
528 2894 569 2960 de
594 2892 735 2958 Platonis
761 2896 900 2959 maxime
925 2894 1125 2974 philosophia
1149 2911 1254 2956 sense·

151 2993 311 3077 nitetque
334 2999 458 3060 ratione
479 2998 567 3062 illins
588 2997 751 3078 opiniones
765 2997 797 3058 iu
815 3015 892 3060 snos
915 2994 1119 3058 transluserit
1138 2994 1252 3069 libros,

150 3093 235 3160 breri
253 3108 452 3163 scrutemur.
469 3099 511 3164 Et
531 3100 671 3180 primum
686 3118 773 3173 saue,
797 3117 859 3161 uon
881 3099 940 3178 ipsi
954 3096 1014 3160 soli
1035 3095 1167 3176 Origeni
1191 3096 1252 3159 hnc

149 3199 407 3278 exprobrandum
429 3202 525 3275 loret,
542 3202 588 3264 uti
612 3201 682 3264 ruit
696 3199 925 3284 Hieronymus,
949 3206 1078 3278 praeter
1098 3198 1253 3261 recentio-

150 3315 207 3374 res,
222 3302 310 3382 quod
332 3301 529 3368 Clementem
550 3303 797 3387 alexandrinum
819 3301 981 3388 imitatus,
1002 3299 1252 3362 christianorum

149 3410 178 3464 et
197 3405 465 3486 pbilosophorum
485 3423 675 3488 comparans
695 3406 878 3476 sententias,
899 3401 1005 3464 omnia
1028 3408 1155 3462 nostrae
1177 3398 1252 3461 reli·

149 3501 243 3579 pionis
257 3505 407 3585 dogmata
420 3507 459 3568 de
476 3504 620 3583 Platone,
636 3501 870 3575 debriatotile,
884 3499 1044 3564 Numenio
1060 3510 1093 3561 et
1106 3497 1252 3562 Cornuto

149 3604 343 3670 confirmarit
351 3627 364 3686 3
382 3625 496 3670 verum
510 3606 689 3686 eodemque
698 3605 776 3685 jure
797 3602 915 3681 reliqui
937 3600 1150 3680 redarguendi
1168 3599 1253 3662 erint

151 3713 269 3770 vetares
291 3705 456 3772 Ecclesiae
469 3709 656 3787 scriptores,
677 3707 732 3787 qui
753 3712 826 3767 ante
840 3704 929 3767 illius
943 3719 1060 3766 aevum
1080 3710 1112 3763 et
1128 3708 1250 3780 postea,

150 3805 185 3870 da
200 3825 234 3871 re
255 3810 428 3874 christiana
444 3810 631 3872 benemeriti
645 3817 741 3884 sunt;
756 3808 988 3886 Athenagoras,
1005 3803 1089 3877 dico,
1104 3801 1251 3866 lustinus

152 3918 284 3992 martyr,
297 3907 509 3989 Theophilus,
531 3907 766 3985 Tertullianus,
786 3906 956 3980 Eusebius,
973 3902 1168 3980 Lactantius,
1185 3900 1253 3965 hu·

150 4012 302 4086 gostinus,
318 4008 462 4094 Cprillns
482 4012 727 4086 alexandrinus,
751 4010 881 4088 aliique.
906 4005 967 4085 lpsi
989 4005 1072 4066 euim
1096 4004 1127 4064 in
1149 4003 1251 4082 pbilo-

149 4112 255 4190 sophis
270 4130 385 4192 paeon
402 4114 532 4189 nemeti,
547 4113 621 4175 inde
632 4123 792 4178 eruerunt
807 4120 887 4184 tum,
904 4125 988 4188 quae
1009 4105 1068 4167 sibi
1084 4103 1250 4184 adiumen-

150 4217 180 4270 to
193 4210 299 4276 lorcut
318 4230 416 4276 cansa
432 4213 633 4275 ethnicarum
656 4211 848 4290 religionum
864 4207 1010 4270 vanitatis
1023 4203 1249 4278 ostendendae,

152 4314 213 4402 ium
229 4315 351 4390 pariter
365 4329 449 4392 qnae
469 4313 529 4377 sibi
547 4313 778 4394 praestitissent
796 4309 1001 4375 commodum
1016 4306 1055 4368 ad
1073 4302 1251 4367 infidelium

151 4412 258 4476 animis
267 4414 514 4494 blandiendum
535 4413 663 4478 collatis
677 4414 830 4479 nimirum
853 4429 937 4493 quae
949 4407 1081 4482 Christi,
1099 4421 1251 4487 quaeque

152 4512 413 4596 pbilosophorum
433 4522 527 4580 eraut
546 4515 709 4595 dogmata,
725 4517 879 4593 utrinqne
894 4529 931 4576 ea
953 4510 1153 4575 excutientes
1167 4516 1200 4569 et
1211 4503 1251 4566 il·
