3375 5567
399 790 492 848 rans,
514 770 579 836 siut
598 771 706 834 ιοΙιιιι
726 788 791 834 non
809 772 916 836 soinru
938 773 969 834 in
991 789 1057 837 uno
1083 771 1198 844 conio,
1223 770 1279 836 ssd
1303 771 1334 832 in
1362 769 1511 834 omnibus

399 873 511 938 coen.
534 872 585 936 ad
607 890 664 936 eoa
683 880 806 949 nutans,
826 876 885 954 qui
907 875 1094 937 multisunt
1124 875 1277 953 ligaturus
1298 882 1330 936 et
1350 874 1512 936 solutores

398 976 431 1038 in
452 986 540 1040 terra
557 975 607 1040 sie
625 976 719 1051 dicii,
741 985 778 1038 ut
796 977 925 1039 scirent
945 985 978 1038 et
998 975 1144 1056 alligent,
1166 993 1228 1038 uon
1248 977 1280 1037 iu
1301 976 1415 1047 cusiis,
1430 979 1512 1039 sicut

398 1077 529 1152 Petrus
547 1078 607 1142 sed
626 1079 660 1142 in
681 1092 747 1142 uno
768 1079 860 1142 coelo
878 1099 888 1156 ς
906 1081 1059 1159 quianon
1075 1087 1150 1142 sunt
1165 1080 1196 1140 iu
1210 1087 1295 1141 tanta
1313 1079 1513 1158 suffectione

398 1180 483 1245 uictu
505 1179 632 1257 Petrus,
654 1189 694 1244 nt
712 1180 847 1259 nitigeot
869 1181 919 1243 vei
939 1180 1068 1244 solvant
1087 1183 1120 1242 iu
1140 1181 1289 1242 omnibus
1310 1179 1455 1243 sociis.»

479 1280 622 1363 ideoque
643 1284 705 1346 isos
726 1282 827 1363 probo
847 1283 949 1344 sciens
968 1281 1125 1362 Origenes
1147 1300 1187 1344 er
1211 1281 1367 1360 praetatis
1395 1278 1513 1344 Christi

400 1383 507 1448 versis
527 1383 567 1446 ed
589 1383 736 1458 Petrum,
759 1381 858 1448 Libro
879 1381 917 1446 ti.
934 1401 966 1446 u.
981 1379 1032 1450 itt.
1046 1383 1082 1446 is
1100 1378 1274 1462 Epistoiuns
1286 1383 1329 1446 ud
1342 1379 1510 1452 nomm,

401 1486 434 1548 in
453 1503 496 1548 eo
515 1485 624 1549 denuo
643 1493 734 1548 notat
756 1503 868 1549 rernm
888 1503 1048 1548 summam
1076 1488 1106 1548 ei
1134 1486 1285 1547 traditam
1310 1503 1327 1546 ι
1354 1481 1462 1558 inu,
1482 1489 1513 1544 et

400 1587 590 1650 consulum
610 1603 769 1668 agnorunt
791 1587 948 1667 (fidetium
970 1589 1175 1664 sunstorunsi
1194 1588 1248 1650 sed
1264 1595 1297 1650 et
1312 1588 1424 1650 ovium
1442 1583 1514 1663 (eoi-

400 1687 588 1767 ssoporum)
608 1688 789 1777 custodiant
811 1689 916 1753 eidem
939 1690 1088 1754 traditam
1110 1690 1227 1753 inisset
1245 1709 1262 1748 e
1278 1687 1318 1752 Et
1332 1687 1444 1760 Petro,
1457 1687 1512 1761 ait,

401 1806 477 1854 sum
498 1807 625 1853 summa
646 1809 758 1854 rerum
779 1790 819 1854 de
845 1791 1010 1872 pascendis
1030 1792 1146 1856 oribus
1161 1792 1357 1864 traderetur,
1373 1799 1407 1853 et
1420 1804 1517 1870 super

401 1893 507 1969 ipsunt
530 1892 632 1956 reiuti
650 1898 885 1973 superterram
901 1892 1049 1973 ipetmm)
1066 1893 1259 1956 fundaretur
1276 1891 1433 1962 Ecclesia,
1449 1889 1515 1952 nui-

401 1990 466 2056 lius
486 1991 623 2056 alterius
636 1994 678 2055 ab
692 2011 732 2056 eo
748 1993 878 2058 virtutis
891 1993 1060 2068 soniessio,
1075 1996 1133 2058 nisi
1149 1993 1315 2056 shsriiuiis
1329 1993 1484 2071 exigitur.
1499 2009 1515 2046 ιι

483 2091 685 2171 Novissime,
707 2103 878 2176 postquam
900 2097 984 2158 beati
1010 2096 1097 2160 Petri
1127 2097 1300 2175 primatum
1327 2111 1430 2173 snper
1450 2109 1516 2155 om·

407 2213 480 2260 nem
508 2193 710 2273 Ecclesiam,
731 2196 870 2278 ejusque
891 2195 1027 2262 liemaro
1048 2197 1223 2262 adventurn
1245 2195 1452 2261 Pontidsatns
1470 2193 1515 2257 sui

402 2299 510 2363 scdctu
530 2317 574 2362 cx
593 2297 741 2379 Originis
761 2299 854 2363 dictis
874 2299 1087 2378 agnorimns3
1108 2317 1172 2362 noo
1187 2299 1244 2362 abs
1259 2315 1294 2360 rs
1309 2313 1443 2377 quoque
1457 2295 1516 2358 erit

403 2403 597 2479 inresugsre
614 2399 694 2480 qnid
710 2399 751 2463 de
763 2399 908 2480 eiusdem
927 2397 1012 2463 Petri
1026 2399 1268 2464 suecessoribus
1281 2401 1313 2461 in
1327 2396 1517 2461 Pontificutu

403 2501 581 2583 putauerit,
601 2499 709 2580 deque
728 2498 873 2564 Essiesin
897 2499 1039 2564 donnaus
1054 2503 1096 2562 sb
1111 2503 1180 2582 ipso
1195 2501 1352 2580 Apostoio
1371 2497 1515 2562 iundsta.

405 2601 448 2666 Et
462 2602 568 2683 primo
579 2601 712 2682 quidem
725 2618 790 2665 nou
800 2611 849 2665 esi
864 2602 1135 2682 procurrendum
1150 2603 1238 2684 quod
1257 2599 1384 2665 ductor
1394 2600 1432 2661 in
1445 2595 1519 2680 Epi·

404 2705 520 2768 stoinm
541 2704 585 2766 ud
603 2701 765 2768 Romanos
786 2704 904 2767 rerba:
922 2701 1071 2786 quonism
1083 2704 1161 2783 fides
1174 2713 1279 2766 oestro
1296 2698 1518 2766 annunciatur

404 2804 441 2867 ιἰι
460 2806 611 2871 uniuerso
629 2805 763 2879 mundo,
784 2806 950 2868 varimsde
970 2805 1212 2886 interpretatus,
1228 2807 1260 2867 in
1282 2803 1380 2867 Libro
1400 2803 1427 2867 1.
1443 2821 1474 2865 n.
1486 2800 1515 2868 9.

405 2907 529 2988 inquito
551 2905 696 2970 «Potest
716 2914 822 2970 umen
842 2917 876 2969 st
898 2908 945 2968 ita
962 2907 1109 2986 intsiiigi,
1131 2906 1218 2987 quod
1240 2905 1318 2968 ddes
1333 2909 1407 2980 istu,
1423 2921 1519 2984 quant

405 3007 543 3072 Romani
563 3008 695 3084 moeni,
718 3009 784 3088 ipsa
806 3009 984 3089 adernqus
1004 3012 1058 3084 sit,
1079 3018 1111 3072 et
1132 3026 1195 3070 non
1215 3008 1292 3083 siin,
1315 3025 1415 3090 quant
1436 3023 1519 3088 quae

406 3111 439 3172 in
462 3112 615 3174 uniuerso
633 3109 756 3172 mundo
777 3113 995 3173 annunciatur
1009 3120 1041 3174 st
1056 3111 1220 3173 creditur:
1237 3127 1322 3190 quas
1336 3126 1400 3172 nou
1414 3108 1518 3171 suiuus

405 3211 438 3272 in
460 3219 561 3285 terra,
581 3209 638 3273 sed
659 3211 755 3272 etiam
771 3212 808 3273 iu
827 3209 929 3273 coelis
950 3212 1157 3290 praedicetur
1169 3219 1231 3274 otc.
1248 3232 1264 3268 ι
1281 3210 1328 3272 As
1345 3219 1515 3290 propterea

408 3310 569 3376 Eusebius
580 3312 615 3373 in
640 3309 738 3374 Libro
760 3308 815 3374 Vi.
838 3330 867 3374 s.
890 3309 938 3374 ts
960 3311 1000 3374 de
1023 3311 1172 3391 Origeuis
1189 3311 1227 3374 ad
1242 3312 1325 3376 haus
1341 3311 1456 3374 urbem
1470 3313 1517 3373 iti·

407 3433 487 3478 uere
505 3414 574 3478 att:
594 3412 854 3486 «Adamantius,
870 3411 1042 3494 zephirino
1054 3413 1390 3494 eisdemtemporibns
1406 3411 1516 3478 Roua-

408 3532 481 3577 oarn
504 3513 681 3578 Ecclesiam
703 3515 916 3594 gubernante,
937 3516 1050 3579 scribit
1069 3533 1103 3576 se
1120 3513 1254 3578 Romam
1270 3523 1444 3595 propterca
1458 3517 1516 3576 iter

406 3618 607 3696 eumerium
622 3615 712 3710 quod
724 3617 784 3680 sibi
799 3618 972 3683 admodum
988 3619 1019 3680 in
1034 3620 1152 3696 optatis
1167 3623 1249 3690 ersi,
1266 3613 1445 3679 Essissiam
1459 3614 1514 3678 iio·

409 3727 537 3780 mausus
553 3717 653 3798 piune
673 3719 928 3798 antiquissimam
945 3721 1060 3792 visere,
1083 3719 1137 3781 uisi
1155 3719 1285 3780 nundin
1301 3726 1512 3780 commoratus

408 3827 469 3883 utt.
487 3837 503 3876 ι
521 3817 562 3881 dn
583 3818 703 3898 quibus
724 3820 832 3884 veritis
849 3821 1045 3883 considerari
1061 3821 1205 3894 interest,
1216 3817 1392 3897 Origouenr
1408 3818 1514 3881 Roua-

331 3925 335 3932 ’
412 3935 488 3982 uam
509 3919 619 3982 risisse
639 3917 831 3995 discissioni,
854 3939 917 3982 non
936 3922 1019 3983 sicut
1033 3919 1113 3981 atius
1128 3921 1201 3981 risit
1217 3917 1312 3994 urbes
1327 3916 1512 3998 episcopales

409 4021 507 4084 Asiae
521 4028 555 4084 et
569 4018 734 4101 Europae,
750 4021 867 4084 isarnus
881 4023 1006 4086 scilicet
1027 4021 1182 4083 antistites
1197 4019 1410 4102 coadjuruudi
1424 4033 1510 4082 sauss

410 4121 444 4184 in
457 4121 634 4184 ministerio
647 4122 909 4200 praedicationis,
925 4127 955 4186 in
972 4124 1181 4186 conversione
1199 4120 1388 4194 intideiiuns,
1405 4122 1510 4182 usun-

413 4223 555 4286 iutandis
577 4223 760 4286 haereticis.
785 4222 906 4286 Verum
923 4223 1059 4288 [ionium
1076 4225 1161 4297 risit,
1174 4223 1261 4303 quod
1276 4225 1307 4284 in
1323 4224 1435 4302 optatis
1448 4218 1508 4299 rjus
1608 4217 1609 4222 ’

411 4325 506 4392 ⁸⁸⁸¹»
528 4324 566 4382 ui
586 4319 655 4395 iuss
675 4318 791 4382 ibidem
818 4320 955 4398 propius
975 4319 1181 4382 instrueretur
1202 4317 1243 4380 ds
1271 4316 1357 4380 Petri
1379 4316 1455 4388 dds,
1475 4311 1508 4374 de

409 4417 591 4498 opostoiius
608 4417 779 4481 traditione
793 4418 824 4478 in
838 4418 905 4499 ipss
925 4417 1072 4484 discissis
1090 4419 1219 4482 illibate
1239 4415 1407 4488 custodita,
1426 4419 1456 4474 et
1472 4408 1504 4472 sd

414 4523 520 4600 ιιιιιιιι
542 4519 640 4598 trojus
661 4519 840 4586 traditionis
861 4519 1028 4588 custodem
1049 4529 1083 4586 st
1102 4519 1311 4600 interpretem
1333 4515 1449 4582 iideieos
1465 4509 1503 4575 ri·
