3375 5567
447 791 586 849 tractant
597 782 638 849 de
651 784 775 867 populo
788 784 977 859 ebriatiaoo,
992 788 1025 848 et
1037 780 1187 847 vitiantur
1197 778 1238 845 de
1248 778 1382 847 eeeieaia
1395 798 1460 846 erae
1472 797 1536 845 eun

447 890 520 951 aiut.
546 888 663 953 Adbuc
684 894 794 951 autem
817 888 943 964 viimi
966 894 1056 968 putea
1078 885 1187 949 dicore
1207 884 1347 965 primum
1368 901 1464 963 genua
1481 902 1539 947 aare

444 991 650 1071 augelorum,
664 992 757 1071 quasi
773 988 996 1054 honorabilius
1017 986 1282 1067 bominibua,qui
1297 984 1455 1049 uoriaaiuri
1473 1000 1539 1065 prae

443 1091 566 1172 augelis
586 1109 656 1155 ease
679 1090 841 1153 ridentur.
858 1089 940 1156 Nam
961 1088 1046 1151 siout
1060 1088 1217 1167 scriptum
1232 1095 1280 1151 eet
1300 1085 1332 1149 iu
1351 1083 1433 1150 tot:
1453 1101 1540 1162 puna·

445 1192 485 1255 do
507 1193 609 1273 [uetur
629 1199 705 1254 aaut
725 1192 851 1266 arettae,
874 1190 1087 1254 luadaverunt
1106 1186 1204 1251 bam
1224 1202 1330 1248 omnes
1350 1182 1453 1269 nappir'
1469 1183 1541 1265 ejus,

441 1297 536 1377 quari
556 1294 756 1374 antiquiores
770 1313 834 1357 nou
851 1294 957 1358 aoium
980 1291 1109 1356 bomine
1130 1296 1202 1370 post
1215 1293 1340 1363 errato,
1360 1285 1414 1350 sed
1435 1295 1467 1349 ot
1483 1302 1540 1347 om·

441 1400 474 1461 ni
495 1405 647 1461 creatura
662 1405 796 1476 propter
815 1413 891 1459 eum
912 1402 1032 1459 ereata.
1057 1389 1098 1455 iit
1118 1390 1161 1454 ita
1179 1388 1312 1453 audebit
1332 1386 1450 1467 aliquia
1469 1384 1541 1447 diee-

444 1518 495 1571 re,
515 1499 605 1581 quoti
627 1496 948 1576 multiangulorum,
968 1492 1026 1575 qui
1047 1494 1173 1572 priores
1194 1488 1329 1553 inerunt
1351 1485 1541 1557 bominibus,

444 1600 632 1665 efficiuntur
645 1600 816 1663 interiores
830 1596 1025 1679 quibusdam
1047 1593 1239 1659 homiuibus.
1253 1588 1351 1653 ttottt
1370 1596 1476 1651 autem
1496 1586 1543 1649 bo·

445 1706 582 1777 minum,
604 1704 661 1784 qui
676 1709 794 1766 uatura
814 1698 979 1764 novissimi
999 1705 1087 1773 auut,
1102 1694 1289 1761 efficiuntur
1309 1709 1370 1772 por
1385 1693 1478 1755 ritum
1497 1706 1543 1749 au·

443 1806 580 1888 gaiieam
601 1813 634 1869 et
655 1805 791 1868 verbum
813 1800 873 1866 Dei
902 1800 1096 1883 quibusdam
1127 1796 1249 1877 rogetis
1268 1794 1478 1873 superiorem
1497 1789 1544 1869 qui

443 1908 539 1989 primi
560 1905 691 1987 quidem
712 1903 848 1969 inerunt
866 1900 1047 1977 eonatituti,
1071 1898 1146 1963 raeti
1167 1903 1244 1961 suut
1263 1902 1375 1959 autem
1397 1888 1544 1957 aevastat

444 2017 580 2089 propter
608 2006 737 2087 aliquas
758 2006 884 2085 colpaa.
915 2003 1036 2081 Aooipa
1055 2006 1166 2063 autem
1193 1996 1232 2059 ad
1256 1996 1336 2059 baec
1357 1992 1546 2074 Scriptorum

444 2110 593 2192 Apostoli
614 2108 768 2173 dicentia:
789 2125 835 2170 uo
853 2101 982 2169 aeaeitir
1002 2098 1154 2185 quonium
1168 2097 1296 2178 unpoior
1310 2084 1546 2177 judicabimur?

442 2208 602 2292 numquid
621 2207 810 2274 aeoniorini
822 2206 885 2274 sm
900 2204 1046 2271 etiudas
1060 2202 1157 2267 dioit:
1172 2196 1327 2280 quoniam
1346 2195 1474 2277 oopoior
1487 2187 1547 2265 bri,

441 2311 499 2396 pai
511 2330 577 2376 nou
595 2309 808 2375 custodierunt
815 2305 1038 2390 principatum
1056 2316 1165 2379 auum,
1178 2302 1233 2365 mi
1252 2297 1452 2381 retinueram
1470 2311 1548 2359 amn

441 2415 679 2489 imirationem,
697 2413 782 2479 Deua
803 2412 840 2475 io
854 2406 982 2492 porteto
1002 2424 1136 2488 mupooe
1155 2400 1221 2467 utet
1239 2399 1384 2465 vineatis
1403 2392 1548 2481 proniori·

440 2520 500 2584 bna
511 2518 567 2583 aab
583 2514 722 2598 eoiipior
735 2512 942 2579 manmit.
961 2508 1041 2575 vina
1054 2526 1147 2589 orgo,
1158 2506 1218 2572 uiai
1235 2505 1287 2569 isti
1301 2504 1436 2585 quidem
1450 2516 1549 2582 quam·

442 2620 499 2687 ‹iiu
520 2619 746 2685 custodierunt
759 2617 976 2698 principatum
990 2631 1110 2688 auom,
1127 2618 1160 2675 et
1179 2626 1243 2673 nou
1257 2605 1468 2688 reliquerunt
1485 2616 1549 2681 pro·

442 2725 547 2804 priam
570 2722 814 2795 habitationem,
836 2718 942 2783 multo
965 2716 1100 2781 inerunt
1129 2707 1313 2775 homiuibus
1335 2706 1502 2781 meliorem
1523 2706 1551 2761 et

442 2833 537 2890 orant
557 2826 723 2890 bominum
744 2822 854 2903 primi,
869 2838 1014 2901 quorum
1032 2818 1139 2882 auima
1162 2811 1331 2877 bumiliata
1346 2816 1422 2873 erat
1435 2808 1467 2870 iu
1486 2801 1548 2884 pul·

442 2944 567 3004 rerum,
587 2926 644 3006 qui
666 2927 744 2990 tanti
763 2924 895 2988 iueraut
907 2923 939 2984 iu
958 2936 1098 2999 corporo
1120 2912 1321 2987 bumilitatia,
1339 2917 1379 2973 ut
1401 2910 1458 2972 vix
1476 2904 1549 2967 dim·

442 3027 725 3109 rentaiiquaudor
746 3024 840 3089 misor
859 3040 915 3103 apo
933 3022 1040 3095 tomo,
1060 3016 1191 3098 quirum
1211 3011 1355 3077 liberabit
1376 3012 1415 3090 tir
1436 3022 1551 3087 corpore

443 3131 552 3195 mortio
572 3126 697 3213 injur?
712 3127 866 3193 iiomiuea
885 3132 1008 3199 autem,
1030 3122 1086 3203 qui
1105 3118 1297 3199 augelorum
1318 3112 1551 3195 comparatione

443 3234 735 3308 novissimorum,
757 3228 950 3310 angelorum
971 3224 1066 3308 primi
1088 3220 1292 3294 efficiuntur,
1324 3216 1385 3296 qui
1407 3231 1470 3277 nou
1488 3226 1552 3275 rou

445 3344 661 3401 servaverunt
677 3333 894 3414 principatum
907 3346 1016 3404 suum,
1032 3325 1086 3389 sed
1107 3320 1313 3403 reliquerunt
1329 3317 1495 3399 propriant
1507 3312 1554 3375 ba·

446 3439 645 3513 bitatiouom,
666 3434 859 3517 aeoipieutea
875 3432 1089 3512 principatum
1103 3422 1282 3490 meantium
1296 3418 1386 3501 quoti
1408 3417 1553 3497 seriptum

446 3547 514 3624 ert:
536 3545 797 3617 erto-poteremur·
826 3534 943 3597 bobeno
963 3549 1058 3613 anper
1086 3530 1185 3592 droam
1205 3521 1374 3599 civitates,
1398 3529 1456 3585 out
1474 3531 1557 3597 anper

447 3639 588 3722 quinqua
608 3638 760 3703 oioituter.
786 3636 875 3701 Faeti
896 3652 976 3715 ergo
996 3635 1030 3697 in
1050 3631 1258 3703 habitatione,
1280 3624 1416 3707 quitiam
1436 3619 1555 3700 angeio·

448 3760 522 3807 rum
538 3741 769 3822 derelinquunt
783 3757 878 3803 eam:
898 3734 1209 3799 afficiunturautem
1231 3726 1377 3791 bominea
1400 3723 1507 3805 primi,
1519 3720 1555 3780 ai·

449 3844 580 3927 quando
601 3843 790 3926 praedicato
805 3840 865 3904 sibi
887 3855 986 3919 reguo
1007 3836 1197 3906 coelorum,
1228 3828 1364 3893 iecerint
1385 3842 1472 3905 qnae
1493 3837 1556 3901 poa

448 3955 524 4011 suut
543 3966 599 4010 eoa
618 3944 792 4009 subieram
812 3942 853 4005 ad
868 3942 956 4003 ittam
979 3935 1224 4008 habitationem,
1239 3946 1338 4011 quam
1359 3926 1467 4007 augeli
1487 3919 1554 3987 ruii-

448 4056 603 4129 queruut.
636 4044 678 4111 iit
698 4044 793 4109 multi
813 4060 857 4108 ex
884 4039 1064 4105 novissimis
1085 4043 1119 4101 at
1139 4033 1339 4099 nativitatem
1370 4024 1555 4091 habentibus

448 4168 549 4232 super
570 4157 703 4222 terram,
720 4143 940 4215 aaoeudeuteo
954 4148 992 4204 ut
1011 4136 1207 4202 fiducialiter
1224 4133 1333 4199 diuera
1348 4128 1490 4211 poaaiot:
1506 4140 1555 4183 aa·

447 4260 517 4315 atro
535 4245 731 4311 muoarrotio
748 4248 785 4310 io
804 4243 899 4308 coriis
918 4253 978 4317 rat,
998 4238 1184 4305 afficiuntur
1205 4234 1311 4315 primi·
1333 4250 1350 4289 a

529 4352 582 4417 Ex
602 4352 663 4415 bae
675 4348 825 4429 Oripeuia
845 4346 1011 4411 ioeutioue
1033 4340 1171 4405 iiuetina
1192 4337 1253 4401 iata
1271 4332 1419 4399 nutavit:
1436 4340 1554 4410 pronora

447 4470 538 4533 purae
556 4453 687 4534 onprior
706 4460 735 4512 rt
758 4444 878 4513 Girirti
896 4444 1008 4509 mortis
1028 4437 1170 4522 brmfioio
1189 4435 1337 4518 paudere,
1358 4439 1388 4495 et
1402 4422 1555 4512 indiciam

449 4554 486 4619 io
506 4552 645 4622 roroiim
664 4551 866 4618 statuentium
881 4562 944 4612 rare
959 4543 1107 4626 Oripenia
1126 4536 1281 4606 sententio
1295 4531 1359 4617 suit
1378 4539 1437 4596 ato.
1454 4525 1557 4605 Qum·
