3375 5567
449 1706 987 1826 PROLOGUS

614 1973 827 2022 *ΦΘΝ*

180 2714 238 2882 Si
265 2800 565 2878 obtrectatorum
591 2800 739 2901 lingua,
768 2804 988 2895 insciorum,
1013 2807 1203 2885 illusorum
1224 2830 1269 2882 ec

178 2931 395 3029 simplicium
425 2932 462 3003 in
496 2932 651 3005 humana
690 2931 866 3009 socictate
894 2936 1110 3034 quandoque
1142 2958 1266 3011 comes

179 3060 342 3134 incedens
384 3058 463 3134 zoio
502 3059 696 3133 immodico
733 3060 887 3137 alionum
925 3062 1076 3139 nimium
1110 3064 1146 3137 in
1170 3064 1269 3157 jndi-

181 3185 240 3261 ciia
276 3186 443 3286 propriis
479 3187 742 3286 praecipitum,
777 3188 973 3287 ignominia
1011 3191 1175 3267 affecerit
1203 3191 1271 3266 ho-

183 3316 292 3391 mines
324 3314 529 3415 probitate,
552 3317 730 3414 sapientia
759 3333 798 3393 et
825 3318 1021 3393 sanctitate
1049 3318 1269 3416 praeclui-iss

180 3444 314 3531 umus,
346 3443 443 3517 adeo
472 3456 514 3518 ut
542 3444 675 3519 nedum
698 3459 940 3543 praeacutas,
970 3446 1033 3520 sed
1061 3460 1101 3520 ct
1133 3448 1270 3544 posteri

181 3569 398 3670 improvidi,
430 3592 496 3645 nec
532 3570 676 3645 iliorum
708 3570 831 3659 dolos,
859 3594 927 3646 nec
955 3571 1107 3647 istorum
1139 3592 1270 3648 sensus

82 3752 83 3755 ,
185 3712 352 3775 accurate
373 3698 651 3797 investigantes,
670 3700 821 3798 ideoque
841 3702 877 3774 in
899 3700 978 3799 pari
1004 3699 1171 3775 illusione
1191 3724 1273 3776 vcr-

181 3829 260 3915 sati,
283 3826 503 3903 corumdem
533 3825 669 3901 fuerint
695 3842 906 3903 sanctonum
930 3828 1091 3903 virorum
1117 3828 1271 3925 ignomi-

182 3955 254 4029 niae
286 3954 505 4051 suffcagatiz
535 3954 604 4030 hoc
640 3978 728 4030 aune
765 3955 934 4053 Onigani‚
967 3946 1145 4052 Gregorio
1175 3952 1273 4052 Nys-

182 4104 260 4158 scno
287 4083 448 4181 aliisque
475 4083 649 4180 piissimis
680 4082 866 4159 Ecclesiae
891 4083 977 4157 viria
1005 4082 1268 4157 infaustissime

82 4202 83 4219 ³
184 4212 339 4287 accidit.'
357 4208 428 4301 Qui
467 4210 553 4286 licat
589 4211 720 4310 spiritu
754 4211 824 4286 acti
858 4211 1002 4287 sincero
1035 4213 1071 4285 in
1100 4212 1271 4307 dogtnata

185 4340 360 4415 catholico
392 4338 617 4425 vindicando,
645 4352 684 4414 ct
712 4338 873 4416 iidciium
907 4338 1027 4414 coetui
1055 4340 1271 4413 ministran-

187 4464 241 4547 do‚
267 4480 349 4543 tum
372 4488 473 4549 auae,
496 4480 575 4541 tum
600 4467 754 4541 alionum
784 4466 1048 4563 prospicientes
1072 4464 1205 4544 saluti:
1227 4461 1275 4537 ab

188 4592 368 4685 praefatas
397 4606 517 4669 teman
545 4616 676 4670 causas
701 4607 827 4669 contra
851 4594 1014 4692 ipsorum
1040 4605 1140 4676 uota,
1168 4612 1274 4689 spata
