3375 5567
346 749 420 804 tur:
442 748 518 802 suot
536 737 667 820 puidam
686 737 834 814 mancii,
855 735 912 820 qui
931 741 967 801 de
987 737 1189 802 matrissuae
1211 746 1301 800 utero
1320 753 1466 800 amess-

344 837 466 905 tursic.
491 838 632 915 Quidam
647 848 756 902 sutem
778 840 976 903 continentes
997 847 1073 902 suut
1087 845 1221 920 propter
1245 840 1341 902 verba
1358 838 1464 900 homi·

345 959 422 1005 num
434 961 446 1019 3
458 957 602 1021 quorum
617 941 910 1019 concupiscentiam
925 939 1052 1002 virilem
1068 938 1224 1019 praecidit
1241 956 1305 1002 nou
1322 937 1462 1002 sarlium

346 1041 506 1115 divinum,
525 1041 580 1103 sed
603 1042 702 1103 rerba
723 1043 885 1106 humanat
908 1048 1046 1121 utputa,
1069 1043 1126 1121 qni
1148 1041 1366 1121 philosophati
1386 1045 1465 1103 suot

346 1144 433 1224 apud
453 1143 604 1221 antiquos
624 1144 655 1205 in
676 1144 834 1222 gentibus,
857 1150 916 1207 ant
936 1143 1021 1222 apud
1044 1161 1111 1219 eos,
1132 1143 1189 1222 qui
1210 1141 1382 1223 prohibent
1403 1155 1467 1203 ou-

346 1246 436 1320 bere,
457 1246 544 1326 apud
565 1245 736 1308 haereses:
770 1247 822 1310 isti
841 1253 918 1308 suut
940 1244 1108 1320 eunuchi,
1140 1246 1195 1324 qui
1216 1244 1258 1307 ab
1278 1241 1467 1307 hominibus

347 1346 439 1411 dunt.

428 1445 523 1524 «Qui
543 1457 653 1511 autem
673 1449 807 1529 suscipit
828 1447 964 1510 verbum
987 1449 1110 1523 ritum.
1133 1447 1259 1522 efficax,
1282 1453 1316 1509 et
1335 1447 1468 1510 acutius

347 1568 447 1628 super
466 1567 593 1612 omnem
614 1549 757 1629 gladium
779 1549 993 1623 bisacutam,
1015 1557 1047 1611 et
1068 1549 1210 1627 gladium
1231 1549 1364 1627 spiritus
1379 1549 1469 1611 sient
1543 1580 1550 1591 ·

350 1650 540 1729 Apostolus,
554 1659 587 1712 et
600 1649 796 1730 praeciderit
808 1649 1100 1728 concupiscentiam
1115 1665 1221 1724 suam,
1237 1667 1357 1728 corpus
1368 1663 1470 1712 sunm

350 1767 413 1812 nou
435 1759 586 1828 tangens3
608 1756 641 1811 et
661 1749 724 1812 lieo
745 1747 860 1813 iecerit
880 1765 943 1810 non
971 1749 1122 1812 incitatus
1152 1756 1288 1828 propter
1314 1750 1468 1811 timorem

349 1852 529 1926 hominnm,
551 1868 656 1929 oeque
678 1857 812 1929 propter
834 1850 965 1912 laudem
988 1850 1173 1924 numanam,
1195 1850 1251 1912 sed
1267 1857 1402 1929 propter
1417 1869 1472 1912 so-

348 1954 416 2014 lam
435 1969 524 2031 spem
547 1952 637 2030 regni
655 1950 817 2028 coelestis,
833 1951 886 2014 isti
901 1959 988 2027 suut,
1001 1953 1057 2031 qui
1072 1951 1375 2013 eunuchizaverunt
1386 1951 1474 2029 seip-

349 2069 403 2115 sos
424 2059 559 2131 propter
579 2067 714 2130 regnum
736 2047 806 2112 liei.
829 2047 947 2129 Magna
962 2066 1041 2129 ergo
1057 2067 1108 2112 res
1125 2059 1173 2113 est
1187 2059 1320 2131 propter
1334 2067 1475 2128 regnum

353 2153 411 2216 liei
437 2154 602 2232 suscipere
630 2152 959 2215 eunuchizatiouem:
981 2152 1068 2231 qued
1094 2168 1159 2213 non
1183 2149 1316 2229 copiunt
1342 2169 1472 2227 omnes,

351 2255 405 2316 ssd
424 2252 540 2332 pastos
560 2253 670 2315 dotum
690 2261 745 2314 ssi.
769 2250 888 2316 Datum
903 2259 951 2315 est
972 2258 1081 2314 eutem
1102 2252 1263 2327 omuibus,
1278 2252 1335 2331 qui
1358 2251 1474 2333 liuius-

355 2356 441 2418 modi
456 2354 598 2434 gladium
614 2353 802 2432 petuotsibi
823 2369 842 2414 a
865 2349 1039 2415 lieoslix
1062 2352 1110 2414 isis
1132 2353 1242 2432 itaque
1261 2351 1394 2432 limpide
1416 2369 1475 2414 ex·

354 2455 497 2534 position
513 2454 614 2515 latino
634 2450 817 2531 interprete
829 2453 927 2515 sicuti
944 2453 975 2515 in
990 2452 1157 2532 praelatis,
1173 2454 1353 2533 percipitur
1369 2468 1476 2532 qusu-

355 2563 425 2618 tum
445 2554 487 2617 sit
506 2561 676 2616 aversatus
690 2551 847 2631 Origenes
860 2553 994 2616 litterali
1014 2555 1122 2617 sensui
1143 2553 1339 2617 verborum:
1363 2551 1422 2632 qui
1442 2569 1478 2614 rs

355 2663 574 2719 castraverunt
589 2663 719 2733 propter
738 2669 872 2733 repetem
893 2653 1063 2732 coelorum
1085 2654 1162 2734 quin
1185 2655 1311 2733 penitus
1328 2653 1399 2715 inde
1419 2673 1476 2717 su·

355 2755 544 2835 spicaudum
558 2755 610 2829 sit,
626 2754 732 2833 ipsum
749 2755 923 2835 aliquando
939 2763 996 2818 aut
1010 2754 1204 2834 ignorantia,
1219 2756 1288 2817 sire
1309 2754 1391 2831 zelo,
1408 2753 1478 2817 evi-

356 2857 490 2921 ratiouis
507 2865 617 2918 aetum
639 2856 670 2917 iu
689 2858 861 2936 semetipso
882 2872 1069 2934 aggressum
1093 2874 1173 2918 esse.

435 2956 506 3021 lloc
527 2958 610 3020 idem
632 2974 734 3037 porro
754 2960 877 3020 nonita
894 2957 1052 3030 sehabet,
1069 2956 1094 3019 si
1112 2963 1239 3019 textum
1255 2973 1409 3036 praecum
1425 2975 1478 3019 se·

355 3066 506 3135 elemur3
521 3057 577 3120 ont
593 3057 670 3120 huie
690 3058 854 3120 contraria
870 3056 1024 3119 iudicasse
1042 3056 1183 3119 videtur.
1197 3057 1372 3136 Postquam
1387 3057 1476 3119 enim

356 3175 492 3237 graecus
514 3155 702 3237 Anonymus
722 3158 879 3234 excussit,
897 3166 961 3220 tam
978 3157 1010 3218 iu
1031 3165 1141 3220 vetere
1154 3175 1252 3236 quam
1267 3160 1299 3219 in
1314 3175 1398 3221 noro
1414 3154 1478 3220 Te·
1612 3225 1613 3242 p

356 3266 514 3322 stamcoto
528 3275 625 3336 saepe
645 3259 794 3338 praeberi
815 3257 996 3321 necessario
1010 3274 1139 3320 sensum
1153 3258 1346 3336 spiritalem,
1364 3257 1475 3320 littera

358 3359 524 3424 occidente
544 3360 600 3436 qui
615 3375 709 3421 secus
725 3359 891 3438 putaverit
906 3359 950 3437 (io
965 3358 1084 3437 quibus
1100 3360 1167 3438 ipse
1181 3358 1283 3421 latino
1300 3357 1475 3438 interpreti

358 3459 539 3536 conveniti3
558 3459 598 3520 de
610 3475 672 3521 suo
685 3457 795 3520 subdit
815 3458 944 3537 longam
960 3456 1188 3537 digressionem
1203 3476 1338 3539 prorsus
1352 3459 1479 3522 deside·
1612 3501 1613 3528 i

362 3570 465 3621 ratam
488 3561 519 3620 in
539 3558 637 3620 latios
661 3555 828 3634 versione,
853 3559 907 3621 ubi
928 3559 1013 3620 inter
1037 3566 1145 3621 cetera
1168 3558 1266 3623 dicit:
1289 3581 1306 3619 e
1321 3557 1396 3623 Nou
1415 3560 1478 3622 du·

363 3661 507 3722 bitarunt
521 3668 610 3722 certe
623 3660 738 3740 aliqui,
753 3660 810 3739 qni
822 3660 915 3722 uobis
927 3668 1182 3735 antecesserunt,
1199 3676 1329 3724 eausam
1347 3661 1478 3739 scriptis

361 3761 428 3822 suis
448 3761 550 3835 dare,
573 3777 649 3823 oum
670 3767 803 3840 propter
823 3761 992 3822 coelorum
1018 3775 1154 3839 regnum
1176 3759 1323 3823 nonnulli
1346 3761 1476 3822 tertiam

363 3861 589 3922 castrationem
611 3857 774 3936 prioribus
795 3857 922 3921 duabus
943 3858 1081 3921 similem
1113 3859 1180 3938 pati
1201 3860 1271 3922 ausi
1294 3867 1381 3922 sunt.
1407 3857 1479 3922 Nos

363 3969 473 4023 autem
489 3958 656 4022 Christum
678 3955 750 4031 Dei,
779 3955 922 4020 Verbum
944 3954 1016 4034 Dei,
1038 3957 1216 4022 seeundum
1238 3976 1368 4021 earnem
1384 3966 1416 4022 et
1430 3977 1483 4022 se·

363 4061 507 4124 cundum
529 4059 672 4120 litteram
693 4057 772 4121 olim
792 4059 1105 4133 animadvertentes,
1128 4076 1213 4121 nuuc
1234 4058 1320 4122 nand
1337 4059 1484 4140 amplius

364 4167 583 4240 agnoscentes,
605 4177 721 4222 eorum
744 4160 1041 4238 interpretationem
1063 4161 1156 4238 quasi
1173 4159 1253 4222 bene
1267 4161 1483 4239 eomprehen-

365 4262 481 4335 deriot,
505 4277 568 4320 uon
583 4259 770 4338 probemus,
784 4261 841 4339 qui
855 4259 1004 4322 coelestis
1018 4261 1108 4338 regui
1121 4260 1284 4325 obtinendi
1300 4277 1402 4325 causa
1418 4271 1485 4326 ter·

367 4363 443 4424 tiam
464 4362 524 4423 sint
544 4362 770 4424 castrationem
792 4360 975 4424 intulerunt
995 4370 1091 4423 etc.»
