3375 5567
1198 700 1239 771 il

155 803 236 868 nem
251 804 416 887 loquitor:
436 821 574 887 quorem
595 808 814 871 inermes
833 804 1012 871 inmittitur
1033 806 1087 869 ml
1107 824 1148 869 ro
1173 804 1239 871 Deo
1346 878 1351 889 ⁴

156 914 196 969 etl.
215 926 230 963 s

214 1006 258 1072 llx
275 1008 387 1075 (insitii
414 1027 514 1091 porro
536 1010 690 1077 &nactis
720 1009 917 1088 graeoamois
939 1009 1104 1075 varimode
1126 1008 1240 1089 expla-

153 1116 229 1173 nstnr
237 1108 381 1192 origenis
397 1114 571 1193 expositio:
585 1134 603 1177 r
615 1110 720 1175 Ernst
732 1120 838 1176 notem
845 1110 930 1192 justi
941 1111 1030 1175 omlo
1044 1102 1118 1177 nota
1129 1108 1239 1175 mum.

153 1207 207 1287 lpse
222 1212 300 1275 enim
320 1214 411 1277 novit
430 1215 530 1278 eorda
552 1216 733 1288 hominnm,
755 1214 831 1294 qnia
853 1213 951 1277 solus.
964 1215 1026 1277 aoit
1054 1214 1148 1294 digne
1168 1212 1243 1277 lan·

152 1310 212 1373 lara
227 1312 433 1391 laetabilem,
454 1324 488 1379 et
507 1314 604 1395 <ligne
617 1314 774 1396 'indicare
797 1313 1065 1393 vituperabilem:
1087 1315 1242 1394 qnoniam

152 1409 219 1473 aitet
235 1414 265 1475 ia
284 1414 417 1477 ooenlto
430 1430 491 1479 neo
509 1414 617 1479 solnm
632 1416 789 1489 notiones,
808 1413 865 1477 sed
880 1423 913 1477 et
933 1414 1154 1493 cogitationes.
1173 1411 1244 1481 Nn-

151 1509 271 1577 lrenim
291 1515 351 1596 ipsi
374 1532 486 1579 rernm
507 1522 625 1579 natnrs
647 1516 869 1596 conspicitur,
892 1524 925 1579 et
944 1534 1062 1596 seopns
1090 1516 1244 1596 explora-

151 1620 190 1675 tm
206 1621 258 1677 est
278 1613 435 1681 Homines
455 1626 567 1681 antem
588 1618 736 1681 nesoinnt
756 1615 851 1697 tltpne
870 1616 1021 1691 laniare,
1044 1619 1165 1697 qnippe
1185 1616 1242 1697 qni

150 1714 267 1795 itpnotl
288 1718 434 1796 ridetur,
457 1720 654 1801 respioinn13
677 1719 808 1785 oeenlta
832 1738 910 1785 vero
932 1720 1094 1799 ignorant,
1112 1728 1149 1783 et
1170 1737 1245 1799 pro-

148 1822 432 1892 pemmonem
452 1838 549 1902 saepe
579 1822 762 1905 opinionem
790 1822 1046 1902 ampleotnntnr.
1079 1819 1121 1883 Et
1148 1820 1247 1883 aliter

150 1918 352 1998 pellemini,
373 1923 472 1987 aliter
492 1943 573 1989 vero
593 1922 681 1989 Dens
703 1922 784 1987 vitas
805 1923 973 1987 hominnm
995 1922 1161 2003 diiudicat.
1184 1920 1246 1985 tto-

150 2026 197 2084 test
213 2024 294 2087 enim
315 2022 388 2088 fleri
410 2032 454 2104 nt
468 2026 649 2091 seonndntn
669 2025 701 2089 ti
724 2024 812 2104 quot
840 2024 984 2096 ridetur,
1005 2023 1124 2102 aliquis
1136 2023 1246 2104 justus
1386 2052 1390 2059 ·

149 2120 182 2183 sit
197 2122 225 2183 in
243 2131 421 2206 eonspeetn
442 2127 622 2203 hominnm,
643 2129 685 2203 in¹
698 2126 831 2191 oeontto
853 2132 964 2189 antem
987 2126 1100 2189 mentis
1121 2140 1184 2187 non
1205 2124 1248 2193 eit

149 2221 311 2302 ejusmoni,
334 2226 391 2290 setl
417 2227 555 2292 latentes
576 2228 693 2293 hebeot
718 2227 929 2308 cogitationes
957 2243 1138 2307 perversas.
1167 2221 1246 2286 Tale

148 2323 209 2401 pit
226 2329 325 2391 etiam
347 2327 470 2396 Panlns
495 2329 655 2412 signifieat
675 2330 783 2395 dicens
810 2330 853 2393 tle
873 2328 1088 2409 quibusdamr
1112 2344 1248 2409 pisorum

148 2425 206 2493 lm
221 2447 286 2493 nor
305 2448 350 2491 ex
368 2415 546 2495 Mmiriltts'
566 2432 619 2495 reti
638 2450 679 2493 em
702 2430 765 2509 ileo
785 2440 839 2492 sat.
863 2450 880 2489 o

208 2532 257 2597 Ex
272 2534 330 2597 'leis
350 2534 451 2614 ipitnr
471 2535 700 2600 collationibus
721 2534 843 2615 inspice
864 2532 1114 2612 discrepentiom
1145 2531 1245 2613 linitis

149 2632 286 2697 senionis
311 2634 356 2697 alt
372 2635 480 2699 altera
500 2636 656 2716 antiqno:
679 2643 713 2699 et
731 2634 882 2715 qnamsis
907 2633 1165 2701 substantialiter
1185 2650 1248 2695 non

147 2732 179 2793 sit
194 2740 339 2800 notatos
351 2736 384 2798 in
404 2736 510 2817 prisea
526 2739 676 2803 versione
699 2736 992 2812 tucionensem,
1018 2744 1123 2799 temen
1138 2734 1248 2815 quood

148 2838 561 2920 tennimmmimplieem,
583 2858 622 2904 ae
640 2841 818 2905 litteralem
840 2838 990 2919 Origeois
1018 2837 1250 2919 expositionem

148 2937 228 3001 utto
246 2958 314 3004 naa
335 2941 378 3003 sl)
398 2942 502 3004 attera
523 2941 654 3007 ‹litiertz
677 2945 721 3007 ita
743 2951 782 3007 nt
807 2940 1013 3024 paraphrasis
1035 2942 1143 3019 potins
1164 2937 1249 3001 diea-

147 3046 191 3101 tnr
210 3042 318 3106 aemio
338 3042 471 3123 antiqua
493 3063 538 3108 ex
557 3043 774 3109 'translatoris
798 3044 936 3107 arbitrio
956 3041 1125 3115 contenta,
1145 3058 1244 3119 onem

148 3140 330 3208 substenta
344 3146 635 3226 expressionem
644 3146 821 3228 originalis.
835 3143 1059 3222 Quamobrem
1070 3144 1095 3206 si
1109 3143 1140 3203 in
1151 3158 1249 3223 qnos·

145 3242 233 3308 stione
251 3243 294 3310 tle
314 3247 439 3328 engolis
461 3248 564 3314 selnti
589 3250 879 3330 praenotavimus,
900 3250 933 3311 in
963 3245 1068 3311 citatis
1099 3242 1249 3309 llomiliis

145 3358 231 3425 seper
250 3345 469 3427 Evangelinm
489 3349 555 3411 tliei
575 3346 697 3425 Lucae,
719 3348 876 3415 nonnulla
897 3348 1036 3414 obseura
1058 3350 1247 3421 ooeurrnnt,
1289 3334 1294 3345 '

145 3456 177 3503 te
193 3446 328 3526 insuper
347 3448 453 3512 mione
473 3448 622 3531 Origene
642 3450 809 3516 doetrinne
830 3451 1051 3524 oonseotarin,
1073 3465 1172 3529 qnam
1193 3446 1253 3509 ali·

146 3539 171 3603 li
190 3547 322 3611 tradidit
350 3565 451 3629 prope
472 3548 638 3615 lleolesise
659 3550 848 3618 Catholicae
868 3568 1026 3622 sensum,
1048 3556 1107 3615 ant
1136 3547 1251 3611 sellem

145 3648 314 3712 mnndum
331 3658 409 3714 tnno
421 3651 654 3717 invalescentes
666 3653 832 3734 opiniones
843 3654 885 3717 tle
899 3652 1034 3733 angelis,
1057 3668 1121 3715 aon
1135 3647 1250 3729 Orige-

144 3746 216 3811 nisa
235 3752 441 3817 inseriltentlo
455 3760 542 3830 snat,
558 3755 615 3819 oei
630 3752 818 3836 interpretis
836 3757 994 3829 incuriae,
1017 3760 1075 3817 ont
1101 3750 1253 3833 propriae

147 3852 354 3918 morterentli
375 3854 537 3919 metlaotlo.
554 3854 649 3933 Qnae
670 3856 839 3921 translatio
859 3874 903 3920 ex
923 3856 1056 3935 entiqna
1074 3850 1253 3932 inscriptio·

146 3964 179 4012 ne
199 3954 371 4019 rideretur
389 3972 417 4019 s.
440 3954 642 4041 Hieronymo
663 3957 837 4022 reddentia.

220 4055 332 4139 Sionis
346 4058 478 4123 tlemnm
493 4078 535 4123 ex
557 4060 713 4141 praelatis
725 4057 876 4123 Homiliia
895 4068 929 4123 et
949 4056 1026 4121 alibi
1045 4056 1152 4130 instet,
1167 4070 1258 4124 eninr

149 4152 212 4219 tien
232 4160 328 4241 loqni
349 4161 391 4225 de
410 4162 532 4242 angelis
551 4161 746 4226 coelestibus
766 4162 884 4242 onlpne
905 4158 1053 4225 obnoxiis
1068 4159 1099 4219 in
1116 4157 1258 4253 ministe-

151 4258 193 4320 rio
211 4280 286 4338 sno,
309 4263 353 4327 ob
373 4281 410 4327 ea
436 4263 553 4327 verba:
575 4260 655 4345 quio
681 4259 788 4343 oupeli
806 4281 913 4325 eorum
938 4278 1054 4341 semper
1076 4256 1184 4320 viderat
1208 4256 1258 4334 lo·

150 4357 218 4425 emm
239 4362 368 4443 Patris,
388 4364 447 4446 qut
466 4364 504 4428 ira
523 4363 618 4429 coelis
632 4375 688 4429 erto
712 4363 970 4445 respondendnm
987 4368 1034 4427 est
1056 4377 1118 4424 non
1134 4358 1261 4438 nhiqne

151 4456 318 4545 origenem
346 4468 379 4531 in
397 4486 494 4533 renen
523 4458 659 4548 proprio
683 4484 721 4531 eo
749 4463 998 4547 prolerre,.sed
1026 4469 1058 4529 et
1082 4457 1257 4543 aliqnando

155 4560 490 4649 improperentur
516 4567 772 4647 similitudinem,
795 4568 986 4649 praesertim
1007 4583 1083 4633 cnm
1108 4563 1259 4644 loquitur
