3375 5567
238 784 321 863 Quid
342 791 456 851 autem
474 802 513 849 ea
544 785 643 849 rerba
664 802 837 851 commune
859 784 999 849 habeant
1019 802 1093 849 cnm
1123 783 1273 865 dogmate

173 887 397 968 decerperem
420 888 639 951 bumanorum
667 888 930 963 resurrectione,
954 887 1139 967 tuorumque
1162 894 1275 950 rotun·

172 988 256 1051 ditate
276 990 308 1051 iu
330 990 397 1053 rita
420 989 547 1063 iutnra,
570 989 677 1051 videat
696 989 754 1069 qui
776 996 897 1053 attente
922 990 1124 1071 perspexerit
1145 992 1177 1051 in
1198 988 1275 1053 Ori·

173 1108 247 1169 gens
265 1099 410 1156 mentem
430 1091 637 1166 excutientis,
659 1088 825 1170 quomodo
843 1090 951 1154 omnia
964 1108 1049 1170 quae
1064 1097 1139 1153 sunt
1151 1090 1221 1153 sive
1241 1090 1274 1151 in

172 1173 272 1265 soriis,
292 1195 365 1256 sire
396 1194 429 1255 iu
451 1199 551 1264 terra,
571 1192 642 1255 sive
671 1192 703 1252 iu
722 1192 957 1265 subterraneis,
979 1191 1105 1271 singnis
1128 1207 1189 1271 pro
1210 1208 1274 1255 sue

170 1310 249 1357 nure
267 1311 376 1374 genus
397 1292 529 1356 tiectant
546 1309 658 1355 coram
678 1290 759 1355 iesu
779 1291 979 1353 adorationis
1000 1309 1080 1371 ergo
1101 1300 1133 1355 et
1148 1292 1274 1355 centes-

170 1394 266 1457 sionis.
289 1391 452 1470 Quamvis
472 1392 608 1472 insuper
627 1393 667 1455 de
690 1393 858 1472 spiritibus
874 1393 1069 1457 coelestibus
1091 1396 1152 1458 bue
1177 1394 1276 1457 dixis·

170 1514 198 1557 se
215 1496 381 1575 putareris
396 1495 574 1559 Auctorem
597 1495 729 1575 (quippe
748 1495 960 1558 substantiam
979 1513 1170 1578 corpoream
1195 1514 1275 1575 quu-

171 1595 329 1659 dammudu
351 1596 466 1659 iisdem
494 1595 636 1669 tribnat)
659 1595 736 1660 uibit
760 1595 822 1658 troc
849 1592 949 1658 officit
969 1594 1135 1661 doctrinae
1162 1597 1202 1659 de
1223 1596 1277 1659 tn-

172 1705 232 1759 tura
260 1698 505 1775 resurgentium
526 1712 704 1771 corporum
737 1695 940 1775 conditione;
962 1714 1026 1760 nun
1053 1697 1137 1761 enirn
1169 1698 1274 1777 angeli

171 1815 300 1877 anquam
321 1806 508 1877 resurgent
539 1795 664 1861 Verum
685 1817 704 1859 e
731 1806 888 1862 contextu
909 1798 949 1861 de
971 1796 1094 1861 cunctis
1115 1800 1276 1863 creaturis

172 1908 249 1979 patet
268 1904 381 1980 potins
406 1900 499 1979 loqui
514 1899 767 1978 Adamantium3
789 1898 923 1978 proinde
944 1917 1029 1979 qnae
1050 1918 1189 1979 corpora
1204 1918 1278 1965 coe·

172 2001 250 2066 testis
271 2002 315 2065 ibi
339 2012 521 2084 nuncupet,
541 2010 630 2064 astra
654 2001 796 2065 indicat:
818 2018 917 2082 quse,
940 2019 1015 2065 cum
1038 2018 1096 2083 per
1117 1999 1175 2065 Dei
1197 1998 1277 2065 Ver·

173 2102 237 2165 bum
254 2105 353 2167 sicuti
375 2111 410 2167 et
429 2103 536 2167 omnia
557 2102 642 2165 tacta
663 2105 740 2178 sint,
761 2104 868 2165 emnia
886 2102 1008 2181 pariter
1028 2104 1161 2188 mystice
1178 2121 1277 2183 genu·

173 2202 290 2271 destant
309 2224 429 2271 coram
449 2224 509 2282 eo,
528 2205 668 2288 ejusque
688 2207 844 2271 virtutem
866 2205 1046 2281 extollunt,
1068 2205 1169 2269 veluti
1189 2203 1279 2271 Psal-

173 2307 250 2367 nista
269 2308 404 2388 saepius
425 2307 551 2371 recinit.

105 2465 106 2468 ,
243 2406 382 2489 insuper
402 2415 437 2471 et
450 2407 557 2488 quoad
580 2408 641 2472 ists
655 2407 696 2471 de
717 2408 865 2473 rotundis
886 2410 1091 2489 cerporibus,
1117 2416 1149 2473 et
1166 2408 1284 2490 quoad-

173 2506 224 2570 atis
242 2510 281 2573 de
301 2510 470 2587 corberiis,
492 2528 578 2591 quae
598 2512 699 2593 panio
720 2521 795 2575 ante
808 2511 942 2593 Origeni
963 2513 1201 2594 objiciebantur
1223 2530 1277 2575 re·

172 2608 223 2672 luti
241 2628 394 2687 eneam,
423 2613 599 2677 admodum
619 2614 764 2689 contest,
785 2614 873 2695 quod
904 2615 1025 2696 ipsein
1047 2613 1144 2677 Libro
1166 2612 1208 2677 tt.
1231 2612 1276 2677 De

172 2707 401 2779 iirmrrcctiosr
415 2734 457 2779 ex
471 2716 537 2780 divi
554 2715 646 2779 Panti
666 2716 785 2779 verbisr
806 2715 877 2779 ets'u
893 2736 968 2783 cero
987 2715 1276 2795 uetustissimis

175 2813 336 2893 miserum,
358 2814 430 2881 otia
447 2815 588 2897 piscium
608 2826 664 2880 ere.
686 2818 810 2881 scribit:
836 2816 936 2882 «Sed
958 2821 1043 2883 siem
1065 2836 1129 2881 uon
1150 2825 1200 2881 cst
1219 2834 1279 2897 pu·

173 2915 305 2993 uatum,
317 2918 409 3000 quod
429 2917 617 2981 animalium
634 2936 755 2999 eorpus
774 2925 970 3000 accepturus
979 2919 1021 2981 sit
1041 2925 1277 2999 pcccator,aut

172 3015 345 3093 reinerum,
366 3027 427 3083 ant
446 3020 595 3099 piscium
609 3021 657 3083 sic
677 3038 783 3100 neque
797 3002 888 3095 sotis,
910 3019 1094 3099 ortlucas,
1116 3025 1175 3082 aut
1197 3018 1273 3081 stei-

171 3113 265 3181 lsrum
286 3119 428 3185 termam
457 3120 656 3200 sperandum
676 3130 725 3185 est
744 3119 894 3202 accipere
914 3138 990 3194 ens,
1014 3121 1070 3201 qui
1098 3126 1273 3200 resurgent

173 3216 328 3302 ingloria,
342 3222 400 3287 sed
420 3222 562 3302 exempti
576 3240 675 3286 eausa
695 3221 780 3285 dieta
794 3238 864 3285 esse
881 3222 961 3285 baec
971 3221 1013 3283 ab
1035 3220 1193 3301 Apostoto
1204 3236 1275 3284 sen·

173 3320 300 3386 tiendum
320 3332 385 3399 est,
407 3330 445 3388 ut
463 3324 651 3403 designetur
671 3340 731 3401 per
752 3324 856 3396 baec,
882 3322 971 3402 quod
992 3322 1046 3385 aiii
1070 3340 1130 3405 pru
1152 3323 1275 3387 meritis

173 3422 228 3483 suis
246 3424 507 3489 honorabiliores
529 3434 561 3489 et
581 3425 738 3489 clariores
759 3431 868 3501 eruut,
892 3424 1035 3489 beatiora
1057 3442 1191 3505 quoque
1218 3424 1275 3486 ba·

175 3517 300 3589 iitaenta
320 3527 472 3590 sortituri
493 3534 556 3589 ete.
579 3544 597 3583 a
621 3524 746 3588 luteres
763 3542 805 3588 es
827 3526 1030 3599 biseernitu,
1050 3543 1148 3606 quam
1163 3525 1274 3589 imme·

175 3621 227 3685 rito
248 3625 469 3710 Hieronymus
489 3636 524 3691 et
542 3645 618 3692 eum
640 3646 680 3691 ee
701 3628 829 3692 ductor
852 3626 1015 3707 Epistulae
1036 3627 1076 3689 ad
1103 3624 1272 3700 biennem,

174 3720 330 3805 brigeeem
345 3729 605 3808 reprobaverint,
620 3729 713 3809 quasi
728 3729 796 3809 ipse
806 3746 984 3807 corporum
996 3729 1270 3792 resurrectionem

176 3834 315 3902 emeat,
329 3848 390 3893 seu
413 3828 579 3893 Ecclesiae
592 3828 780 3893 Catholicae
798 3846 929 3894 sensnm
944 3829 1144 3908 corrupisset
1164 3830 1203 3891 de
1218 3846 1273 3891 na·

177 3930 238 3989 tura
257 3931 405 4012 corporis
426 3930 570 3994 mutandi
591 3930 623 3992 in
646 3931 898 4009 resurreetiuue;
914 3947 953 3993 ac
973 3929 1112 4009 amptius
1128 3930 1272 4010 aliquau-

177 4021 210 4084 do
229 4028 326 4094 vetuti
349 4048 401 4093 res
428 4031 532 4093 tenuis
552 4046 591 4092 ae
610 4029 778 4109 spiritatis,
811 4028 996 4109 dissipandi,
1019 4036 1052 4093 ct
1071 4030 1102 4090 in
1135 4029 1271 4093 nibilum

179 4128 315 4201 paulatim
333 4132 522 4206 reducendi,
541 4133 623 4195 adeo
637 4138 674 4195 ut
688 4148 767 4195 care
783 4130 901 4210 eulpae
917 4133 1089 4212 particeps,
1108 4131 1185 4193 nihii
1198 4130 1271 4193 inde

181 4240 298 4301 tsuura
317 4235 362 4297 sit
381 4234 467 4314 apud
489 4232 610 4296 interos
630 4242 693 4295 etc.

226 4324 358 4396 ὓεωιιω
379 4334 413 4394 iu
433 4333 520 4395 bunc
539 4332 651 4396 tecum
673 4331 854 4396 revocanda
876 4339 962 4407 suut,
983 4350 1068 4413 qnae
1088 4334 1216 4413 saepius
1237 4337 1270 4394 et

180 4426 289 4501 triten
313 4434 476 4497 immerito
499 4453 525 4496 s.
548 4431 672 4497 Ductor
695 4433 800 4497 eidem
822 4432 1013 4496 Adamantiu
1034 4434 1212 4516 exprobrat
1227 4456 1269 4501 ex

184 4520 400 4599 Commentario
414 4534 452 4599 ia
467 4530 663 4598 diuitiarum
673 4542 705 4598 et
721 4536 895 4615 praecipue
909 4551 950 4597 es
965 4531 1070 4598 Libris
1087 4532 1130 4597 Dr
1147 4533 1272 4599 Prisci·
