3375 5567
462 817 532 862 esse
555 797 743 862 veritatem:
766 795 854 878 apud
877 797 1083 870 nouantem,
1106 793 1164 875 qui
1186 792 1245 858 bei
1267 793 1479 876 omnipotentis
1497 809 1549 854 non

465 915 638 978 possumus
659 897 805 978 recipere
820 897 1008 974 raritatem,
1031 895 1253 976 imaginariam
1271 896 1432 961 raritatem
1454 893 1548 956 sideri:

466 1009 504 1064 ιιι
526 998 675 1081 majestas
695 1016 734 1062 ao
755 996 942 1078 magnitudo
965 996 1098 1078 maioris
1113 996 1353 1077 quodammodo
1374 995 1552 1061 eiranmseri·

466 1111 519 1182 pta
539 1101 699 1164 sentiatur
718 1100 750 1162 in
772 1097 877 1178 Fili03
901 1095 1005 1162 Deum
1029 1096 1157 1160 Patrem
1178 1116 1247 1162 esse
1268 1098 1378 1162 lumen
1399 1099 1553 1178 incompre-

466 1197 644 1266 hensibile:
677 1200 842 1266 Christum
864 1199 1038 1264 oollatione
1060 1197 1166 1262 Patris
1189 1199 1394 1279 splendorem
1416 1217 1478 1262 essa
1497 1215 1556 1278 per·

465 1321 617 1385 parrum,
632 1303 690 1382 qui
709 1301 796 1384 apud
818 1319 876 1364 nos
892 1318 953 1382 pro
974 1299 1195 1364 imbecillitate
1209 1308 1320 1364 nostra
1342 1316 1484 1378 magnum
1501 1315 1556 1360 esse

465 1403 624 1467 rideatur.
646 1422 664 1460 s
686 1402 783 1466 aiter
803 1419 894 1478 sero,
917 1401 1000 1464 idest
1013 1397 1214 1480 Theophilus
1236 1400 1321 1478 apud
1346 1399 1555 1481 llieronpmnn

465 1501 610 1583 Epistola
630 1497 682 1567 92.
702 1498 734 1564 2.
754 1484 872 1564 ιοιιίιι
898 1497 991 1576 Quod
1006 1497 1113 1563 Filius
1127 1497 1214 1563 nobie
1232 1508 1444 1580 eomparatur,
1464 1496 1502 1562 rit
1520 1515 1558 1556 ιι-

463 1601 568 1677 riter,
590 1600 685 1666 Patri
705 1601 873 1676 conlatas,
896 1599 1105 1665 mendacium.
1130 1600 1280 1664 Rursus:
1306 1608 1459 1684 quantum
1477 1597 1558 1680 distat

464 1703 591 1768 Paulus
603 1712 632 1766 οι
646 1701 761 1767 Petrus
775 1724 796 1765 o
811 1699 990 1779 Saloutare,
1008 1711 1097 1766 tanto
1121 1699 1269 1766 Salvator
1288 1700 1449 1765 minorent
1469 1699 1555 1764 Ριιιο.

545 1805 669 1885 laspine
689 1804 905 1881 calumniam,
929 1807 1048 1868 mirare
1072 1806 1227 1869 versionis
1259 1804 1453 1868 falsitatem:
1474 1810 1558 1866 atten-

466 1907 535 1969 dito
554 1906 743 1986 paulisper,
764 1905 792 1968 si
812 1922 957 1986 nuquam
979 1904 1049 1969 lieri
1071 1907 1231 1984 potuerit,
1253 1906 1328 1968 talia
1352 1906 1482 1970 edidisse
1500 1903 1559 1966 ilri-

467 2007 582 2086 giuem.
614 2003 702 2068 litai
724 2022 839 2068 resera
871 2007 938 2086 ipsa
960 2022 997 2068 aa
1030 2005 1196 2085 putaverit
1217 2013 1249 2068 et
1277 2004 1419 2082 dixerit,
1441 2004 1560 2067 delirum

465 2105 629 2170 existimes
649 2122 778 2168 neeesse
792 2112 852 2168 est.
875 2103 979 2169 Panlo
995 2113 1069 2168 ante
1089 2107 1173 2169 enim
1190 2123 1325 2185 prorsas
1343 2106 1500 2170 contraria
1517 2103 1561 2164 do·

464 2206 542 2271 enit.
564 2203 607 2269 Et
619 2204 777 2286 siquando
791 2206 932 2283 eveniat,
948 2214 984 2270 nt
1004 2204 1076 2286 quis
1093 2205 1123 2268 iu
1146 2204 1296 2286 pluribus
1311 2205 1506 2270 excutiendis
1522 2221 1560 2266 er

464 2315 526 2383 rat,
541 2324 599 2369 seu
623 2307 713 2370 saria
734 2313 767 2370 st
784 2307 947 2371 contraria
963 2325 1095 2387 quoque
1114 2306 1295 2386 loquatnr3
1318 2306 1509 2388 impossibile
1526 2313 1560 2366 ιι-
1597 2297 1598 2300 ’

465 2424 537 2470 men
559 2415 621 2480 est,
641 2408 747 2470 sirum
770 2406 802 2469 in
822 2407 936 2470 eadem
951 2409 1242 2486 argumentatione,
1263 2425 1301 2470 ao
1323 2408 1364 2470 de
1386 2411 1454 2487 ipso
1472 2404 1560 2484 subja·
1597 2481 1598 2484 Ἴ

466 2515 542 2581 eto,
570 2506 630 2569 sibi
651 2507 684 2568 in
705 2525 768 2569 suo
788 2523 885 2569 seusu
907 2507 1085 2570 adversari.
1113 2506 1207 2570 Prius
1229 2508 1413 2584 considera,
1436 2523 1512 2587 qnae
1529 2523 1560 2566 ex

467 2605 665 2671 Bibliotheca
680 2605 892 2670 Gallandiana
917 2615 1063 2686 excerpto
1087 2606 1122 2668 io
1138 2605 1302 2670 Paulinum
1323 2606 1377 2672 23.
1406 2625 1435 2668 u.
1449 2601 1496 2670 tti.
1512 2604 1561 2665 alt:

463 2705 538 2785 quis
557 2716 600 2769 est
620 2705 678 2769 ιἰιο
696 2724 756 2767 rsa
775 2705 919 2785 gloriae:
941 2704 1098 2770 Βοιιὲιιιιι
1123 2705 1274 2768 virtutum
1286 2726 1296 2766 .·
1310 2728 1326 2766 ι
1339 2705 1438 2783 Quod
1461 2707 1509 2766 hle
1526 2703 1562 2762 di

466 2808 554 2871 oitnr
573 2825 672 2884 nune,
691 2808 941 2885 omnipotentem
961 2807 1100 2871 ostendit
1119 2793 1345 2871 Salvatoreme
1364 2805 1411 2872 sie
1431 2801 1564 2869 disicite

464 2907 571 2971 minse
599 2909 816 2994 omnipotens:
839 2905 927 2970 Pone
950 2907 1104 2992 glorium,
1124 2906 1211 2970 misit
1238 2927 1285 2971 me
1313 2909 1360 2970 od
1380 2917 1419 2970 ιι.
1448 2905 1521 2972 Cum
1538 2919 1562 2962 e

465 3008 531 3071 nim
551 3008 752 3088 omnipotens
772 3008 814 3071 sit
835 3005 944 3085 Pater,
969 3001 1049 3077 tiis
1071 3001 1230 3092 ἀπέστειλε
1253 3004 1504 3106 Παντοκράτοριι
1522 3001 1562 3066 fl·

464 3108 547 3171 lium
563 3107 649 3171 misit
666 3106 941 3187 Omnipoteniem.
957 3106 1098 3173 Joaunes
1112 3127 1245 3190 qnoque
1259 3110 1291 3172 io
1306 3107 1500 3194 Apocalypsi
1516 3105 1561 3167 ait:

465 3210 540 3272 boen
559 3205 638 3271 dicit
650 3205 736 3271 testis
748 3205 852 3286 fidelis
866 3216 895 3270 οι
913 3227 1025 3287 seran,
1047 3209 1104 3292 qui
1123 3208 1202 3292 fnit,
1216 3219 1245 3272 et
1264 3208 1323 3289 qui
1342 3220 1402 3288 eat,
1424 3218 1453 3272 et
1465 3207 1517 3288 qni
1527 3224 1564 3266 ιο-

466 3313 554 3387 niet,
576 3301 649 3407 περὶ
671 3307 729 3378 τοῦ
751 3304 901 3406 Σωτῆρος
925 3305 1186 3402 ὁμολογουμένως
1206 3309 1322 3391 isam,
1345 3314 1388 3377 de
1417 3309 1565 3378 salvatore

466 3414 534 3477 sino
555 3413 778 3477 controversia
798 3413 947 3492 loqueos.
970 3431 1008 3498 ι

546 3512 668 3576 Deinde
689 3513 720 3575 in
741 3513 944 3594 propositum
966 3529 1131 3587 reversus,
1155 3511 1334 3588 considera,
1351 3511 1512 3592 quomodo
1525 3523 1564 3570 aa·

467 3621 541 3677 seat
560 3611 715 3693 Origenes
739 3611 858 3676 Filium
878 3629 1070 3692 separares
1096 3612 1208 3685 Patre,
1230 3631 1305 3677 enm
1326 3614 1393 3676 sint
1413 3613 1444 3674 in
1465 3618 1563 3674 natura

466 3730 551 3775 unns
559 3731 571 3791 3
594 3711 732 3793 ideoque
751 3712 884 3790 scribit:
909 3733 926 3772 s
947 3708 1195 3776 Observandum
1217 3729 1357 3792 namque
1379 3719 1447 3788 est,
1468 3706 1565 3788 nequis

466 3813 611 3876 incorrat
622 3813 737 3875 inillas
747 3812 904 3875 absurdas
920 3811 1047 3875 tabulas
1058 3829 1186 3888 eorum,
1202 3814 1257 3894 qui
1274 3812 1472 3892 prolationes
1485 3825 1566 3889 quas·

466 3913 539 3975 dam
561 3913 620 3975 sibi
641 3913 716 3992 ipsis
736 3913 924 3994 depingunt,
949 3920 985 3976 nt
1005 3911 1146 3975 divinam
1168 3922 1319 3976 naturam
1342 3913 1373 3974 in
1397 3920 1500 3990 partes
1521 3925 1564 3968 ιο-

466 4023 551 4088 οοιιι,
573 4022 607 4077 et
629 4013 733 4076 Deum
751 4012 877 4076 Patrem
899 4022 1058 4092 qnantum
1080 4015 1111 4076 iu
1124 4031 1159 4078 se
1173 4023 1233 4089 est,
1249 4014 1407 4092 dividant;
1429 4031 1500 4078 enm
1514 4011 1564 4072 hoc

466 4115 507 4177 ds
527 4117 718 4193 incorporea
733 4120 849 4178 natura
874 4115 923 4177 sel
939 4115 1057 4179 leviter
1074 4116 1246 4195 suspirari,
1262 4132 1325 4178 non
1346 4115 1454 4178 solnm
1472 4117 1565 4176 extre·

466 4232 538 4280 mse
552 4217 725 4297 impietatis
738 4217 791 4292 sit,
815 4233 929 4279 rernm
946 4219 1040 4280 etiam
1064 4217 1197 4281 ultimae
1212 4217 1424 4297 insipientiae;
1439 4233 1496 4278 nec
1508 4229 1563 4274 orn·

470 4317 545 4380 nino
566 4316 605 4378 sd
636 4315 879 4394 intelligentiam
900 4334 1121 4398 consequens,
1146 4326 1182 4382 ιιι
1203 4319 1414 4398 incorporeae
1441 4323 1563 4377 naturae

465 4415 685 4480 substantialis
706 4415 821 4478 divisio
843 4417 942 4495 possit
963 4417 1109 4497 intelligi.
1132 4415 1236 4498 lingis
1257 4434 1334 4497 ergo
1354 4417 1440 4480 sicut
1465 4413 1562 4476 volun·

468 4523 516 4578 tas
536 4516 682 4596 procedit
703 4525 853 4593 emente,
873 4523 904 4582 et
919 4533 1023 4598 neque
1045 4525 1169 4598 partem
1186 4519 1328 4599 aliquam
1351 4516 1562 4582 montisaenei,
