3375 5567
163 788 262 871 cipalis
282 788 457 855 substantia
479 788 511 851 in
531 805 569 852 es
591 794 682 870 parte
703 796 763 864 est,
786 804 872 870 qnae
891 794 941 852 est
958 786 999 851 nd
1014 788 1259 855 similitudinem

164 890 212 956 liet
230 894 408 957 crealoriss
424 892 622 955 alternasse
642 910 684 957 ex
704 892 802 973 onlpn
823 892 855 955 in
869 890 1169 973 dgmeuto,qnnde
1188 891 1262 973 pnl-

162 1012 227 1058 sese
249 1004 358 1057 terrae
377 1003 541 1073 sumptam
556 1002 617 1073 est,
632 1002 732 1074 atque
753 992 905 1074 equidem
919 994 946 1057 si
959 992 1052 1057 obliti
1068 993 1171 1057 selnti
1183 992 1261 1059 snb-
1286 1058 1292 1069 ,

160 1097 286 1159 stantiae
307 1095 461 1169 melioris,
476 1112 561 1175 qnae
583 1094 614 1157 in
636 1094 806 1173 nobisne,
827 1093 858 1159 ei
878 1093 1043 1175 figmento,
1064 1094 1153 1174 qnod
1173 1100 1261 1157 esta

159 1196 298 1275 pulvere,
316 1195 553 1259 subdiderimus
568 1213 626 1260 nne
639 1196 738 1277 ipsos,
749 1214 824 1278 pars
838 1195 937 1260 etiam
951 1197 1168 1277 praestantior
1182 1196 1261 1259 ime·

160 1298 253 1376 ginem
277 1298 397 1361 terreni
417 1305 534 1363 sumet.
557 1296 612 1363 Sin
633 1316 712 1362 aero
726 1298 953 1379 intelligentes,
966 1296 1056 1379 quod
1073 1297 1195 1362 iactum
1213 1304 1263 1361 est

158 1398 191 1461 sd
211 1399 393 1478 imaginem,
415 1405 447 1462 et
468 1398 555 1479 qnod
575 1408 741 1481 sumptum
763 1406 812 1463 est
833 1418 851 1461 a
874 1401 1013 1482 pulvere
1036 1406 1155 1476 terrae,
1171 1398 1260 1461 ineli-

155 1502 333 1563 naaerimns
353 1499 393 1561 ad
417 1500 515 1575 hune,
537 1502 577 1564 ad
599 1502 695 1584 enjus
716 1504 888 1583 imaginem
909 1504 986 1567 laeti
999 1520 1124 1578 sumus,
1139 1501 1261 1564 erimus

157 1602 297 1665 etiamad
311 1600 554 1667 similitudinem
570 1602 668 1667 Dei.»
684 1603 782 1668 Plura
798 1605 986 1688 huiusmodi
998 1623 1058 1685 pao
1068 1611 1261 1685 argumento

155 1705 284 1785 seligere
304 1706 377 1785 qais
396 1713 502 1785 potest
521 1724 564 1771 ex
583 1705 732 1785 Origenis
752 1707 902 1786 seriptis3
922 1708 1040 1787 quibos
1060 1706 1261 1788 apertissime

157 1808 328 1887 probatur,
352 1806 473 1871 irustrn
496 1804 731 1893 Hieronymum
753 1816 785 1872 et
806 1806 1025 1889 Epiphaniam
1054 1809 1087 1870 in
1116 1808 1261 1871 saeuae

156 1910 404 1989 reprehendisse,
426 1928 512 1991 qnae
533 1910 601 1992 lpse
623 1928 685 1974 non
699 1912 797 1975 sensit
812 1910 853 1975 de
866 1910 995 1973 disinse
1010 1909 1154 1991 imaginis
1167 1910 1262 1971 amis·

156 2012 237 2075 sione
258 2012 289 2073 in
313 2011 450 2076 suano.

228 2110 286 2176 llis
306 2112 429 2194 positis,
451 2111 536 2177 unde
557 2112 690 2194 digressi
710 2130 848 2190 sumas,
871 2120 1080 2177 revertamur
1099 2109 1260 2175 Geneseos

158 2216 247 2277 verba
269 2222 475 2295 scrutatum
493 2215 547 2279 nbi
564 2216 651 2279 sisns
663 2223 714 2278 est
725 2214 883 2296 Origenes
896 2234 914 2277 a
932 2217 1069 2277 veritate
1082 2213 1259 2276 deiecisset

156 2316 233 2378 aad
257 2316 355 2399 hujus
376 2324 454 2397 ergo
475 2318 620 2397 imaginis
640 2316 881 2380 similitudinem
904 2318 1001 2380 homo
1023 2316 1128 2380 iaetus
1141 2323 1189 2378 est
1200 2334 1211 2393 3
1227 2322 1262 2377 et

156 2425 320 2497 propterea
341 2418 495 2483 Salvator
515 2427 638 2494 noster,
660 2420 715 2500 qni
737 2426 785 2482 est
806 2419 913 2498 imsgo
935 2415 1016 2492 liei,
1039 2414 1260 2481 misericordis

155 2530 254 2583 motus
275 2538 335 2601 pru
356 2520 497 2595 homine,
525 2521 580 2601 qai
604 2521 642 2583 sd
665 2522 736 2601 ejns
756 2520 1002 2583 simililndinem
1018 2519 1123 2583 iaetus
1138 2518 1259 2590 inerat,

156 2622 257 2685 sidens
271 2640 346 2684 enm
361 2622 504 2702 deponite
518 2639 577 2686 sns
589 2624 739 2702 imagine,
753 2622 882 2702 maligni
898 2621 1068 2701 imaginem
1081 2620 1259 2693 induxisse,

155 2724 216 2802 ipse
236 2723 455 2787 misericordia
479 2734 597 2801 motus,
621 2725 757 2804 imngine
773 2724 910 2787 hominis
924 2730 1102 2803 assumpta,
1120 2719 1258 2785 aenited

156 2840 235 2899 enm,
256 2824 351 2889 sinuli
374 2824 550 2904 Apostolus
572 2832 772 2888 contestatos
790 2834 887 2887 eta.»

226 2922 350 2987 luteres
373 2926 646 3005 praemittantur,
668 2944 752 3006 qnae
773 2926 819 2987 ait
838 2923 996 3005 Origenes
1015 2926 1047 2987 in
1076 2924 1260 2987 delinitione

155 3023 381 3089 vocabulorum
404 3024 523 3106 imago,
542 3037 571 3089 et
590 3024 767 3089 similitudo
783 3021 853 3100 Des',
874 3027 905 3088 in
927 3026 1046 3105 quibas
1066 3033 1196 3089 oreatus
1210 3030 1261 3085 est

156 3124 261 3189 homo:
285 3125 348 3189 uls
368 3137 500 3204 antem,
524 3127 580 3208 qui
602 3127 641 3189 ad
663 3128 833 3207 imaginem
867 3123 926 3189 Dei
946 3125 1052 3190 iselae
1071 3134 1140 3201 est,
1164 3132 1198 3187 et
1217 3121 1258 3186 ad

154 3226 400 3305 similitudinem,
423 3230 558 3292 interior
578 3229 675 3292 homo
696 3238 806 3293 noster
825 3236 886 3303 est,
909 3228 1088 3305 invisibilis,
1104 3237 1137 3291 et
1152 3227 1257 3291 inoor·

155 3329 279 3407 perulis,
301 3339 333 3392 et
354 3332 564 3411 incorruptas
585 3340 618 3393 et
632 3330 835 3394 immortalis.
851 3328 889 3393 ln
903 3330 952 3393 his
966 3331 1049 3393 enim
1066 3328 1182 3392 talibas
1198 3326 1256 3392 liet

131 3428 250 3510 *imago
267 3431 387 3493 rectius
408 3430 610 3509 intelligitur.
622 3448 639 3489 s
653 3428 797 3511 ideoque
818 3448 894 3493 cnm
915 3430 994 3492 dicit
1014 3429 1174 3491 hominem
1190 3428 1260 3509 lsp·

155 3547 219 3593 snm
235 3531 362 3613 maligni
379 3532 550 3611 imaginem
564 3533 716 3607 induisse,
732 3532 853 3595 indicat
866 3533 1007 3611 primum
1023 3532 1146 3611 pennati
1158 3530 1259 3610 (quod

157 3638 197 3691 est
215 3632 246 3693 in
261 3650 358 3694 earne
371 3642 479 3695 nostra
493 3639 525 3695 et
539 3632 626 3712 qnod
642 3643 689 3695 est
701 3632 848 3695 inimicus
861 3632 982 3709 noster)
995 3629 1159 3705 elieetnm,
1178 3630 1260 3695 idest

157 3733 402 3811 aonnptionem,
423 3732 652 3797 mortalitatem
673 3751 711 3796 ae
733 3740 857 3797 eeteras
877 3732 975 3796 animi
989 3732 1206 3811 aegritudines
1226 3738 1260 3795 et

157 3834 304 3911 eorporis,
320 3851 401 3914 quas
426 3852 527 3915 snper
545 3852 579 3897 se
601 3842 634 3898 et
653 3852 753 3915 snper
768 3844 914 3915 posteros
928 3833 1057 3898 induxit
1071 3833 1174 3897 Adam
1188 3834 1259 3897 onl-

157 3932 269 4010 pabilis.
282 3933 429 3999 Secundo
443 3952 519 3999 cnm
533 3935 579 3999 sit
590 3934 813 4011 Adamantius,
825 3932 967 4014 deposito
979 3931 1093 3997 diuiso
1105 3931 1259 4013 inrupisse,

155 4031 280 4113 odunt
298 4032 470 4115 imaginem
489 4032 671 4111 s'nduoes'see,
685 4053 747 4099 non
761 4035 1005 4116 comprehendit
1017 4043 1116 4099 totam
1132 4036 1259 4114 penitas

157 4134 286 4198 amisisse
309 4136 468 4200 ddamnm
490 4137 631 4201 divinans
646 4139 827 4217 imaginem,
845 4137 926 4200 idest
941 4136 1105 4200 seientiam
1118 4133 1190 4209 Dei,
1206 4152 1258 4196 ve·

157 4232 248 4299 ritulis
269 4238 494 4317 cognitionem,
517 4250 550 4302 et
572 4239 645 4302 lsinn
665 4240 789 4301 arbitrii
809 4240 886 4319 jnra
908 4239 940 4301 in
961 4236 1035 4302 boni
1057 4244 1090 4299 el
1109 4236 1185 4299 msli
1200 4254 1257 4299 no·

157 4335 233 4399 tione
252 4346 285 4401 et
305 4340 474 4415 electione,
497 4340 580 4403 adeo
602 4349 639 4404 nt
659 4358 723 4405 non
744 4348 852 4422 posset
866 4340 976 4414 homo,
993 4340 1090 4401 wem
1104 4345 1181 4401 sote
1194 4334 1256 4400 lle·

157 4436 321 4519 demptoris
342 4440 530 4519 adventum,
552 4460 571 4505 a
593 4442 714 4506 malitia
737 4442 884 4505 converti
904 4439 1256 4519 assensionemque

157 4536 271 4606 divinae
293 4543 467 4609 voluntatis
488 4542 629 4625 ignaras.
654 4542 694 4608 Et
715 4544 757 4609 ob
779 4544 840 4606 lano
862 4542 961 4622 paulo
982 4540 1095 4606 deinde
1122 4539 1254 4605 subdit:
