3375 5567
446 714 480 765 m

442 817 747 915 manifestamque
775 818 936 915 regulam
967 839 1124 914 ponere,
1154 829 1232 891 tum
1258 816 1386 891 deiude
1413 817 1515 891 etiem

441 946 486 1020 de
515 946 648 1019 ceteris
674 968 866 1043 quaerere.
895 946 997 1019 Sicut
1025 942 1122 1018 euim
1142 943 1277 1019 ,multis
1303 944 1397 1040 apud
1424 967 1518 1040 grae-

444 1096 508 1147 cos
535 1086 574 1147 et
602 1073 776 1148 barbaros
806 1072 1059 1171 pollicentibus
1089 1072 1308 1157 veritatem,
1333 1072 1518 1147 desivimus

444 1201 540 1299 apud
568 1222 695 1275 omnes
722 1223 803 1274 earn
824 1222 1013 1298 quaerere,
1034 1200 1095 1297 qui
1123 1222 1206 1274 eam
1228 1198 1330 1273 ialsis
1356 1198 1521 1296 opinioni·

444 1328 513 1403 bus
540 1328 768 1412 asserebant,
797 1341 1039 1426 posteaquam
1066 1328 1284 1402 credidimus
1313 1326 1443 1400 Filium
1466 1324 1522 1399 Dei

443 1479 525 1530 esse
552 1454 767 1543 Christum3
804 1471 843 1530 et
870 1455 918 1530 ab
944 1458 1023 1554 ipso
1063 1457 1166 1534 nobis
1205 1455 1298 1531 hauc
1325 1454 1522 1529 discendam

443 1606 524 1657 esse
543 1586 816 1682 persuasimus:
846 1584 1002 1659 itanum
1023 1584 1126 1659 muhi
1148 1584 1235 1669 sint,
1254 1584 1315 1683 qui
1345 1608 1385 1657 se
1405 1594 1524 1681 putent

345 1770 348 1778 .
443 1712 596 1798 sentire,
611 1735 705 1809 quae
723 1711 860 1787 Christi
882 1726 967 1787 sunt
979 1734 992 1799 ;
1010 1727 1049 1788 et
1078 1711 1241 1788 nonnulii
1262 1734 1390 1786 eorum
1418 1711 1527 1784 diser·

443 1862 483 1913 sa
511 1864 533 1913 a
560 1840 751 1938 prioribus
768 1840 945 1924 sentiant,
975 1851 1146 1914 servetur
1176 1861 1262 1913 vcro
1290 1835 1525 1912 ecclesiastica

444 1966 666 2065 praedicatio
682 1989 747 2063 per
765 1967 1005 2043 successionis
1024 1967 1187 2041 ordinem
1209 1966 1255 2039 ab
1274 1964 1449 2062 apostolis
1466 1974 1527 2037 tra·

444 2096 534 2181 dita,
563 2108 602 2169 et
629 2119 743 2193 usque
771 2097 817 2169 ad
847 2118 1020 2194 praesens
1049 2096 1084 2168 iu
1113 2093 1277 2170 ecclesiis
1304 2114 1527 2192 permaneus.

445 2224 510 2298 ilia
537 2223 614 2298 soia
642 2224 819 2300 credenda
848 2225 1075 2310 ostracites,
1103 2246 1196 2322 quae
1212 2224 1250 2297 in
1278 2221 1380 2297 nullo
1407 2221 1453 2297 nh
1477 2243 1529 2294 ec·

444 2351 648 2426 ciesiastiea
676 2365 715 2426 et
739 2353 942 2450 apostolica
971 2354 1158 2429 discordat
1187 2350 1398 2427 traditione.
1431 2374 1448 2419 s

554 2476 795 2555 Nihilominus
813 2482 978 2557 sentiens
993 2481 1184 2579 Origenes,
1200 2480 1236 2553 in
1256 2478 1456 2577 apostolica
1473 2488 1532 2550 tre·

447 2607 585 2683 ditione
607 2601 726 2682 'multa
752 2607 877 2682 haberi
904 2609 1094 2707 perspicue
1122 2606 1342 2705 explanata,
1372 2619 1411 2680 et
1437 2603 1529 2703 piurs

447 2735 567 2809 adhuc
590 2733 764 2822 obscura,
792 2757 885 2832 quae
913 2736 983 2811 etsi
1008 2735 1255 2819 crederentur,
1283 2731 1530 2830 explanatione

449 2864 606 2961 quadam
622 2864 842 2961 indigebant,
855 2888 962 2939 suum
978 2863 1057 2939 ideo
1073 2862 1298 2961 propositum
1315 2859 1529 2939 manifestat,

452 3006 491 3065 et
518 2992 570 3065 ait
593 3015 628 3064 n.
649 2984 707 3065 3.:
742 3018 759 3061 α
790 2990 881 3065 liiud
910 3003 1034 3065 eutem
1063 2990 1155 3064 scire
1183 3002 1342 3086 oportet,
1371 2984 1531 3084 quoniam

450 3120 567 3193 suncti
594 3119 749 3217 apostoli
779 3120 887 3193 iidem
915 3118 1051 3193 Christi
1081 3117 1357 3214 praedicentes,
1386 3115 1431 3189 de
1458 3110 1529 3209 qui·

449 3246 604 3320 busdam
630 3246 777 3343 quidem
795 3268 1046 3343 quaecumque
1066 3245 1270 3319 necessarie
1297 3242 1532 3319 crediderunt.

449 3372 619 3445 omnibus
647 3374 759 3445 etiam
782 3373 852 3457 his,
878 3373 939 3470 qui
964 3374 1140 3471 pigriores
1160 3395 1245 3470 erga
1271 3372 1532 3469 inquisitionem

450 3500 594 3575 divinae
622 3497 797 3576 scientius
818 3500 1046 3586 videbuntur,
1068 3498 1365 3575 manifestissime
1386 3492 1533 3571 tradide-

451 3640 549 3712 runt,
576 3628 755 3703 rationem
784 3629 924 3705 scilicet
948 3630 1160 3704 assertionis
1187 3650 1314 3703 eorum
1338 3625 1534 3721 relinquen·

451 3768 507 3829 tes
534 3755 582 3829 ab
609 3756 667 3829 his
685 3757 955 3853 inquirendam,
976 3758 1037 3855 qui
1062 3755 1219 3855 Spiritus
1246 3756 1339 3829 dona
1367 3749 1534 3827 excellen-

450 3882 501 3955 tia
530 3896 758 3984 mererentur
784 3898 823 3958 et
851 3885 1043 3983 praecipue
1069 3884 1248 3958 sermonis
1275 3869 1474 3979 supientiae
1500 3886 1534 3947 et

450 4008 624 4086 scientiae
643 4012 798 4107 gratiam
817 4034 892 4110 -per
922 4013 1041 4111 ipsum
1065 4010 1241 4110 Spiritum
1265 4008 1437 4085 Sanctum
1465 4024 1534 4101 per

451 4138 646 4235 cepissent.
671 4137 722 4214 De
741 4139 823 4214 aliis
853 4164 938 4216 veru
957 4142 1125 4217 dixerunt
1144 4139 1304 4237 quidem,
1318 4135 1408 4235 quia
1435 4143 1533 4213 suut3

452 4266 635 4362 quomodo
662 4279 801 4351 autem,
829 4280 895 4341 aut
922 4268 1003 4342 iude
1031 4269 1119 4354 sint,
1139 4266 1285 4341 siluere:
1312 4259 1473 4361 proiectu
1498 4266 1533 4327 nt

454 4393 692 4469 studiosiores
719 4395 854 4494 quique
881 4418 927 4471 ex
956 4396 1113 4493 posteris
1140 4396 1244 4481 suis,
1272 4393 1334 4491 qui
1360 4396 1532 4465 amatores

453 4535 577 4596 essent
595 4523 811 4620 sapientiae,
831 4523 1046 4601 exercitium
1067 4521 1202 4599 habere
1224 4530 1394 4621 possent:
1415 4514 1530 4607 inquo
