3375 5567
165 715 221 780 loc
243 713 324 779 idem
350 714 516 794 primaeve
537 711 686 780 Ecclesia
708 715 808 780 norit.
832 711 945 792 Novit,
973 715 1058 791 dico,
1073 715 1113 778 ad
1135 733 1170 780 se
1189 733 1261 797 spe·

162 823 242 880 cure
259 816 399 896 regimen
419 814 562 896 conjugii
583 816 763 891 christiani,
779 818 915 898 qnaeris
936 818 1118 880 coutrsrise
1140 817 1262 882 lnerlnt
1312 819 1322 836 '

161 915 395 980 consuetudines
422 917 625 997 populorum
646 927 680 980 ct
700 924 821 981 stutntu
843 919 1040 999 principum,
1064 919 1261 1000 inquorum

161 1016 288 1083 dictione
300 1018 427 1098 rigebat
441 1016 562 1084 Christi
584 1017 722 1101 Religio.
746 1017 811 1083 Per
830 1019 996 1099 apostolos
1018 1028 1049 1084 ct
1070 1020 1186 1085 deinde
1203 1037 1263 1102 per

159 1119 312 1200 episcopos
328 1122 581 1186 christienornm
596 1124 731 1201 nuptiae
752 1129 844 1186 retne
859 1122 1074 1200 hebebantnr;
1090 1131 1123 1186 et
1136 1125 1176 1185 sd
1191 1141 1262 1186 eos·

160 1217 224 1282 dem
237 1222 486 1300 reportabuntur
499 1222 705 1302 quaestiones
729 1221 813 1285 inde'
823 1232 971 1286 euortse.
989 1221 1032 1284 lit
1046 1222 1118 1285 ideo
1139 1240 1164 1285 s.
1180 1221 1263 1286 Pau·

161 1317 206 1381 lus
218 1321 400 1402 increpabat
420 1321 618 1396 Corinthios,
634 1324 723 1402 quod
744 1323 776 1386 in
796 1341 857 1387 suo
879 1327 1042 1388 consortio
1063 1323 1264 1388 admisissent

159 1418 378 1498 incestuosum,
394 1422 548 1485 mundans
569 1425 694 1502 itaque,
716 1423 773 1503 gai
794 1423 841 1486 slc
858 1431 1014 1504 operatus
1029 1430 1089 1500 est,
1110 1423 1193 1486 trsdl
1214 1441 1263 1486 su·

160 1525 243 1583 truse
261 1523 292 1584 iu
312 1524 480 1587 interitum
502 1525 608 1586 carnis
629 1530 691 1586 etc.

221 1618 252 1684 S.
267 1619 410 1702 lguatius
425 1623 459 1686 io
470 1621 616 1703 Epistola
629 1623 669 1686 sd
685 1621 904 1706 Polycarpum
917 1621 1049 1687 scribit:
1064 1643 1082 1684 r
1096 1621 1178 1688 Cum
1193 1641 1264 1686 sen·
1309 1637 1312 1648 ·

159 1720 245 1785 tentia
265 1722 420 1804 episcopi,
434 1725 602 1788 christiani
627 1726 737 1788 ineunt
761 1725 961 1805 conjugium.
979 1721 1160 1788 »lustinus
1176 1722 1264 1787 bler-

159 1826 206 1900 tgr
223 1822 254 1885 iu
273 1825 449 1915 praecitats
470 1823 630 1905 Apologia
650 1823 682 1891 1.
706 1844 736 1887 u.
757 1821 810 1900 15,
833 1843 890 1888 eos
911 1826 1031 1904 arguit,
1055 1827 1111 1904 qul
1135 1825 1264 1904 exlege

158 1919 285 1988 bnmroa
306 1926 429 2004 duplas
452 1927 695 1990 matrimonium
717 1927 842 2004 incunt,
866 1934 903 1992 ut
920 1927 967 1990 sio
980 1933 1152 2002 statueret,
1168 1926 1266 1990 aliter

146 2026 244 2096 ‚stetui
265 2033 297 2088 ct
317 2028 403 2106 exigi
425 2027 455 2089 in
470 2025 554 2108 Lege
569 2025 739 2107 Evangelii
751 2047 763 2107 3
775 2046 835 2091 nec
849 2027 922 2090 ideo
938 2028 1025 2108 leges
1041 2044 1189 2090 romonae
1205 2045 1264 2092 nec

156 2125 366 2192 moderatores
387 2129 512 2208 imperii
534 2130 565 2192 in
590 2130 640 2192 bis
662 2128 768 2192 censis
789 2129 1004 2194 consulendus
1026 2147 1104 2192 csse.
1123 2128 1264 2193 Athena·

156 2240 242 2301 goras
262 2229 463 2307 praeclrrius
484 2229 516 2290 in
538 2232 634 2293 citutu
660 2228 820 2310 Apologia
850 2230 978 2309 inquitr
1003 2227 1266 2309 «Unusquisque

156 2331 291 2389 nostrum
312 2347 453 2393 uxorem
474 2346 567 2392 sunm
588 2328 767 2392 secundnm
785 2329 873 2409 leges
889 2324 941 2422 ἀρ’
956 2323 1051 2421 ἡμῶν
1068 2344 1088 2391 s
1104 2328 1196 2391 nobie
1210 2347 1268 2406 po·

156 2425 223 2488 situs
243 2426 354 2510 ducit;
376 2447 517 2493 uxorem
538 2429 703 2492 existimat
724 2447 829 2509 usqne
851 2430 890 2492 ed
917 2430 1098 2493 liberorum
1115 2445 1267 2506 procree-

158 2525 278 2592 tionem.
299 2549 317 2588 s
339 2529 528 2594 Notandum
552 2547 631 2593 vero
650 2538 703 2594 est
726 2530 770 2592 ibi
785 2531 959 2594 nonnullas
972 2531 1089 2593 latinus
1102 2528 1268 2595 Editiones

156 2623 221 2691 loco
239 2651 261 2694 u
278 2629 367 2694 uobis
391 2631 473 2695 idest
494 2631 676 2694 christianis
698 2635 837 2713 positus,
859 2632 973 2712 legisse
996 2651 1016 2694 u
1042 2629 1124 2694 uobis
1147 2633 1229 2696 idest
1247 2650 1266 2695 u

159 2733 300 2795 romsnis.
324 2731 421 2809 Quod
444 2731 574 2811 quidem
596 2751 773 2796 erroneum
796 2741 854 2795 est.
877 2730 964 2796 Talis
984 2733 1070 2796 enim
1086 2733 1185 2797 lectio
1212 2753 1268 2796 ex-

158 2828 294 2897 cluditur
313 2837 473 2915 agraecis
495 2834 674 2907 codicibus,
691 2840 723 2895 et
737 2832 778 2894 ab
791 2831 939 2896 Editione
954 2833 1119 2897 oxoniensi
1137 2850 1268 2913 graeco·

158 2927 246 2994 lstlns
262 2953 313 2998 su.
328 2932 420 3001 1706.
443 2936 502 2999 etsi
517 2936 645 2998 column
661 2934 865 2997 heterodoxo
882 2933 1061 2997 elaboratu:
1077 2935 1131 2999 ubi
1146 2935 1269 3016 legitur

158 3032 292 3110 omlis,
316 3044 350 3099 et
370 3053 433 3099 oon
454 3056 475 3098 u
495 3033 592 3097 uobis.
612 3033 640 3098 A
661 3031 751 3095 nobie
767 3033 843 3095 dicit
859 3033 1086 3114 Philosophus,
1103 3041 1139 3096 nt
1155 3035 1269 3097 exclu-

157 3129 243 3198 deret
260 3135 351 3216 leges
373 3153 521 3198 romanus
543 3153 560 3196 u
578 3134 731 3216 coniugio
746 3135 936 3208 christiano,
952 3135 1036 3197 sicut
1051 3142 1083 3196 et
1098 3143 1207 3197 cetere
1224 3135 1271 3196 ln·

157 3233 262 3299 stituta
282 3237 442 3301 similibus
463 3236 614 3299 formulis
635 3253 787 3315 expresse
810 3253 852 3297 ex
874 3251 904 3313 g.
927 3232 1017 3295 nohis
1032 3251 1182 3297 mensuro
1195 3252 1267 3296 con·

158 3333 382 3412 eupircmtts'oe:
404 3355 529 3399 rummu
549 3337 636 3414 opud
655 3353 712 3398 nos
733 3336 786 3396 lex
808 3344 864 3396 ert.
889 3343 950 3398 etc.

232 3433 456 3500 Tertullianus
478 3434 658 3510 intimius,
681 3437 777 3499 sicuti
804 3436 963 3514 Origenes
990 3435 1131 3515 ubique,
1156 3437 1269 3500 eodem

160 3536 299 3615 tempore
320 3538 431 3600 docuit
451 3536 648 3614 repudiatum
669 3553 734 3597 non
752 3553 840 3614 posse
868 3532 1002 3615 legitime
1027 3537 1150 3600 nubere.
1176 3535 1271 3601 ltem·

158 3650 240 3711 que:
264 3636 372 3712 nobis,
393 3636 451 3700 etsi
480 3636 700 3715 repudiemus,
721 3656 761 3699 ne
785 3636 900 3699 nubere
927 3635 1052 3716 quidem
1081 3636 1210 3710 licebit;
1232 3656 1271 3701 nc

157 3743 295 3802 statuens
316 3740 357 3800 ub
378 3740 532 3818 episcopis
555 3739 784 3820 postulandum
816 3741 1080 3814 matrimonium,
1103 3748 1136 3802 ct
1156 3757 1268 3802 corum

160 3832 301 3903 Ecclesia
324 3840 528 3914 ineundum,
551 3858 668 3921 poenus
689 3848 837 3904 aeternas
860 3841 1073 3914 minatoriis,
1097 3843 1153 3919 qui
1173 3840 1269 3920 juxta

158 3945 275 4004 statuta
297 3943 423 4021 imperii
451 3944 579 4020 nuptias
608 3942 825 4005 contrahunt:
851 3941 951 4005 «but
979 3942 1125 4020 nunquid
1149 3940 1273 4017 (scribit

161 4034 256 4104 Libro
272 4041 316 4104 ll.
332 4043 371 4104 sd
387 4041 544 4120 Uxorem)
560 4042 686 4104 tubulas
702 4042 862 4126 nuptiales
877 4042 928 4104 dio
950 4042 1008 4105 illo
1023 4042 1108 4122 npud
1129 4043 1271 4104 tribunal

160 4134 283 4205 Domini
304 4142 521 4223 proferemus,
536 4149 568 4204 et
588 4142 814 4220 allegabimus,
837 4141 925 4221 quod
956 4142 1059 4204 vetuit
1081 4143 1147 4222 ipse
1160 4139 1208 4204 i»
1233 4137 1274 4204 Et

158 4239 305 4306 similiter
325 4243 403 4307 huic
422 4244 560 4326 aliisquo
582 4243 769 4304 memoretis
790 4242 1011 4305 consentanius
1033 4240 1189 4322 Origenes
1213 4259 1273 4320 pu·

162 4345 239 4406 tevit
254 4344 444 4425 docuitque,
457 4344 686 4425 coniugiorum
706 4344 960 4406 christianorum
982 4343 1188 4405 moderamen
1203 4360 1273 4420 spe·

161 4453 248 4508 otsre
268 4445 309 4508 ed
331 4447 510 4527 episcopos,
527 4447 645 4525 quibus
667 4443 816 4510 Christus
831 4445 993 4509 commisit
1013 4442 1179 4508 Ecclesiae
1193 4460 1272 4506 snae
