3375 5567
173 808 232 868 tien
242 805 396 867 mnndum
412 805 499 867 bunc
518 803 699 865 sensibilem
715 802 786 882 ejus
807 820 888 879 esse,
905 805 960 883 qni
982 802 1124 867 condidit
1138 808 1258 880 omnia,

171 909 243 970 clare
265 906 477 986 protitemnr,
502 904 621 968 Filium
642 923 706 967 non
734 922 803 967 esse
825 907 1039 984 potentiorem
1065 904 1182 980 Patre,
1205 908 1259 971 sed

97 1033 98 1044 ι
170 1009 355 1070 inleriorem:
378 1016 412 1068 et
431 1006 463 1069 id
489 1007 625 1069 dicimus
646 1004 741 1068 fidem
764 1004 917 1068 babentes
944 1006 973 1067 ei
1002 1006 1142 1070 dicentis
1168 1007 1263 1071 Pater

168 1107 213 1186 pri
231 1108 314 1171 nisit
335 1125 406 1182 me,
431 1108 535 1187 major
560 1125 607 1168 ms
628 1115 683 1168 est.
708 1106 823 1187 Neque
842 1108 1014 1187 quisquam
1044 1111 1193 1171 nostrum
1216 1110 1260 1173 ita

168 1209 295 1289 stupidus
308 1217 369 1284 est,
392 1216 430 1271 nt
443 1207 530 1270 dicat
550 1206 669 1270 Filium
687 1209 824 1270 bominis
842 1225 912 1271 esso
927 1207 984 1270 Dei
999 1206 1182 1272 Dominum.
1198 1210 1266 1275 Sed·

167 1326 227 1371 cnm
244 1318 426 1388 spectamus
445 1306 648 1371 salvatorem
671 1306 847 1386 uilicum,
870 1306 1028 1382 Verbum,
1049 1309 1259 1390 Sapientiam,

167 1406 325 1485 iustitiam,
342 1406 533 1485 Veritatem,
555 1409 694 1471 dicimus
707 1409 802 1472 illum
817 1410 991 1488 imperinm
1006 1410 1126 1475 habere
1148 1414 1179 1475 in
1194 1427 1263 1476 om·

165 1514 207 1570 nia
217 1511 273 1574 sibi
296 1510 442 1590 subjecta
459 1511 521 1573 boc
540 1510 667 1572 nomine
677 1530 689 1587 3
704 1526 767 1572 non
783 1527 862 1571 vero
877 1511 973 1572 otiam
989 1514 1021 1572 in
1037 1510 1140 1575 llenm
1157 1520 1189 1575 et
1200 1512 1263 1577 Pa·

169 1618 237 1672 tren
250 1613 306 1691 qni
322 1614 353 1671 in
371 1613 475 1689 ipsum
490 1610 663 1690 imperinm
681 1611 788 1672 habet.
799 1628 816 1666 s
829 1609 908 1673 item
924 1610 959 1674 in
975 1610 1172 1677 Malliacum
1183 1613 1263 1677 Tra-

166 1710 364 1775 ctatuXXlX.
379 1730 411 1773 ιι.
423 1703 474 1776 i5.
493 1712 608 1791 inquit:
624 1732 641 1769 ι
657 1711 815 1774 Omnibus
829 1712 879 1774 bis
894 1716 1033 1792 peccatis
1049 1716 1154 1796 mains
1168 1724 1216 1779 est
1230 1736 1264 1779 a·

168 1810 328 1875 huminatio
340 1811 559 1886 desolationis,
572 1811 654 1874 idest
669 1812 819 1885 verbnm,
835 1812 922 1891 quod
939 1814 969 1875 in
985 1814 1058 1877 loco
1080 1814 1264 1895 Scriptura-

167 1929 229 1974 rum
247 1920 433 1975 sanctarum
453 1914 617 1984 consistit,
638 1913 842 1991 iniquitatem
865 1914 895 1974 in
916 1915 1084 1977 excelsum
1106 1916 1261 1993 loquens,

164 2024 191 2076 et
208 2015 400 2094 persuadens
420 2030 439 2075 a
460 2014 616 2077 creatore
636 2015 822 2091 discedere,
845 2019 902 2096 qui
924 2017 1014 2080 solus
1040 2026 1072 2079 et
1095 2036 1191 2082 serus
1214 2014 1262 2083 est

164 2111 252 2188 bens,
274 2121 308 2177 at
327 2114 461 2177 credere
483 2116 577 2177 alteri
591 2117 764 2179 nesciocui
788 2113 857 2179 lieo
877 2116 1100 2196 superlatum,
1123 2118 1175 2180 cui
1192 2118 1265 2179 nul-

164 2212 208 2275 lus
225 2216 335 2278 similis
355 2222 424 2289 est,
446 2233 522 2279 cnm
543 2217 616 2278 talis
638 2224 748 2279 noster
768 2216 921 2279 Salvator
941 2216 1046 2279 dicat:
1072 2216 1180 2295 Pater,
1207 2217 1265 2298 qui

164 2314 242 2378 nisit
258 2335 320 2390 asc,
340 2316 445 2397 sunjos·
467 2335 516 2379 nse
535 2326 590 2378 est.
612 2337 629 2373 s
1185 2359 1188 2367 .

231 2416 314 2482 ilinc
338 2420 480 2493 cernito,
506 2437 604 2498 qnam
628 2422 716 2482 recte
735 2418 894 2497 Origenes
918 2418 1036 2485 Christi
1067 2422 1165 2483 verba
1194 2440 1269 2485 con-

163 2517 331 2581 danaserit
349 2520 507 2581 adsersus
536 2521 736 2595 haereticos,
759 2525 797 2581 ut
817 2519 991 2583 Personam
1016 2518 1157 2584 Patriae
1185 2521 1268 2585 Filio

162 2616 374 2698 distingueret,
396 2638 436 2683 ac
456 2638 520 2683 nna
542 2618 615 2683 Filii
636 2622 793 2700 originem
814 2621 882 2682 sive
903 2620 1002 2702 hujus
1027 2622 1266 2701 generationem

163 2729 316 2783 aeternam
329 2730 547 2784 secernereta
570 2718 666 2783 Patre
680 2724 831 2800 ingenito,
855 2722 932 2801 quin
950 2731 1054 2784 tamen
1072 2720 1169 2785 Verbi
1194 2740 1270 2785 con·

163 2822 455 2885 substantialitatem
476 2830 620 2902 negaret.
638 2821 809 2885 Praeterea
829 2821 871 2883 ob
893 2820 975 2884 banc
995 2824 1268 2902 nuncupationem

163 2920 236 2985 iilnd
256 2940 390 3003 quoque
411 2924 617 2986 considerare
638 2933 801 3002 prassini,
824 2924 974 3001 Origenis
996 2942 1109 3003 nempe
1131 2940 1267 2997 curam,

162 3042 219 3102 qna
242 3024 416 3089 Personam
432 3024 537 3088 Patris
557 3024 675 3088 aFilio
695 3024 867 3099 divideres,
883 3025 988 3086 divina
1011 3027 1151 3087 maxime
1167 3025 1269 3087 inten-

163 3132 190 3187 ιι
210 3127 437 3189 incarnationis
459 3125 569 3200 Verbi,
592 3127 749 3204 istiusque
769 3126 927 3189 missionis
948 3126 1032 3189 inter
1052 3126 1196 3188 homines
1216 3142 1271 3186 oe-

162 3230 325 3306 conomia;
349 3236 381 3290 et
403 3228 592 3307 praesertim
614 3246 653 3288 ne
674 3228 739 3290 illis
760 3225 947 3291 conueniret
969 3228 979 3305 (
991 3244 1132 3306 qnorum
1160 3218 1271 3288 memi-

162 3328 203 3389 nit
221 3330 256 3390 in
275 3326 374 3391 Libro
395 3326 485 3391 Vlll.
508 3346 538 3389 ιι.
562 3326 603 3393 li
629 3336 741 3391 contra
763 3326 913 3405 Celsum)
936 3326 1064 3391 Patrem
1087 3336 1119 3390 et
1149 3324 1268 3391 Filium

162 3426 236 3491 dnas
257 3446 326 3491 esse
346 3430 534 3513 hypostases
555 3428 737 3505 (Personas)
758 3429 958 3508 negantibus.

234 3528 389 3592 Ceterum
411 3531 507 3591 citata
530 3528 649 3593 Christi
673 3529 783 3592 rerba:
809 3529 914 3601 Pater,
937 3528 994 3608 qui
1013 3528 1101 3592 misit
1120 3548 1187 3603 mc,
1206 3528 1274 3591 iisn-

159 3627 207 3705 p'or
224 3646 272 3691 asc
292 3640 358 3702 cst,
379 3630 421 3691 ab
440 3629 582 3709 Origene
612 3632 758 3693 eamdem
783 3632 968 3693 sortiuntur
989 3632 1271 3711 explanationem,

166 3746 258 3805 qnam
278 3740 452 3793 consecuta
474 3740 549 3793 sunt
569 3731 714 3811 ejusdem
737 3731 862 3810 pencris
884 3732 960 3792 alia:
975 3748 1064 3792 nemo
1084 3730 1193 3807 lonas,
1211 3728 1275 3793 isisi

163 3828 242 3891 iaus
272 3830 360 3894 licus
381 3829 499 3893 Pater:
523 3832 563 3892 de
594 3832 714 3910 quibos
733 3832 766 3892 in
787 3830 886 3893 Libro
910 3830 934 3893 l.
960 3830 1158 3894 Pcriarcbon
1183 3834 1279 3912 agit,

166 3929 434 4008 inquiensssNon
454 3931 573 3993 debere
595 3931 687 3993 velut
707 3932 924 4010 blasphemiae
945 3932 1078 4010 aliquod
1097 3950 1197 4012 penus
1218 3948 1277 4011 pn·

165 4031 222 4091 tari
234 4034 268 4095 in
289 4031 433 4113 eoquod
455 4032 576 4095 dictum
600 4040 670 4095 est:
693 4050 783 4094 nemo
800 4032 912 4107 bonus,
934 4028 1002 4093 nisi
1014 4035 1099 4094 uisus
1115 4031 1198 4094 usos
1212 4031 1278 4095 Pu·

164 4138 225 4202 ter,·
245 4140 283 4194 nt
302 4140 477 4213 propterea
499 4140 646 4212 putetur,
664 4134 715 4194 vel
728 4132 892 4207 Christus,
908 4133 958 4195 vel
977 4130 1116 4212 Spiritus
1136 4130 1275 4196 Sinctut

166 4234 271 4310 negari
290 4232 380 4313 quod
403 4233 506 4296 bonus
526 4235 580 4321 sit.¹
600 4233 662 4297 Sed
685 4240 723 4297 ut
741 4234 893 4314 superius
913 4231 1067 4309 di‘ximds,
1084 4230 1273 4313 principatu

166 4328 338 4395 bonimio
359 4330 429 4395 ileo
442 4334 609 4395 sentienda
628 4342 677 4396 est
691 4352 731 4395 ex
756 4332 863 4409 Patre,
883 4350 925 4396 ex
946 4327 1013 4411 nuo
1029 4332 1079 4394 rel
1099 4327 1201 4395 Pilius
1222 4350 1278 4394 na·

168 4437 227 4505 ιιι,
244 4432 297 4495 vel
311 4432 451 4513 Spiritus
472 4431 607 4498 Sanctus
629 4434 817 4513 procedens,
838 4435 907 4497 sins
921 4434 1021 4496 dnbio
1042 4432 1192 4495 bonitatis
1203 4430 1274 4513 ejici

167 4542 312 4595 satanin
334 4534 368 4595 in
387 4552 423 4595 se
442 4535 558 4611 reteri,
580 4550 664 4615 qnae
685 4543 734 4596 est
754 4534 786 4595 in
806 4547 846 4597 eo
868 4531 970 4605 ionte,
991 4532 1031 4594 do
1052 4534 1118 4612 qno
1149 4532 1199 4595 rdl
1223 4534 1278 4595 ni·
1309 4580 1312 4587 ,

169 4640 217 4696 tns
235 4643 286 4697 est
306 4632 422 4707 Pilius,
447 4636 498 4701 rel
519 4636 665 4715 procedit
684 4634 822 4718 Spiritus
842 4634 989 4700 Sanctus.
1013 4652 1031 4691 s
