3375 5567
171 816 227 862 ιιιι
244 797 362 880 ιιὶιιιὶιι
382 798 486 863 simile
506 796 677 881 suspicari,
700 807 737 861 ιιι
760 796 903 859 emnium
925 796 1065 859 locorum
1096 803 1201 875 pentes
1220 792 1261 855 il-

169 899 219 963 lius
231 900 376 981 passione
395 896 583 966 sulcentur?
603 922 620 959 ι

233 1001 277 1067 lla
298 1003 437 1069 adverso
458 1006 559 1086 posita
592 1004 768 1083 utriusque
790 1009 854 1065 ιιιιι
877 996 996 1063 Ilnillui
1018 1014 1116 1080 qnam
1147 996 1263 1060 Hiero·

168 1105 237 1187 npmi
251 1104 407 1181 versione,
429 1106 535 1186 primo
555 1104 790 1168 advertendum
811 1108 885 1176 est,
905 1100 1066 1179 posterius
1089 1098 1260 1179 pericopae

167 1202 312 1267 dimidium
327 1205 520 1286 (incipiendo
534 1206 576 1269 ab
589 1208 627 1270 iis
644 1205 763 1282 serbis,
774 1203 860 1283 quoa
871 1202 1009 1285 quidem,
1024 1200 1181 1282 usquead
1197 1200 1262 1263 sul·

165 1308 269 1383 nster)
288 1308 469 1372 nullimode
490 1316 681 1390 argumento
703 1307 961 1381 accommodari,
984 1304 1071 1385 quod
1099 1302 1264 1385 praemisit

164 1407 299 1487 Origenes
313 1410 353 1472 de
368 1410 491 1491 duplici
505 1411 643 1493 mystico
661 1408 904 1473 Deuteronomii
922 1426 1018 1471 sensu
1032 1407 1141 1488 quoad
1158 1405 1264 1470 Esau·

165 1510 226 1589 getii
243 1512 359 1592 legem.
385 1512 513 1575 Auctor
527 1514 611 1575 enim
628 1510 807 1592 quaerebat
826 1510 858 1572 in
872 1507 1128 1573 Deuteronomio
1150 1510 1264 1571 mosai-

165 1629 206 1686 co,
225 1611 438 1692 legislationis
458 1613 653 1676 christianae
675 1621 800 1697 typum,
822 1618 856 1675 et
876 1611 969 1675 illurn
989 1626 1078 1685 saue,
1102 1610 1158 1690 qui
1183 1626 1265 1687 opus

164 1709 210 1775 liei
238 1714 421 1794 perlectum
454 1733 513 1794 per
533 1714 681 1779 eamdem
704 1712 890 1778 ostenderet
902 1732 914 1792 3
937 1714 984 1775 uti
1007 1729 1119 1794 reapse
1145 1713 1266 1775 invenit

163 1830 215 1875 nnn
233 1815 336 1880 minus
358 1833 419 1897 per
438 1815 518 1880 Jean
539 1817 572 1879 in
596 1816 659 1879 lroc
677 1815 827 1880 seculum
842 1813 1033 1889 adventum,
1055 1821 1178 1895 quanto
1199 1830 1266 1874 ma·

162 1915 246 1993 pisia
265 1918 412 1981 meando
425 1918 497 1999 ejns
517 1917 661 1983 adventu
677 1918 832 1998 glorioso.
857 1915 943 1994 Quid
959 1921 1068 1979 autem
1090 1914 1193 1978 altera
1205 1914 1266 1978 lan-

158 2015 202 2095 jns
218 2020 374 2082 sermonis
395 2036 470 2099 pars
490 2037 662 2083 commune
678 2020 794 2082 habeat
815 2035 891 2083 eum
907 2016 1112 2097 praecedenti
1134 2024 1198 2077 non
1221 2016 1265 2079 vi·

161 2117 229 2195 deo3
249 2118 372 2182 absona
392 2120 523 2183 omuino
537 2122 618 2183 naec
631 2126 680 2184 est
695 2138 713 2181 a
729 2119 927 2201 quaestionis
951 2119 1101 2193 termino,
1117 2134 1264 2179 normam

161 2216 349 2296 delineanda,
371 2237 437 2300 qna
451 2238 545 2285 sacro
568 2222 737 2302 interpreti
750 2219 965 2285 incedendum
978 2227 1025 2283 est
1047 2220 1079 2281 in
1094 2219 1266 2301 mysticum

160 2320 331 2387 divinorum
346 2320 532 2387 Bibliornm
546 2342 673 2405 agrum.
689 2322 816 2387 ldcireo
828 2322 906 2405 jure
921 2320 1172 2403 putandumst,
1190 2336 1265 2383 cum

159 2418 293 2487 lludinns
308 2424 343 2486 in
358 2423 470 2487 codice
484 2441 603 2504 praeco
617 2442 688 2488 cam
701 2441 764 2489 non
776 2424 949 2498 invenerit,
968 2423 1016 2485 nti
1031 2422 1266 2505 apocrypham,

159 2540 190 2587 ac
206 2525 492 2607 interpolationem
513 2525 674 2610 Anonymi
696 2526 868 2610 cujusdam
890 2524 1000 2589 luisse.

224 2623 372 2691 Tandem
392 2645 435 2691 ex
456 2629 517 2692 hoc
537 2629 633 2692 sicuti
653 2648 695 2691 ex
715 2631 833 2692 ceteris
853 2628 948 2703 locis,
973 2627 1028 2692 ulti
1050 2625 1267 2710 Hieronymus

161 2734 187 2788 et
207 2725 360 2793 Rudinus
380 2738 493 2793 contra
512 2748 549 2793 ae
569 2731 609 2793 ad
632 2730 768 2795 invicem
791 2738 954 2795 steterunt
974 2730 1112 2811 quisque
1134 2730 1165 2793 iu
1193 2747 1267 2809 pro·

160 2830 220 2908 pria
242 2831 408 2905 versione,
424 2832 473 2893 nti
494 2831 666 2912 hucusque
686 2832 942 2897 demonstratum
965 2840 1025 2907 est,
1048 2832 1137 2895 nobis
1159 2850 1266 2894 neces·

160 2932 234 2993 sario
248 2933 329 2995 hnic
351 2930 528 2995 dilemmati
544 2933 784 2997 occurrendum
805 2942 864 2997 est.
882 2934 950 2996 Ant
967 2930 1130 2995 Bullinum
1153 2933 1185 2993 iu
1209 2933 1268 2995 hac

157 3030 239 3095 sicuti
259 3032 292 3094 in
314 3030 472 3114 praelatis
494 3034 652 3114 pericopis
663 3033 731 3115 jam
747 3050 848 3113 snpra
867 3036 1024 3109 excussis,
1038 3032 1186 3112 Origenis
1198 3051 1269 3095 sen-

158 3148 205 3196 sus
223 3134 367 3215 ingenue
396 3135 585 3215 exposuisse
609 3134 811 3199 voluerimus
823 3154 835 3214 3
854 3142 913 3198 aut
933 3134 1030 3198 aliter
1053 3138 1128 3199 cum
1154 3131 1270 3197 Hiero-

160 3250 247 3318 nymo
259 3236 407 3299 delirum
423 3245 456 3302 ct
467 3237 657 3319 sibimetipsi
671 3244 831 3318 perpetuo
844 3237 1055 3303 obversatum
1071 3237 1270 3317 reperiemus

160 3330 338 3416 origenem.
364 3338 490 3403 interea
505 3341 591 3403 circa
615 3339 698 3403 hanc
714 3348 910 3419 postremam
934 3340 1130 3419 pericopam,
1146 3336 1271 3401 metho-

160 3434 228 3499 dum
248 3441 368 3503 sectati
388 3441 607 3520 superiorem,
628 3440 850 3515 conteramus,
872 3456 958 3521 qnae
972 3442 1089 3504 ceteris
1111 3438 1273 3519 inscripsit

160 3546 187 3600 ιι
216 3540 333 3605 docuit
356 3541 450 3605 libris
480 3543 520 3605 de
540 3542 655 3606 eodem
684 3549 877 3622 argumento
898 3540 1110 3605 Adamantius
1123 3561 1135 3619 ;
1158 3550 1270 3604 utrum

158 3640 273 3706 scilicet
284 3643 376 3707 hunc
390 3644 497 3723 ipsum
507 3660 654 3706 errorem
669 3643 709 3705 de
721 3642 823 3705 attera
840 3650 874 3707 et
890 3641 1001 3706 lutura
1017 3642 1049 3704 in
1063 3642 1163 3705 coetis
1178 3641 1271 3707 Glari·

158 3741 192 3803 sti
210 3744 362 3823 passione
384 3759 445 3823 pro
465 3743 659 3807 daemonum
687 3743 794 3807 salute
808 3742 1005 3825 quaudoque
1026 3744 1230 3823 excogitarit.

229 3841 276 3908 De
292 3846 359 3909 boc
373 3845 515 3925 primum
530 3845 621 3909 nobis
635 3848 784 3910 occurrit
796 3864 839 3910 ex
851 3844 991 3910 Romilia
1006 3844 1030 3908 l.
1046 3844 1082 3908 ιἰι
1099 3842 1272 3909 Lsciticum

159 3960 184 4007 n
198 3942 227 4009 3.
250 3947 310 4010 nbi
329 3946 429 4009 verbs
449 3964 615 4026 exponens
626 3956 654 4009 ιι
668 3947 833 4027 effundent
852 3947 1040 4026 sanquinem
1060 3947 1104 4010 ud
1115 3947 1218 4011 ultore
1237 3945 1273 4008 in

158 4042 286 4107 ιιιιιιιιιι
309 4054 369 4121 ιιι,
400 4046 535 4109 scribit:
558 4068 576 4107 ι
598 4045 667 4111 Nisi
687 4048 765 4126 quia
787 4046 873 4111 torte
905 4046 968 4110 lanc
998 4047 1132 4127 intelligi
1155 4047 1272 4121 soluit,

158 4146 234 4221 qnod
255 4146 393 4226 sangnis
412 4143 493 4208 lesu
508 4163 572 4209 non
591 4148 699 4210 sotum
715 4147 747 4207 in
767 4144 975 4210 Hierusalem
996 4146 1195 4219 eliususest,
1214 4148 1270 4211 ubi

159 4255 221 4309 erat
239 4247 352 4309 altare
372 4253 406 4307 et
426 4245 508 4309 basis
529 4246 602 4328 ejus
622 4256 653 4309 et
677 4247 925 4312 tabernaculum
950 4247 1138 4326 testimonii3
1160 4249 1214 4310 sed
1239 4255 1272 4309 et

159 4345 237 4423 qnod
258 4364 444 4427 supernum
464 4346 593 4420 altare,
614 4348 702 4429 qnod
724 4350 825 4413 estin
847 4349 968 4423 coelis,
991 4348 1046 4411 nbi
1068 4353 1101 4411 et
1130 4345 1273 4411 Ecclesia

161 4447 403 4523 primitivorum
414 4457 475 4524 est,
490 4447 574 4513 idem
595 4450 663 4529 ipae
676 4450 807 4530 sangnis
826 4450 1015 4531 asperserit;
1037 4450 1122 4513 sicut
1142 4458 1174 4513 et
1189 4449 1276 4530 Apo·

160 4548 255 4615 stolus
274 4549 371 4622 dicit,
393 4549 470 4630 quia
487 4548 672 4632 pacificavit
689 4568 749 4631 per
771 4551 960 4632 respuissent
984 4548 1098 4617 Creteis
1126 4568 1212 4628 ιιιιι,
1234 4550 1277 4613 si·
