3375 5567
143 778 175 841 de
196 776 359 842 Itutbsum
385 776 534 856 culparet
563 775 763 848 tetsstioois,
789 775 906 839 rostitit
932 774 1081 842 Rufinus
1108 777 1237 848 diceus,

142 897 192 938 non
209 878 253 939 ito
270 895 304 937 ss
324 875 454 950 bewe,
475 893 532 937 noc
550 892 660 938 mss
680 874 764 953 ipsos
784 872 896 936 dicrrs.
920 874 1016 951 Quod
1035 878 1113 957 y'ure
1135 881 1238 940 roric-

140 987 219 1040 utcu
237 978 380 1040 ostendit
397 977 562 1039 codicibus
575 977 699 1055 pronois
711 973 831 1038 nunni
850 983 885 1040 et
895 974 1085 1060 Hieronymi
1100 981 1236 1042 interce·

138 1079 265 1155 dentem3
280 1086 317 1140 ct
337 1078 470 1156 iusuper
491 1076 605 1139 tatssts
625 1094 695 1139 esse
716 1077 948 1155 manuscripts,
972 1095 1058 1156 quac
1078 1075 1238 1159 Hierony·

138 1195 195 1240 uus
204 1177 379 1259 objiciebat
393 1175 544 1254 nunno,
557 1177 654 1239 sicuti
669 1175 729 1238 iste
744 1175 936 1240 norissimus
953 1177 1147 1256 amplissime
1162 1197 1236 1257 pro·

137 1278 229 1339 botes
241 1287 359 1357 aperta
374 1277 528 1356 autitopin
548 1275 650 1357 buius
670 1275 834 1356 peregrini
849 1275 972 1354 dictati,
992 1295 1067 1342 oum
1089 1278 1237 1347 omnibus

138 1379 337 1454 tractatibus,
370 1379 426 1440 ubi
446 1378 488 1440 dc
508 1375 673 1441 Trinitatis
693 1378 848 1458 mysterio
869 1377 936 1457 egit
955 1376 1122 1457 Origenes.
1147 1377 1236 1442 Etsi

136 1477 167 1538 do
184 1479 228 1540 bis
248 1485 366 1542 testem
386 1479 513 1558 copias,
533 1478 648 1541 ocutos
669 1486 823 1541 conserte
843 1477 885 1538 ad
906 1473 1044 1542 Turnum
1067 1476 1136 1540 XX.
1153 1497 1183 1540 o.
1204 1479 1234 1542 7.

135 1575 355 1653 nisam,
375 1579 432 1644 ubi
452 1577 601 1643 cbristus
621 1579 690 1641 sits
712 1597 769 1658 spo
790 1596 875 1657 quos
895 1577 962 1640 uidi
981 1580 1069 1657 epod
1090 1577 1237 1650 Putrem,

137 1681 232 1758 topeor
250 1689 316 1743 etc.
342 1682 429 1743 nude
442 1678 600 1758 Origenes
619 1678 779 1758 quosdam
796 1679 941 1742 bomincs
962 1697 1037 1742 cum
1058 1681 1183 1755 amerit,
1200 1682 1241 1744 ab

138 1781 212 1843 isitio
233 1779 339 1846 tactos
359 1797 430 1843 csso
450 1777 606 1842 Filii'Dci
625 1787 842 1860 spectatores:
861 1801 879 1838 s
893 1779 942 1842 Ita
963 1777 1169 1844 Servatorcm
1191 1781 1238 1842 di-

135 1899 228 1944 cemus
247 1884 351 1945 etiam
378 1883 552 1959 ipsummet
573 1876 736 1958 ὠκέπτην
757 1889 975 1962 spectatorem
1003 1899 1071 1944 esse
1099 1899 1237 1956 corum,

136 1997 205 2058 nure
223 1989 303 2045 suut
322 1981 414 2063 apud
439 1979 589 2046 Patrem:
620 1991 654 2044 ot
676 1983 757 2044 hanc
777 1981 877 2044 stiam
897 1979 940 2041 ob
964 1997 1094 2042 causum
1115 1979 1237 2044 dicium

135 2079 233 2144 tobses
254 2101 349 2146 mmo
369 2084 501 2164 opsnoit
520 2083 650 2147 Putrem
668 2080 735 2145 nisi
754 2079 881 2144 Filius:
901 2097 978 2144 cum
995 2081 1151 2155 homines,
1167 2083 1239 2159 qni·

135 2181 182 2244 bus
200 2181 302 2248 rurus
326 2187 454 2249 rcuctst
483 2203 546 2248 uon
566 2185 631 2247 siut
648 2193 809 2263 antonne,
833 2183 916 2244 idest
941 2199 1000 2262 per
1018 2201 1053 2245 so
1077 2191 1235 2262 spectato·

135 2301 185 2343 res.
203 2281 250 2346 bc
269 2286 372 2348 etism
404 2303 555 2366 proesens
575 2290 770 2347 contestuss
802 2300 857 2361 spo
877 2299 958 2360 qnos
978 2281 1046 2344 nidi
1065 2283 1152 2360 opud
1174 2281 1237 2346 ra-

134 2392 206 2455 trsn,
227 2385 366 2464 loquor,
391 2387 497 2465 polam
517 2385 663 2448 declarat
683 2384 886 2448 salvatorem
907 2392 1070 2461 aesopiam
1091 2403 1159 2446 csse
1181 2403 1235 2448 uo-

137 2498 212 2556 rou,
232 2501 324 2562 quae
345 2493 423 2547 sont
451 2488 483 2546 io
506 2485 612 2547 Putre.
636 2504 652 2541 s
676 2482 848 2546 Praeterea
869 2484 895 2546 si
919 2482 1048 2546 Huffino
1069 2485 1194 2563 oby'ectn
1218 2503 1235 2546 e

135 2577 336 2666 Hieronymo,
350 2602 427 2647 cum
448 2583 715 2662 praecedentibus
733 2581 956 2658 oooicrsutur,
977 2583 1062 2645 idem
1078 2585 1237 2647 contradi·

135 2684 231 2745 dionis
250 2702 358 2763 mous
378 2685 454 2747 iude
473 2703 581 2749 erues.
605 2682 718 2758 Quare
736 2683 924 2758 mutilatus,
946 2701 1003 2746 scu
1026 2685 1238 2762 interpolatos

136 2780 217 2844 trisse
235 2784 370 2848 calamo
391 2784 490 2849 indic
511 2786 569 2848 bos
592 2783 636 2846 Dc
655 2781 832 2862 Principiis
863 2781 1006 2857 codices,
1029 2783 1147 2860 quibus
1170 2787 1236 2864 ipse

136 2897 199 2943 osor
217 2892 267 2947 est
292 2882 530 2968 Hieronymus,
546 2885 750 2948 manifestum
772 2883 838 2958 iict,
851 2889 999 2944 manento
1023 2892 1129 2944 umen
1150 2885 1237 2946 codi-

135 2997 408 3061 congraccorom
421 2986 616 3062 integritate,
639 3001 722 3063 uuor
742 3001 853 3048 secum
877 2985 989 3046 babuit
1011 2981 1167 3046 Rudinus.
1191 2982 1237 3048 De

136 3095 188 3154 quo
211 3082 290 3144 stibi
313 3082 545 3159 disputabitur.
673 3119 681 3136 κ

202 3181 358 3245 dtterorn
380 3181 620 3264 dehujusmodi
642 3182 954 3261 interpolationibus,
968 3185 1087 3262 quibus
1108 3183 1236 3248 codices

139 3276 350 3365 Hicmoymia
366 3301 463 3348 maon
483 3301 585 3362 provo
606 3285 772 3362 corrupti,
784 3285 961 3359 scatebant,
977 3293 1009 3348 et
1031 3285 1115 3346 uode
1136 3286 1239 3348 ecole-

136 3382 171 3440 sia
188 3383 401 3445 occidentalis
427 3382 602 3446 admodum
623 3383 743 3446 oneum
764 3391 836 3457 cst,
861 3385 986 3462 virique
1009 3386 1128 3448 innoxii
1153 3385 1237 3448 inme

135 3481 226 3554 periit,
246 3500 288 3544 sc
309 3500 376 3546 nun
398 3501 473 3544 cum
486 3500 527 3545 eo
547 3483 680 3546 iliorum
701 3501 835 3562 quoque
853 3502 981 3558 nomen,
998 3483 1147 3563 Origonis
1164 3504 1249 3564 par-.

138 3587 173 3638 tes
184 3584 392 3656 meantium,
405 3583 592 3661 exemptum
607 3583 698 3646 nobis
710 3583 887 3661 praebetur
902 3583 1000 3662 proto
1016 3593 1086 3661 post
1097 3604 1138 3646 ex
1150 3602 1177 3646 c.
1195 3582 1234 3644 ΙΙ.

135 3671 206 3740 Libri
226 3679 250 3740 t.
273 3700 307 3742 u.
330 3680 363 3745 o.
386 3683 418 3742 io
438 3698 506 3760 quo
528 3681 654 3746 ductor
674 3682 852 3760 apostoticn
866 3682 950 3746 dieta
972 3683 1012 3746 ad
1035 3682 1236 3746 colossenses

136 3777 179 3852 psi
194 3781 359 3859 estimapn
370 3779 428 3844 Dsi
449 3779 635 3854 invisibilis,
649 3783 815 3862 esptount.
836 3781 885 3844 Ha
907 3801 1045 3861 nomque
1066 3784 1107 3846 ab
1121 3801 1160 3846 eo
1182 3802 1237 3846 ex·

136 3891 212 3938 cussa
232 3880 279 3942 sic
310 3880 487 3942 traduntur
508 3898 528 3942 a
551 3879 699 3944 Hoffluo:
724 3902 741 3941 s
765 3878 874 3958 tmngo
903 3889 951 3944 est
972 3899 1049 3959 ergo
1072 3882 1237 3944 invisibilis

138 3969 184 4036 dei
202 3975 309 4042 Patris
323 3979 477 4042 Sstrmor
497 3989 619 4044 noster:
642 3989 801 4058 quantum
816 3981 856 4044 ad
879 3997 949 4052 nos,
971 3981 1090 4058 quibus
1112 3983 1238 4045 revelat

139 4071 274 4152 Putrem,
298 4082 406 4158 imago
426 4088 497 4154 est,
521 4099 580 4159 por
599 4099 698 4159 quem
718 4081 942 4158 cognoscimus
968 4080 1117 4154 Patrem,
1140 4099 1237 4158 quem

138 4189 215 4239 nno
227 4179 315 4242 alius
328 4182 433 4252 norit,
447 4181 507 4244 uisi
529 4179 631 4248 Filius
645 4191 677 4243 ot
692 4182 745 4244 cui
764 4181 906 4246 nolucrit
924 4178 1025 4242 Filius
1045 4181 1202 4242 revelare.
1221 4201 1238 4236 n

202 4275 403 4356 Tbeopbiius
420 4290 549 4348 rcroct
569 4279 787 4362 Hieronymus
799 4279 1015 4342 diversimodo
1038 4280 1237 4357 interpretati

138 4385 207 4436 suot
231 4377 294 4442 istc
309 4381 341 4440 iu
364 4377 507 4460 Epistola
522 4381 561 4442 nd
585 4380 719 4445 Avitum
733 4383 778 4446 nit
799 4381 917 4443 doecre
932 4381 1126 4458 origenem:
1149 4401 1164 4436 «
1188 4378 1238 4440 Fi-

139 4471 217 4552 liun,
232 4481 290 4557 uui
302 4481 345 4546 eit
359 4481 465 4558 imago
485 4481 653 4545 invisibilis
675 4479 792 4554 Patris,
808 4487 1034 4561 comparstum
1057 4477 1157 4554 Patri,
1174 4496 1236 4540 ooo
