3375 5567
444 810 509 869 tem
532 804 708 871 verborum
733 806 827 888 Legis
848 826 912 873 non
925 808 1079 890 exposuit
1099 811 1192 889 qnasi
1214 807 1350 891 indignis
1372 810 1538 892 buinsmodi

444 907 606 985 agnitione
627 911 785 990 mysterii,
807 912 862 975 sed
887 919 1011 976 tantum
1033 910 1225 992 simpliciter
1245 913 1291 975 eis
1312 912 1395 975 dixit
1414 930 1543 975 resurre-

446 1007 586 1071 ctionem
601 1008 760 1073 intutam:
777 1012 1032 1076 contestantibus
1050 1013 1112 1075 boc
1126 1014 1223 1075 etiarn
1246 1011 1423 1093 Scriptnris
1437 1013 1546 1086 divinis,

444 1105 599 1188 qnoniam
614 1111 681 1176 illic
698 1115 830 1194 nuptiae
843 1132 908 1177 non
934 1120 1021 1189 sunt,
1038 1113 1094 1177 sed
1110 1121 1219 1190 erunt,
1235 1115 1292 1195 qni
1314 1114 1545 1187 resurrexerint,

443 1211 538 1275 sicnti
560 1214 664 1295 angeli
688 1215 719 1277 in
741 1216 856 1291 coelo,
889 1216 1019 1297 etquis
1044 1214 1321 1279 transformabant
1341 1232 1474 1297 corpora
1495 1215 1544 1275 bn·

447 1314 591 1377 militatis
605 1335 721 1381 eornm
735 1317 914 1383 secundnm
937 1335 1075 1401 corpora
1092 1318 1283 1400 angelornm
1298 1318 1449 1381 coelestia
1464 1324 1547 1396 atque

448 1414 603 1479 leminea.
626 1437 643 1476 r

530 1514 603 1581 Dno
616 1519 746 1599 quidem
764 1522 795 1583 in
808 1523 869 1586 boo
882 1520 1032 1603 Origeuis
1043 1523 1257 1604 expositione,
1270 1520 1464 1585 adversariis
1473 1527 1551 1581 erant

446 1628 600 1685 accurate
621 1622 865 1688 considerando.
892 1622 953 1707 lpsi
975 1626 1072 1703 eninr,
1095 1644 1169 1690 cnm
1187 1633 1302 1707 putent
1318 1624 1489 1688 Auctorem
1508 1641 1550 1684 re·

445 1722 640 1785 surrectioni
661 1742 839 1805 corporum
861 1728 1009 1804 mentiri,
1034 1727 1174 1791 viderint
1195 1729 1300 1808 ipsum
1322 1725 1419 1789 modo
1447 1742 1549 1805 corpo

329 1852 334 1863 ·
367 1892 370 1897 ,
447 1837 549 1897 ream,
571 1825 668 1887 modo
689 1829 916 1908 incorpoream
940 1830 1056 1893 ibidem
1085 1829 1256 1893 admittere
1279 1828 1547 1891 resurrectionem.

448 1920 491 1986 Ει
509 1924 535 1987 si
557 1926 619 1990 boe
633 1926 729 1991 lateri
744 1930 859 2006 nolint,
883 1930 964 1995 idest
987 1939 1024 1994 ut
1043 1929 1202 2013 Origenes
1217 1931 1249 1993 in
1264 1930 1377 1994 eadem
1392 1944 1548 2009 argumen-

449 2026 581 2104 tatione,
596 2028 777 2110 eodemque
800 2040 945 2113 ternpore
965 2032 1104 2097 affirmet
1118 2042 1151 2096 ot
1170 2040 1275 2113 neget,
1300 2040 1377 2096 tnnc
1393 2032 1443 2094 vel
1461 2046 1548 2093 ouum

452 2127 503 2189 rel
526 2129 670 2193 alterum
696 2133 938 2199 excludendum
960 2134 1032 2196 erit.
1056 2132 1170 2214 itaque
1189 2150 1263 2196 cnm
1292 2139 1385 2195 antea
1406 2129 1549 2211 Origenes

447 2229 647 2297 sadducaeos
663 2234 792 2299 refellat
806 2238 982 2301 arbitratos
1002 2253 1040 2300 ea
1055 2243 1190 2317 propter
1205 2234 1302 2299 verba
1319 2231 1549 2297 [deuteronomii

449 2331 535 2395 cirea
557 2334 662 2414 legem
684 2337 854 2416 leriratns,
878 2339 949 2403 lieri
969 2356 1033 2402 nou
1056 2356 1147 2418 posse
1169 2344 1206 2401 ut
1234 2337 1355 2401 mortni
1377 2340 1550 2414 resurgant,

450 2442 489 2497 nt
510 2436 561 2497 sir
584 2437 710 2516 siritio,
732 2449 766 2502 et
785 2442 906 2504 mulier
927 2440 1100 2505 muliebria
1124 2440 1241 2503 babeat
1263 2436 1429 2502 membre:
1452 2436 1494 2498 ito
1512 2435 1552 2497 lo·

449 2543 546 2601 cutns
576 2539 725 2619 proiecto
745 2544 777 2605 in
798 2544 1039 2608 resurrectione
1070 2560 1210 2624 corpora
1232 2541 1396 2618 admittit,
1426 2554 1552 2620 corpora

450 2646 632 2717 compacta,
653 2659 692 2704 ee
706 2644 850 2707 membra
873 2644 992 2726 cuique
1012 2644 1106 2709 serni
1128 2642 1271 2726 propria.
1295 2640 1365 2706 Nisi
1387 2640 1489 2723 qnod,
1510 2656 1553 2700 se·

451 2738 512 2801 inti
533 2738 630 2806 lesus
644 2742 767 2821 docuit,
788 2746 819 2807 in
837 2747 900 2809 vita
917 2746 1029 2809 intnra
1046 2762 1109 2808 non
1123 2752 1220 2809 erunt
1241 2744 1386 2826 nuptiae3
1402 2742 1455 2806 sed
1473 2742 1555 2805 erunt

451 2838 596 2906 bomiues
616 2843 711 2908 sicuti
745 2848 850 2926 angeli
873 2848 904 2909 io
926 2848 1041 2924 coelo,
1071 2864 1109 2911 ae
1131 2846 1203 2910 ideo
1225 2866 1283 2910 nec
1315 2844 1435 2926 nuptiis
1455 2842 1554 2903 dantes

449 2958 596 3020 operam,
620 2964 679 3011 nec
701 2965 839 3011 numero
860 2950 1022 3029 angendi,
1053 2967 1113 3013 nec
1135 2957 1239 3013 morte
1261 2942 1485 3017 imminuendi,
1506 2956 1556 3002 nec

452 3051 558 3107 aetate
578 3045 813 3125 adolescentes,
835 3069 894 3115 nec
914 3053 1004 3115 aunis
1026 3058 1239 3127 senescentes,
1256 3068 1315 3111 uec
1335 3048 1440 3111 multo
1464 3045 1556 3106 minus

452 3146 573 3210 morbis
593 3147 801 3214 laborantesr
824 3152 906 3215 adeo
930 3161 978 3231 ut,
1000 3155 1097 3217 sicuti
1119 3159 1227 3233 postea
1245 3169 1276 3212 n.
1297 3146 1347 3215 33.
1362 3147 1485 3224 subdit,
1508 3140 1556 3204 ali·

452 3253 504 3310 ter
524 3250 641 3315 melins
661 3251 748 3315 leret
763 3273 825 3317 noo
848 3274 917 3319 esse
934 3256 1220 3329 resurrectionem,
1242 3271 1340 3334 qnam
1363 3258 1400 3314 ut
1421 3251 1462 3312 sit
1478 3246 1556 3314 tatis.

451 3351 584 3430 qualem
608 3356 794 3419 existimant
813 3357 1007 3422 saddueaei:
1031 3378 1048 3417 ιι
1069 3357 1102 3423 Si
1116 3365 1225 3421 antem
1248 3364 1296 3419 est
1317 3355 1360 3418 ibi
1382 3359 1441 3415 aut
1463 3358 1555 3431 patet,

451 3460 511 3514 ant
529 3451 655 3531 irater,
678 3466 736 3520 ant
756 3458 846 3521 alind
868 3458 1078 3541 huiusmodi,
1109 3475 1172 3520 non
1194 3466 1300 3519 tamen
1321 3462 1370 3517 est
1389 3449 1557 3517 secuudum

450 3553 651 3619 nativitatem
673 3559 850 3637 carnalem,
873 3579 978 3641 neque
999 3578 1058 3642 per
1079 3558 1268 3634 mulierem,
1292 3573 1398 3636 neque
1420 3570 1480 3637 per
1499 3558 1558 3612 tor·

454 3670 510 3732 pes
531 3658 680 3738 corporis
701 3669 819 3741 partes.
843 3682 860 3720 n

533 3754 744 3840 Quapropter
764 3782 838 3827 oum
862 3765 893 3825 in
914 3764 989 3826 lucu
1004 3761 1102 3826 citato
1123 3777 1261 3842 corpora
1274 3764 1397 3823 statuat
1411 3752 1559 3819 transier-

454 3863 539 3919 mata
562 3862 731 3925 excitanda
763 3864 943 3928 secundum
974 3881 1113 3943 corpora
1137 3864 1327 3945 augelorum
1356 3859 1506 3924 coelestia
1527 3868 1560 3911 rt

452 3957 609 4035 lnminea,
631 3965 710 4043 quin
731 3964 879 4029 destruat
892 3966 979 4047 quod
1003 3967 1044 4029 ibi
1067 3966 1234 4047 praemisit
1252 3962 1292 4027 de
1313 3960 1477 4043 soliditate
1496 3968 1560 4019 cot·

453 4077 571 4139 porum
594 4061 626 4125 in
644 4067 896 4145 resurrectione,
912 4066 1119 4130 solummodo
1141 4064 1222 4128 illud
1237 4064 1284 4127 ait
1303 4062 1345 4125 ob
1366 4056 1560 4124 assimilatio·

453 4178 528 4225 nem
549 4172 582 4227 et
602 4164 710 4245 quoad
732 4167 895 4248 praelatas
916 4171 1090 4252 qualitates
1117 4166 1336 4241 sublimiores,
1358 4162 1478 4243 quibos
1497 4170 1559 4217 eor·

454 4280 517 4343 pns
538 4274 805 4332 resurrecturum
825 4268 1049 4332 adornandum
1071 4269 1143 4331 erit.
1167 4264 1232 4344 Qui
1253 4282 1332 4344 ergo
1352 4257 1501 4340 origenis
1518 4253 1561 4314 lo·

453 4366 617 4429 cntionem
631 4369 674 4430 ita
693 4370 912 4449 perpenderit,
931 4370 1067 4433 mediam
1083 4367 1232 4433 incedens
1248 4360 1558 4440 sternumentum

453 4463 549 4529 alteri
564 4465 782 4533 inficiabitur:
805 4488 865 4533 nec
879 4488 999 4551 corpus
1019 4468 1167 4532 admittet
1186 4468 1216 4528 in
1232 4460 1472 4529 resurrectione
1492 4451 1559 4517 buit

455 4568 615 4647 praesenti
636 4570 740 4635 simile
763 4580 811 4635 tot
826 4571 951 4637 rioibns
972 4570 1119 4636 infaustis
1138 4568 1316 4635 obnoxium
1325 4586 1337 4645 5
1359 4579 1466 4645 neque
1486 4554 1558 4621 slte-
