3375 5567
168 657 277 726 aurit
287 656 327 725 llt
338 665 411 741 post
423 658 672 740 usputscoueu
692 659 926 741 longissimum,
937 676 1004 743 qur
1017 678 1147 727 omnen
1162 679 1253 727 cros·

166 770 254 825 turen
265 779 454 843 eorporeuus
470 764 503 827 in
516 762 675 844 spiritslis
687 778 828 843 corporo
841 767 875 825 et
889 762 997 827 tenuis
1011 762 1090 831 dicit
1102 781 1172 832 erse
1183 780 1254 831 nru-

164 864 269 927 unirn
277 884 291 943 ς
311 874 527 945 cuneumque
544 864 757 929 substantium
771 866 804 928 in
818 880 921 929 unum
941 880 1062 944 eorpus
1083 864 1252 929 mundissi-

164 983 234 1029 nnn
252 972 285 1029 st
300 966 387 1031 onrni
406 966 580 1046 splendore
594 968 710 1048 purius
723 1010 860 1029 ......
877 965 910 1027 in
924 964 1065 1030 lirinens
1079 982 1146 1047 qus
1157 966 1249 1029 nulls

164 1066 259 1131 nellor
277 1076 346 1143 est,
368 1067 535 1132 concludit
555 1066 760 1149 redlgeciunt
779 1066 1003 1132 sulstsntism.
1026 1086 1044 1127 s

228 1168 416 1251 Priusquous
440 1188 531 1246 reru,
545 1169 622 1251 quid
641 1169 704 1237 siti
723 1169 769 1234 ibi
785 1168 928 1233 soluerit
940 1166 1114 1249 Origenes,
1127 1168 1257 1235 inresti-

163 1286 267 1349 nunu
288 1270 501 1351 etquousouo
522 1271 597 1335 telis
611 1271 823 1338 commentari
844 1271 990 1352 potuerit
1005 1278 1113 1335 tuutns
1136 1272 1187 1335 sir
1202 1270 1257 1353 ju·

163 1382 205 1435 rte
221 1370 410 1456 Hieronymi
432 1372 638 1450 cenicum,
665 1374 786 1439 cursim
807 1372 1040 1455 praemittendo
1069 1380 1146 1438 sunt
1168 1391 1256 1453 quse

162 1472 265 1552 pluries
283 1482 317 1539 et
336 1494 446 1556 nuper
464 1476 679 1540 enimsivertt
698 1476 739 1539 de
759 1474 893 1539 nunnoni
922 1478 1072 1555 eorporis
1098 1474 1256 1557 quelltrte

162 1575 440 1641 iuresurreetioue.
455 1574 553 1653 Quod
575 1576 700 1641 etiumsi
713 1576 871 1657 Origenes
892 1575 978 1640 dicut
998 1577 1178 1651 instituet
1191 1580 1255 1659 spi·

161 1675 239 1739 ritcle
254 1685 288 1741 et
306 1678 457 1743 lueiinm
478 1678 550 1742 iore
571 1687 861 1756 resurrecturum,
879 1677 1003 1759 lleiqnc
1031 1678 1199 1743 voluntate
1217 1696 1256 1745 sc

161 1777 261 1843 virtute
280 1779 312 1841 id
333 1779 509 1860 egentum,
530 1780 651 1861 qnippe
671 1778 759 1844 Deus
773 1786 905 1845 cresim
924 1778 1014 1843 illius
1033 1778 1145 1857 luerit,
1161 1788 1194 1845 et
1206 1780 1253 1845 slc

161 1878 283 1960 iussn
303 1883 619 1963 eorporisnuturrnr
641 1883 674 1945 in
695 1883 812 1947 molius
824 1881 1032 1959 intsurulsit,
1047 1887 1085 1946 ut
1100 1881 1131 1943 ln
1152 1887 1257 1945 reter-

161 1998 221 2044 uun
240 1982 349 2048 slvere
372 1986 494 2065 possit,
514 2002 594 2049 eum
613 1985 678 2050 ltoe
697 1984 901 2066 potissimum
928 1991 1109 2049 sistuntur
1133 2000 1255 2065 propu-

160 2091 219 2161 inst
230 2085 349 2167 ubique
366 2095 480 2150 oontru
495 2088 744 2151 resurrectionis
757 2088 966 2164 mentitores3
978 2092 1120 2149 uttumeu
1134 2085 1255 2165 cuique

161 2188 346 2265 pupienum
360 2198 423 2262 est,
445 2204 509 2251 nou
527 2188 588 2251 nisi
609 2187 681 2250 inde
700 2187 845 2269 eiusdem
861 2194 999 2251 nuturen
1015 2202 1194 2267 corporum
1208 2187 1255 2249 in-

162 2288 320 2365 tegritatem
341 2291 451 2369 ipsum
472 2289 559 2354 selle
579 2288 726 2364 dellnlre,
743 2306 843 2368 quum
858 2305 935 2351 sune
955 2287 1111 2368 recipient
1125 2304 1186 2368 per
1206 2306 1257 2352 re·

162 2390 381 2463 generationem
413 2390 450 2452 in
468 2390 532 2454 ritu
554 2390 689 2469 luturs3
713 2388 895 2453 nullimode
917 2404 996 2453 vcro
1016 2389 1060 2451 its
1080 2388 1254 2469 spiritulia,

162 2492 248 2553 leucio
266 2490 336 2555 sive
350 2490 499 2570 subtilis,
521 2492 570 2557 uti
592 2492 809 2571 praesumpsit
822 2488 1057 2573 Hieronymus,
1075 2490 1187 2556 futuru
1209 2488 1257 2553 ut·

105 2645 106 2648 ,
162 2587 194 2651 eit
210 2592 296 2668 qussi
317 2591 506 2668 invisibills,
527 2592 596 2655 sine
617 2591 769 2656 membris
789 2599 823 2655 et
845 2609 952 2655 seres.
977 2588 1165 2668 Quinimmo
1186 2608 1258 2655 eur·

163 2706 194 2754 ce
209 2702 238 2755 ct
255 2694 383 2759 ouibus
404 2694 571 2770 sistriets,
588 2693 740 2757 menbris
761 2701 943 2774 conspectu,
964 2693 1080 2770 solisls,
1098 2692 1257 2774 flrrnuque

164 2801 259 2867 voest,
278 2802 313 2859 st
333 2797 378 2859 ub
399 2795 549 2861 omnihus
574 2794 816 2857 infirmitatibus
839 2794 1007 2871 immunis,
1034 2799 1073 2858 ut
1096 2792 1128 2856 lu
1144 2810 1259 2875 perpe·

106 2963 107 2980 χ
163 2898 236 2957 trun
254 2904 485 2975 perseverent:
503 2894 603 2960 «Nos
625 2914 703 2959 vero
725 2894 899 2975 (inquitet
914 2896 945 2957 in
960 2894 1075 2959 eodem
1096 2908 1209 2976 ospn.
1224 2892 1255 2958 5.

106 2991 107 3046 l
163 2993 205 3057 nii
217 2994 431 3082 Hieronymus
445 2999 642 3062 coutrurloni
655 2997 885 3061 uulnssivertit
899 2998 1111 3069 sententium)
1130 3014 1188 3060 nos
1202 3014 1258 3058 re·

164 3112 204 3169 ro,
220 3101 271 3177 qui
292 3100 567 3163 resurrectionen
580 3099 687 3161 curnis
706 3100 883 3173 eredimus,
903 3098 1163 3163 immutstionenr
1184 3096 1256 3178 ojus

164 3196 302 3263 cutinus
324 3200 550 3264 tautummodo
564 3199 683 3264 tecum
704 3218 764 3280 per
785 3210 923 3263 mortem
939 3197 1161 3279 intelligimus,
1181 3197 1258 3262 suls·
1369 3194 1372 3199 ’

106 3371 107 3382 ¹
164 3299 288 3363 scnium
311 3317 394 3363 sero
406 3300 479 3383 ejus
491 3309 618 3365 certum
631 3310 681 3365 est
701 3316 908 3383 permonere:
924 3308 957 3363 et
978 3300 1145 3364 solnntste
1160 3297 1257 3364 Cres·

106 3391 107 3474 ζ
166 3398 227 3462 toris
242 3402 292 3465 sui
311 3408 474 3483 certoque
496 3412 640 3482 tempore
667 3420 784 3467 rursus
805 3402 951 3482 reparari
971 3401 1012 3466 si
1036 3402 1133 3465 vltrrn
1153 3408 1215 3465 etc.
1239 3422 1256 3459 s

106 3491 107 3530 ³
165 3492 240 3569 Quoi
259 3504 393 3581 quidem
420 3512 531 3584 postes
552 3506 713 3584 potentius
741 3511 929 3578 asseverat,
959 3504 1083 3566 veritus
1103 3520 1144 3566 ne
1175 3502 1259 3565 lorte

165 3599 220 3673 uuis
235 3620 276 3667 ex
296 3603 452 3684 praetatis
475 3606 581 3670 verbis
601 3605 764 3677 offensus,
784 3603 882 3667 aliter
899 3604 1041 3683 suipsius
1066 3620 1197 3667 sensnm
1218 3602 1258 3666 tle

167 3695 211 3763 lte
223 3718 254 3765 re
265 3706 556 3784 comprehenderet
568 3726 578 3768 t
602 3727 619 3765 e
640 3704 714 3770 Non
728 3706 826 3779 euim,
840 3706 947 3784 inquit
960 3702 1130 3785 Origenes,
1145 3722 1258 3769 secun·

166 3797 226 3865 lun
243 3807 401 3883 quoscsm
429 3824 622 3887 graecorum
645 3808 855 3890 philosophos
880 3815 1011 3889 prueter
1030 3807 1094 3870 lsoc
1124 3822 1257 3888 eorpus,

166 3903 234 3975 itui
246 3925 287 3971 cx
306 3916 455 3989 quotuor
469 3909 637 3974 elementis
656 3916 718 3986 cst,
735 3909 824 3973 uliud
845 3910 997 3991 quintum
1013 3924 1147 3987 corpus,
1168 3907 1257 3988 quosl

167 4014 210 4074 per
225 4008 326 4071 onuis
347 4008 438 4073 uliud
458 4011 555 4075 silet
574 4009 740 4075 diversum
768 4010 811 4073 nb
831 4011 893 4075 lsoc
915 4019 1026 4075 nostro
1048 4024 1203 4089 corpore,
1223 4006 1260 4068 tl·

167 4096 209 4163 itt
225 4102 386 4174 Ecclesiae
406 4112 541 4192 recipit:
572 4113 725 4193 quonism
746 4129 854 4192 neque
874 4131 916 4179 ex
936 4112 1114 4192 scripturis
1140 4110 1260 4174 sunctis

170 4202 209 4263 iti
223 4211 432 4290 suspicionem
452 4213 597 4294 aliquem
617 4212 768 4294 prolerre
786 4213 827 4277 ue
842 4214 892 4277 lsis
912 4214 985 4296 quis
1006 4219 1132 4295 potest3
1154 4226 1258 4287 neque

169 4298 220 4377 litt
237 4326 344 4377 rerum
366 4318 595 4396 consequentis
627 4316 707 4379 hoec
727 4317 827 4397 recipi
850 4318 992 4399 petitur3
1022 4314 1163 4385 monime
1183 4326 1259 4373 enus

173 4410 310 4479 nunus
330 4416 463 4483 defluet
491 4425 621 4484 sanctus
641 4416 838 4500 Apostolus,
860 4419 936 4500 quie
959 4436 1030 4501 nou
1050 4424 1158 4501 ntique
1177 4424 1262 4475 uois

275 4513 336 4581 Vol.
361 4516 408 4583 11.
1129 4514 1151 4581 is
