<?xml version="1.0" encoding="UTF-8"?>
<!DOCTYPE html PUBLIC "-//W3C//DTD XHTML 1.0 Transitional//EN"
    "http://www.w3.org/TR/xhtml1/DTD/xhtml1-transitional.dtd">
<html xmlns="http://www.w3.org/1999/xhtml" xml:lang="en" lang="en">
 <head>
  <title>
</title>
<meta http-equiv="Content-Type" content="text/html;charset=utf-8" />
  <meta name='ocr-system' content='tesseract 3.04.00' />
  <meta name='ocr-capabilities' content='ocr_page ocr_carea ocr_par ocr_line ocrx_word'/>
</head>
<body>
  <div class='ocr_page' id='page_1' title='image "./insgregoriinyss02vincgoog/insgregoriinyss02vincgoog_0720.png"; bbox 0 0 3375 5567; ppageno 0'>
   <div class='ocr_carea' id='block_1_1' title="bbox 459 776 1559 2878">
    <p class='ocr_par' dir='ltr' id='par_1_1' title="bbox 462 776 1555 1046">
     <span class='ocr_line' id='line_1_1' title="bbox 464 776 1554 862; baseline -0.004 -18"><span class='ocrx_word' id='word_1_1' title='bbox 464 786 537 862; x_wconf 88' lang='lat' dir='ltr'><strong>post</strong></span> <span class='ocrx_word' id='word_1_2' title='bbox 556 779 731 861; x_wconf 72' lang='lat' dir='ltr'><strong>Origenem</strong></span> <span class='ocrx_word' id='word_1_3' title='bbox 753 779 875 861; x_wconf 83' lang='lat' dir='ltr'><strong>ubique</strong></span> <span class='ocrx_word' id='word_1_4' title='bbox 894 784 1045 843; x_wconf 84' lang='lat' dir='ltr'><strong>servatos</strong></span> <span class='ocrx_word' id='word_1_5' title='bbox 1066 776 1228 859; x_wconf 79' lang='lat' dir='ltr'><strong>perstitit3</strong></span> <span class='ocrx_word' id='word_1_6' title='bbox 1255 776 1395 841; x_wconf 80' lang='lat' dir='ltr'><strong>adeost</strong></span> <span class='ocrx_word' id='word_1_7' title='bbox 1416 776 1467 840; x_wconf 78' lang='lat' dir='ltr'><strong>alx</strong></span> <span class='ocrx_word' id='word_1_8' title='bbox 1482 776 1554 840; x_wconf 90' lang='lat' dir='ltr'><strong>litte·</strong></span> 
     </span>
     <span class='ocr_line' id='line_1_2' title="bbox 462 876 1555 957; baseline -0.004 -12"><span class='ocrx_word' id='word_1_9' title='bbox 462 900 519 945; x_wconf 89' lang='lat' dir='ltr'><strong>rae</strong></span> <span class='ocrx_word' id='word_1_10' title='bbox 540 899 636 945; x_wconf 88' lang='lat' dir='ltr'><strong>sensu</strong></span> <span class='ocrx_word' id='word_1_11' title='bbox 658 880 789 957; x_wconf 87' lang='lat' dir='ltr'><strong>tradito,</strong></span> <span class='ocrx_word' id='word_1_12' title='bbox 805 881 915 943; x_wconf 90' lang='lat' dir='ltr'><strong>statim</strong></span> <span class='ocrx_word' id='word_1_13' title='bbox 935 878 976 941; x_wconf 90' lang='lat' dir='ltr'><strong>ad</strong></span> <span class='ocrx_word' id='word_1_14' title='bbox 997 879 1222 944; x_wconf 68' lang='lat' dir='ltr'><strong>sublimiorem</strong></span> <span class='ocrx_word' id='word_1_15' title='bbox 1245 895 1356 941; x_wconf 90' lang='lat' dir='ltr'><strong>rernm</strong></span> <span class='ocrx_word' id='word_1_16' title='bbox 1374 876 1555 957; x_wconf 68' lang='lat' dir='ltr'><strong>significatio</strong></span> 
     </span>
     <span class='ocr_line' id='line_1_3' title="bbox 462 983 968 1046; baseline -0.006 -3"><span class='ocrx_word' id='word_1_17' title='bbox 462 1000 534 1046; x_wconf 91' lang='lat' dir='ltr'><strong>nem</strong></span> <span class='ocrx_word' id='word_1_18' title='bbox 559 983 823 1046; x_wconf 69' lang='lat' dir='ltr'><strong>transveheretur</strong></span> <span class='ocrx_word' id='word_1_19' title='bbox 844 991 968 1045; x_wconf 88' lang='lat' dir='ltr'><strong>orator.</strong></span> 
     </span>
    </p>

    <p class='ocr_par' dir='ltr' id='par_1_2' title="bbox 460 1079 1557 2156">
     <span class='ocr_line' id='line_1_4' title="bbox 505 1079 1555 1161; baseline -0.004 -16"><span class='ocrx_word' id='word_1_20' title='bbox 505 1096 507 1099; x_wconf 86' lang='grc'><strong><em>·</em></strong></span> <span class='ocrx_word' id='word_1_21' title='bbox 544 1081 639 1159; x_wconf 88' lang='lat' dir='ltr'><strong>Quod</strong></span> <span class='ocrx_word' id='word_1_22' title='bbox 662 1090 771 1146; x_wconf 90' lang='lat' dir='ltr'><strong>autem</strong></span> <span class='ocrx_word' id='word_1_23' title='bbox 793 1082 880 1157; x_wconf 81' lang='lat' dir='ltr'><strong>dixi,</strong></span> <span class='ocrx_word' id='word_1_24' title='bbox 902 1102 929 1145; x_wconf 86' lang='lat' dir='ltr'><strong>s.</strong></span> <span class='ocrx_word' id='word_1_25' title='bbox 953 1081 1111 1145; x_wconf 86' lang='lat' dir='ltr'><strong>Basiliam</strong></span> <span class='ocrx_word' id='word_1_26' title='bbox 1131 1079 1307 1161; x_wconf 74' lang='lat' dir='ltr'><strong>origenem</strong></span> <span class='ocrx_word' id='word_1_27' title='bbox 1339 1080 1555 1159; x_wconf 76' lang='lat' dir='ltr'><strong>reprehendere</strong></span> 
     </span>
     <span class='ocr_line' id='line_1_5' title="bbox 462 1182 1556 1265; baseline -0.004 -17"><span class='ocrx_word' id='word_1_28' title='bbox 462 1187 494 1248; x_wconf 92' lang='lat' dir='ltr'><strong>in</strong></span> <span class='ocrx_word' id='word_1_29' title='bbox 518 1186 692 1249; x_wconf 83' lang='lat' dir='ltr'><strong>verborum</strong></span> <span class='ocrx_word' id='word_1_30' title='bbox 716 1185 981 1265; x_wconf 70' lang='lat' dir='ltr'><strong>interpretatione</strong></span> <span class='ocrx_word' id='word_1_31' title='bbox 1001 1185 1061 1264; x_wconf 80' lang='lat' dir='ltr'><strong>fiat</strong></span> <span class='ocrx_word' id='word_1_32' title='bbox 1089 1185 1323 1264; x_wconf 75' lang='lat' dir='ltr'><strong>firmamentum</strong></span> <span class='ocrx_word' id='word_1_33' title='bbox 1343 1190 1405 1244; x_wconf 86' lang='lat' dir='ltr'><strong>eto.</strong></span> <span class='ocrx_word' id='word_1_34' title='bbox 1430 1182 1556 1261; x_wconf 80' lang='lat' dir='ltr'><strong>quisquis</strong></span> 
     </span>
     <span class='ocr_line' id='line_1_6' title="bbox 461 1279 1556 1360; baseline -0.005 -12"><span class='ocrx_word' id='word_1_35' title='bbox 461 1304 539 1349; x_wconf 88' lang='lat' dir='ltr'><strong>sano</strong></span> <span class='ocrx_word' id='word_1_36' title='bbox 569 1288 664 1347; x_wconf 86' lang='lat' dir='ltr'><strong>citata</strong></span> <span class='ocrx_word' id='word_1_37' title='bbox 693 1286 830 1348; x_wconf 81' lang='lat' dir='ltr'><strong>veritas</strong></span> <span class='ocrx_word' id='word_1_38' title='bbox 861 1304 887 1347; x_wconf 89' lang='lat' dir='ltr'><strong>s.</strong></span> <span class='ocrx_word' id='word_1_39' title='bbox 911 1282 1052 1359; x_wconf 86' lang='lat' dir='ltr'><strong>Basilio,</strong></span> <span class='ocrx_word' id='word_1_40' title='bbox 1083 1282 1258 1346; x_wconf 73' lang='lat' dir='ltr'><strong>contulerit</strong></span> <span class='ocrx_word' id='word_1_41' title='bbox 1280 1282 1346 1344; x_wconf 93' lang='lat' dir='ltr'><strong>illis</strong></span> <span class='ocrx_word' id='word_1_42' title='bbox 1377 1282 1418 1342; x_wconf 83' lang='lat' dir='ltr'><strong>ab</strong></span> <span class='ocrx_word' id='word_1_43' title='bbox 1438 1279 1556 1360; x_wconf 74' lang='lat' dir='ltr'><strong>Origene</strong></span> 
     </span>
     <span class='ocr_line' id='line_1_7' title="bbox 464 1382 1555 1463; baseline -0.004 -15"><span class='ocrx_word' id='word_1_44' title='bbox 464 1386 614 1450; x_wconf 82' lang='lat' dir='ltr'><strong>discussis</strong></span> <span class='ocrx_word' id='word_1_45' title='bbox 636 1385 775 1449; x_wconf 79' lang='lat' dir='ltr'><strong>Humilia</strong></span> <span class='ocrx_word' id='word_1_46' title='bbox 800 1388 824 1451; x_wconf 94' lang='lat' dir='ltr'><strong>l.</strong></span> <span class='ocrx_word' id='word_1_47' title='bbox 840 1388 873 1449; x_wconf 91' lang='lat' dir='ltr'><strong>io</strong></span> <span class='ocrx_word' id='word_1_48' title='bbox 893 1383 1043 1450; x_wconf 79' lang='lat' dir='ltr'><strong>Genesim</strong></span> <span class='ocrx_word' id='word_1_49' title='bbox 1065 1386 1102 1447; x_wconf 81' lang='lat' dir='ltr'><strong>de</strong></span> <span class='ocrx_word' id='word_1_50' title='bbox 1118 1384 1199 1448; x_wconf 77' lang='lat' dir='ltr'><strong>Orto</strong></span> <span class='ocrx_word' id='word_1_51' title='bbox 1219 1382 1334 1447; x_wconf 79' lang='lat' dir='ltr'><strong>mundi</strong></span> <span class='ocrx_word' id='word_1_52' title='bbox 1352 1392 1415 1447; x_wconf 88' lang='lat' dir='ltr'><strong>ete.</strong></span> <span class='ocrx_word' id='word_1_53' title='bbox 1430 1400 1555 1463; x_wconf 86' lang='lat' dir='ltr'><strong>eompre·</strong></span> 
     </span>
     <span class='ocr_line' id='line_1_8' title="bbox 463 1484 1555 1570; baseline -0.005 -19"><span class='ocrx_word' id='word_1_54' title='bbox 463 1487 584 1563; x_wconf 83' lang='lat' dir='ltr'><strong>itendit,</strong></span> <span class='ocrx_word' id='word_1_55' title='bbox 608 1488 681 1550; x_wconf 81' lang='lat' dir='ltr'><strong>irino</strong></span> <span class='ocrx_word' id='word_1_56' title='bbox 703 1506 816 1568; x_wconf 87' lang='lat' dir='ltr'><strong>respso</strong></span> <span class='ocrx_word' id='word_1_57' title='bbox 837 1488 990 1570; x_wconf 87' lang='lat' dir='ltr'><strong>decerpta</strong></span> <span class='ocrx_word' id='word_1_58' title='bbox 1012 1488 1142 1563; x_wconf 90' lang='lat' dir='ltr'><strong>omnia,</strong></span> <span class='ocrx_word' id='word_1_59' title='bbox 1165 1504 1251 1566; x_wconf 84' lang='lat' dir='ltr'><strong>quae</strong></span> <span class='ocrx_word' id='word_1_60' title='bbox 1270 1504 1297 1549; x_wconf 89' lang='lat' dir='ltr'><strong>s.</strong></span> <span class='ocrx_word' id='word_1_61' title='bbox 1321 1484 1446 1549; x_wconf 82' lang='lat' dir='ltr'><strong>Ductor</strong></span> <span class='ocrx_word' id='word_1_62' title='bbox 1465 1504 1555 1563; x_wconf 81' lang='lat' dir='ltr'><strong>repro</strong></span> 
     </span>
     <span class='ocr_line' id='line_1_9' title="bbox 465 1586 1554 1670; baseline -0.005 -18"><span class='ocrx_word' id='word_1_63' title='bbox 465 1589 520 1652; x_wconf 88' lang='lat' dir='ltr'><strong>bat</strong></span> <span class='ocrx_word' id='word_1_64' title='bbox 539 1591 571 1651; x_wconf 91' lang='lat' dir='ltr'><strong>iu</strong></span> <span class='ocrx_word' id='word_1_65' title='bbox 584 1590 758 1665; x_wconf 88' lang='lat' dir='ltr'><strong>nonnullis,</strong></span> <span class='ocrx_word' id='word_1_66' title='bbox 775 1590 822 1652; x_wconf 91' lang='lat' dir='ltr'><strong>uti</strong></span> <span class='ocrx_word' id='word_1_67' title='bbox 845 1590 912 1670; x_wconf 87' lang='lat' dir='ltr'><strong>ipso</strong></span> <span class='ocrx_word' id='word_1_68' title='bbox 927 1591 983 1664; x_wconf 88' lang='lat' dir='ltr'><strong>ait,</strong></span> <span class='ocrx_word' id='word_1_69' title='bbox 1001 1588 1167 1655; x_wconf 75' lang='lat' dir='ltr'><strong>Ecclesiae</strong></span> <span class='ocrx_word' id='word_1_70' title='bbox 1184 1590 1273 1663; x_wconf 83' lang='lat' dir='ltr'><strong>siris,</strong></span> <span class='ocrx_word' id='word_1_71' title='bbox 1289 1590 1346 1667; x_wconf 86' lang='lat' dir='ltr'><strong>qui</strong></span> <span class='ocrx_word' id='word_1_72' title='bbox 1365 1607 1408 1650; x_wconf 80' lang='lat' dir='ltr'><strong>ex</strong></span> <span class='ocrx_word' id='word_1_73' title='bbox 1430 1588 1474 1649; x_wconf 84' lang='lat' dir='ltr'><strong>lais</strong></span> <span class='ocrx_word' id='word_1_74' title='bbox 1486 1586 1554 1650; x_wconf 78' lang='lat' dir='ltr'><strong>Seri</strong></span> 
     </span>
     <span class='ocr_line' id='line_1_10' title="bbox 462 1686 1556 1772; baseline -0.005 -20"><span class='ocrx_word' id='word_1_75' title='bbox 462 1698 579 1772; x_wconf 89' lang='lat' dir='ltr'><strong>ptorae</strong></span> <span class='ocrx_word' id='word_1_76' title='bbox 596 1690 700 1752; x_wconf 81' lang='lat' dir='ltr'><strong>vernis</strong></span> <span class='ocrx_word' id='word_1_77' title='bbox 713 1690 769 1753; x_wconf 83' lang='lat' dir='ltr'><strong>iras</strong></span> <span class='ocrx_word' id='word_1_78' title='bbox 784 1691 1019 1753; x_wconf 81' lang='lat' dir='ltr'><strong>concinnarunt</strong></span> <span class='ocrx_word' id='word_1_79' title='bbox 1033 1690 1167 1753; x_wconf 78' lang='lat' dir='ltr'><strong>labellos</strong></span> <span class='ocrx_word' id='word_1_80' title='bbox 1178 1690 1246 1751; x_wconf 83' lang='lat' dir='ltr'><strong>sive</strong></span> <span class='ocrx_word' id='word_1_81' title='bbox 1259 1689 1396 1751; x_wconf 88' lang='lat' dir='ltr'><strong>somnia.</strong></span> <span class='ocrx_word' id='word_1_82' title='bbox 1415 1686 1454 1749; x_wconf 82' lang='lat' dir='ltr'><strong>lit</strong></span> <span class='ocrx_word' id='word_1_83' title='bbox 1464 1704 1556 1765; x_wconf 84' lang='lat' dir='ltr'><strong>qusn-</strong></span> 
     </span>
     <span class='ocr_line' id='line_1_11' title="bbox 464 1787 1557 1871; baseline -0.004 -21"><span class='ocrx_word' id='word_1_84' title='bbox 464 1791 510 1852; x_wconf 83' lang='lat' dir='ltr'><strong>vis</strong></span> <span class='ocrx_word' id='word_1_85' title='bbox 532 1788 669 1853; x_wconf 85' lang='lat' dir='ltr'><strong>Basilius</strong></span> <span class='ocrx_word' id='word_1_86' title='bbox 690 1790 733 1852; x_wconf 83' lang='lat' dir='ltr'><strong>tot</strong></span> <span class='ocrx_word' id='word_1_87' title='bbox 755 1809 924 1871; x_wconf 86' lang='lat' dir='ltr'><strong>personam</strong></span> <span class='ocrx_word' id='word_1_88' title='bbox 957 1791 1043 1854; x_wconf 87' lang='lat' dir='ltr'><strong>haud</strong></span> <span class='ocrx_word' id='word_1_89' title='bbox 1076 1792 1186 1864; x_wconf 84' lang='lat' dir='ltr'><strong>notet,</strong></span> <span class='ocrx_word' id='word_1_90' title='bbox 1211 1799 1317 1851; x_wconf 87' lang='lat' dir='ltr'><strong>tamen</strong></span> <span class='ocrx_word' id='word_1_91' title='bbox 1338 1788 1486 1852; x_wconf 87' lang='lat' dir='ltr'><strong>eumdem</strong></span> <span class='ocrx_word' id='word_1_92' title='bbox 1507 1787 1557 1864; x_wconf 88' lang='lat' dir='ltr'><strong>pri·</strong></span> 
     </span>
     <span class='ocr_line' id='line_1_12' title="bbox 462 1890 1555 1971; baseline -0.005 -20"><span class='ocrx_word' id='word_1_93' title='bbox 462 1906 564 1964; x_wconf 88' lang='lat' dir='ltr'><strong>mum,</strong></span> <span class='ocrx_word' id='word_1_94' title='bbox 580 1898 772 1970; x_wconf 80' lang='lat' dir='ltr'><strong>ceterosque</strong></span> <span class='ocrx_word' id='word_1_95' title='bbox 791 1907 869 1953; x_wconf 89' lang='lat' dir='ltr'><strong>suos</strong></span> <span class='ocrx_word' id='word_1_96' title='bbox 885 1890 1023 1954; x_wconf 85' lang='lat' dir='ltr'><strong>asseclas</strong></span> <span class='ocrx_word' id='word_1_97' title='bbox 1036 1892 1220 1971; x_wconf 77' lang='lat' dir='ltr'><strong>pertingere</strong></span> <span class='ocrx_word' id='word_1_98' title='bbox 1234 1890 1412 1968; x_wconf 78' lang='lat' dir='ltr'><strong>Origenem</strong></span> <span class='ocrx_word' id='word_1_99' title='bbox 1432 1896 1555 1961; x_wconf 77' lang='lat' dir='ltr'><strong>eoosut3</strong></span> 
     </span>
     <span class='ocr_line' id='line_1_13' title="bbox 461 1986 1557 2073; baseline -0.002 -22"><span class='ocrx_word' id='word_1_100' title='bbox 461 2008 519 2053; x_wconf 89' lang='lat' dir='ltr'><strong>nee</strong></span> <span class='ocrx_word' id='word_1_101' title='bbox 534 1989 573 2053; x_wconf 89' lang='lat' dir='ltr'><strong>de</strong></span> <span class='ocrx_word' id='word_1_102' title='bbox 594 1992 664 2054; x_wconf 91' lang='lat' dir='ltr'><strong>aliis</strong></span> <span class='ocrx_word' id='word_1_103' title='bbox 681 1991 742 2054; x_wconf 87' lang='lat' dir='ltr'><strong>hoo</strong></span> <span class='ocrx_word' id='word_1_104' title='bbox 763 1992 925 2073; x_wconf 87' lang='lat' dir='ltr'><strong>eonjioere</strong></span> <span class='ocrx_word' id='word_1_105' title='bbox 939 1992 1028 2067; x_wconf 88' lang='lat' dir='ltr'><strong>licet,</strong></span> <span class='ocrx_word' id='word_1_106' title='bbox 1044 2011 1085 2055; x_wconf 95' lang='lat' dir='ltr'><strong>eo</strong></span> <span class='ocrx_word' id='word_1_107' title='bbox 1100 1994 1200 2071; x_wconf 76' lang='lat' dir='ltr'><strong>magis</strong></span> <span class='ocrx_word' id='word_1_108' title='bbox 1214 1992 1302 2071; x_wconf 88' lang='lat' dir='ltr'><strong>quod</strong></span> <span class='ocrx_word' id='word_1_109' title='bbox 1318 1988 1488 2053; x_wconf 77' lang='lat' dir='ltr'><strong>iustiniani</strong></span> <span class='ocrx_word' id='word_1_110' title='bbox 1500 1986 1557 2065; x_wconf 78' lang='lat' dir='ltr'><strong>lipi-</strong></span> 
     </span>
     <span class='ocr_line' id='line_1_14' title="bbox 460 2091 984 2156; baseline 0 -3"><span class='ocrx_word' id='word_1_111' title='bbox 460 2091 543 2153; x_wconf 89' lang='lat' dir='ltr'><strong>stola</strong></span> <span class='ocrx_word' id='word_1_112' title='bbox 565 2091 659 2154; x_wconf 90' lang='lat' dir='ltr'><strong>illum</strong></span> <span class='ocrx_word' id='word_1_113' title='bbox 682 2094 869 2155; x_wconf 85' lang='lat' dir='ltr'><strong>nominatim</strong></span> <span class='ocrx_word' id='word_1_114' title='bbox 897 2096 984 2156; x_wconf 81' lang='lat' dir='ltr'><strong>nitet.</strong></span> 
     </span>
    </p>

    <p class='ocr_par' dir='ltr' id='par_1_3' title="bbox 459 2188 1559 2878">
     <span class='ocr_line' id='line_1_15' title="bbox 545 2188 1558 2274; baseline -0.006 -21"><span class='ocrx_word' id='word_1_115' title='bbox 545 2188 719 2271; x_wconf 82' lang='lat' dir='ltr'><strong>Propterea</strong></span> <span class='ocrx_word' id='word_1_116' title='bbox 742 2194 773 2254; x_wconf 91' lang='lat' dir='ltr'><strong>in</strong></span> <span class='ocrx_word' id='word_1_117' title='bbox 806 2194 867 2256; x_wconf 79' lang='lat' dir='ltr'><strong>lise</strong></span> <span class='ocrx_word' id='word_1_118' title='bbox 892 2197 1081 2274; x_wconf 84' lang='lat' dir='ltr'><strong>quaestione</strong></span> <span class='ocrx_word' id='word_1_119' title='bbox 1109 2192 1203 2255; x_wconf 82' lang='lat' dir='ltr'><strong>valde</strong></span> <span class='ocrx_word' id='word_1_120' title='bbox 1231 2199 1341 2255; x_wconf 81' lang='lat' dir='ltr'><strong>nostre</strong></span> <span class='ocrx_word' id='word_1_121' title='bbox 1368 2196 1558 2255; x_wconf 75' lang='lat' dir='ltr'><strong>interestne</strong></span> 
     </span>
     <span class='ocr_line' id='line_1_16' title="bbox 462 2288 1557 2377; baseline -0.005 -24"><span class='ocrx_word' id='word_1_122' title='bbox 462 2292 555 2377; x_wconf 69' lang='lat' dir='ltr'><strong>aisse,</strong></span> <span class='ocrx_word' id='word_1_123' title='bbox 578 2300 724 2373; x_wconf 83' lang='lat' dir='ltr'><strong>accepto,</strong></span> <span class='ocrx_word' id='word_1_124' title='bbox 746 2312 771 2356; x_wconf 89' lang='lat' dir='ltr'><strong>a.</strong></span> <span class='ocrx_word' id='word_1_125' title='bbox 797 2291 906 2357; x_wconf 88' lang='lat' dir='ltr'><strong>Basilii</strong></span> <span class='ocrx_word' id='word_1_126' title='bbox 930 2294 1028 2355; x_wconf 83' lang='lat' dir='ltr'><strong>verba</strong></span> <span class='ocrx_word' id='word_1_127' title='bbox 1052 2311 1069 2354; x_wconf 87' lang='lat' dir='ltr'><strong>n</strong></span> <span class='ocrx_word' id='word_1_128' title='bbox 1093 2292 1241 2372; x_wconf 86' lang='lat' dir='ltr'><strong>praelata</strong></span> <span class='ocrx_word' id='word_1_129' title='bbox 1263 2289 1408 2353; x_wconf 80' lang='lat' dir='ltr'><strong>Romilia</strong></span> <span class='ocrx_word' id='word_1_130' title='bbox 1430 2288 1557 2368; x_wconf 69' lang='lat' dir='ltr'><strong>Origenis</strong></span> 
     </span>
     <span class='ocr_line' id='line_1_17' title="bbox 462 2392 1558 2475; baseline -0.003 -21"><span class='ocrx_word' id='word_1_131' title='bbox 462 2394 629 2474; x_wconf 86' lang='lat' dir='ltr'><strong>desumpta</strong></span> <span class='ocrx_word' id='word_1_132' title='bbox 652 2394 750 2457; x_wconf 87' lang='lat' dir='ltr'><strong>iulsse</strong></span> <span class='ocrx_word' id='word_1_133' title='bbox 771 2395 841 2475; x_wconf 87' lang='lat' dir='ltr'><strong>(neo</strong></span> <span class='ocrx_word' id='word_1_134' title='bbox 857 2394 987 2457; x_wconf 86' lang='lat' dir='ltr'><strong>aliunde</strong></span> <span class='ocrx_word' id='word_1_135' title='bbox 1008 2412 1085 2456; x_wconf 86' lang='lat' dir='ltr'><strong>asne</strong></span> <span class='ocrx_word' id='word_1_136' title='bbox 1104 2393 1300 2458; x_wconf 90' lang='lat' dir='ltr'><strong>desumenda</strong></span> <span class='ocrx_word' id='word_1_137' title='bbox 1324 2392 1485 2466; x_wconf 69' lang='lat' dir='ltr'><strong>ridentur)</strong></span> <span class='ocrx_word' id='word_1_138' title='bbox 1503 2408 1558 2451; x_wconf 85' lang='lat' dir='ltr'><strong>nos·</strong></span> 
     </span>
     <span class='ocr_line' id='line_1_18' title="bbox 459 2491 1557 2574; baseline -0.006 -19"><span class='ocrx_word' id='word_1_139' title='bbox 459 2509 515 2566; x_wconf 87' lang='lat' dir='ltr'><strong>se,</strong></span> <span class='ocrx_word' id='word_1_140' title='bbox 538 2495 668 2573; x_wconf 87' lang='lat' dir='ltr'><strong>inquam</strong></span> <span class='ocrx_word' id='word_1_141' title='bbox 690 2493 814 2569; x_wconf 82' lang='lat' dir='ltr'><strong>retent,</strong></span> <span class='ocrx_word' id='word_1_142' title='bbox 836 2495 912 2555; x_wconf 85' lang='lat' dir='ltr'><strong>satis</strong></span> <span class='ocrx_word' id='word_1_143' title='bbox 934 2494 1072 2557; x_wconf 80' lang='lat' dir='ltr'><strong>invicem</strong></span> <span class='ocrx_word' id='word_1_144' title='bbox 1101 2496 1289 2574; x_wconf 83' lang='lat' dir='ltr'><strong>discrepare</strong></span> <span class='ocrx_word' id='word_1_145' title='bbox 1315 2491 1470 2555; x_wconf 78' lang='lat' dir='ltr'><strong>Auctoris</strong></span> <span class='ocrx_word' id='word_1_146' title='bbox 1489 2506 1557 2553; x_wconf 84' lang='lat' dir='ltr'><strong>meo·</strong></span> 
     </span>
     <span class='ocr_line' id='line_1_19' title="bbox 462 2590 1558 2675; baseline -0.004 -21"><span class='ocrx_word' id='word_1_147' title='bbox 462 2603 524 2655; x_wconf 89' lang='lat' dir='ltr'><strong>tem</strong></span> <span class='ocrx_word' id='word_1_148' title='bbox 548 2594 579 2655; x_wconf 93' lang='lat' dir='ltr'><strong>in</strong></span> <span class='ocrx_word' id='word_1_149' title='bbox 602 2592 743 2657; x_wconf 84' lang='lat' dir='ltr'><strong>Humilia</strong></span> <span class='ocrx_word' id='word_1_150' title='bbox 767 2614 977 2675; x_wconf 81' lang='lat' dir='ltr'><strong>expressam,</strong></span> <span class='ocrx_word' id='word_1_151' title='bbox 1000 2595 1041 2657; x_wconf 86' lang='lat' dir='ltr'><strong>ab</strong></span> <span class='ocrx_word' id='word_1_152' title='bbox 1062 2596 1112 2671; x_wconf 89' lang='lat' dir='ltr'><strong>iis,</strong></span> <span class='ocrx_word' id='word_1_153' title='bbox 1135 2613 1220 2674; x_wconf 84' lang='lat' dir='ltr'><strong>quse</strong></span> <span class='ocrx_word' id='word_1_154' title='bbox 1241 2596 1373 2673; x_wconf 88' lang='lat' dir='ltr'><strong>abipso</strong></span> <span class='ocrx_word' id='word_1_155' title='bbox 1395 2592 1510 2656; x_wconf 85' lang='lat' dir='ltr'><strong>Basilio</strong></span> <span class='ocrx_word' id='word_1_156' title='bbox 1526 2590 1558 2651; x_wconf 85' lang='lat' dir='ltr'><strong>ei·</strong></span> 
     </span>
     <span class='ocr_line' id='line_1_20' title="bbox 460 2692 1558 2775; baseline -0.004 -21"><span class='ocrx_word' id='word_1_157' title='bbox 460 2694 533 2755; x_wconf 88' lang='lat' dir='ltr'><strong>dem</strong></span> <span class='ocrx_word' id='word_1_158' title='bbox 556 2695 787 2760; x_wconf 83' lang='lat' dir='ltr'><strong>adscribuntur</strong></span> <span class='ocrx_word' id='word_1_159' title='bbox 808 2698 838 2758; x_wconf 94' lang='lat' dir='ltr'><strong>in</strong></span> <span class='ocrx_word' id='word_1_160' title='bbox 861 2698 1027 2775; x_wconf 86' lang='lat' dir='ltr'><strong>praedicto</strong></span> <span class='ocrx_word' id='word_1_161' title='bbox 1059 2696 1226 2761; x_wconf 88' lang='lat' dir='ltr'><strong>Sermone.</strong></span> <span class='ocrx_word' id='word_1_162' title='bbox 1258 2696 1449 2772; x_wconf 86' lang='lat' dir='ltr'><strong>Quinimmo</strong></span> <span class='ocrx_word' id='word_1_163' title='bbox 1470 2692 1558 2755; x_wconf 81' lang='lat' dir='ltr'><strong>Basdii</strong></span> 
     </span>
     <span class='ocr_line' id='line_1_21' title="bbox 462 2796 1559 2878; baseline -0.002 -23"><span class='ocrx_word' id='word_1_164' title='bbox 462 2796 559 2857; x_wconf 83' lang='lat' dir='ltr'><strong>verba</strong></span> <span class='ocrx_word' id='word_1_165' title='bbox 584 2814 662 2877; x_wconf 76' lang='lat' dir='ltr'><strong>vage</strong></span> <span class='ocrx_word' id='word_1_166' title='bbox 685 2799 844 2878; x_wconf 87' lang='lat' dir='ltr'><strong>quaedam</strong></span> <span class='ocrx_word' id='word_1_167' title='bbox 868 2798 1094 2878; x_wconf 85' lang='lat' dir='ltr'><strong>interpretatio</strong></span> <span class='ocrx_word' id='word_1_168' title='bbox 1117 2798 1319 2872; x_wconf 84' lang='lat' dir='ltr'><strong>riderentur,</strong></span> <span class='ocrx_word' id='word_1_169' title='bbox 1340 2813 1458 2859; x_wconf 87' lang='lat' dir='ltr'><strong>esrum</strong></span> <span class='ocrx_word' id='word_1_170' title='bbox 1479 2797 1559 2857; x_wconf 84' lang='lat' dir='ltr'><strong>instar</strong></span> 
     </span>
    </p>
   </div>
   <div class='ocr_carea' id='block_1_2' title="bbox 365 2894 1556 2979">
    <p class='ocr_par' dir='ltr' id='par_1_4' title="bbox 365 2894 1556 2979">
     <span class='ocr_line' id='line_1_22' title="bbox 365 2894 1556 2979; baseline -0.001 -24"><span class='ocrx_word' id='word_1_171' title='bbox 365 2896 387 2955; x_wconf 76' lang='grc'><strong>.“</strong></span> <span class='ocrx_word' id='word_1_172' title='bbox 460 2912 477 2955; x_wconf 93' lang='lat' dir='ltr'><strong>a</strong></span> <span class='ocrx_word' id='word_1_173' title='bbox 495 2894 701 2961; x_wconf 86' lang='lat' dir='ltr'><strong>laisatoribns</strong></span> <span class='ocrx_word' id='word_1_174' title='bbox 715 2899 879 2962; x_wconf 85' lang='lat' dir='ltr'><strong>librorum</strong></span> <span class='ocrx_word' id='word_1_175' title='bbox 894 2899 1043 2979; x_wconf 72' lang='lat' dir='ltr'><strong>Origeois</strong></span> <span class='ocrx_word' id='word_1_176' title='bbox 1057 2898 1294 2962; x_wconf 79' lang='lat' dir='ltr'><strong>editarum-snb</strong></span> <span class='ocrx_word' id='word_1_177' title='bbox 1314 2898 1409 2961; x_wconf 89' lang='lat' dir='ltr'><strong>istius</strong></span> <span class='ocrx_word' id='word_1_178' title='bbox 1428 2896 1556 2957; x_wconf 82' lang='lat' dir='ltr'><strong>nomine:</strong></span> 
     </span>
    </p>
   </div>
   <div class='ocr_carea' id='block_1_3' title="bbox 456 2992 1558 4179">
    <p class='ocr_par' dir='ltr' id='par_1_5' title="bbox 459 2992 1558 3684">
     <span class='ocr_line' id='line_1_23' title="bbox 460 2992 1556 3080; baseline -0.003 -24"><span class='ocrx_word' id='word_1_179' title='bbox 460 2996 501 3058; x_wconf 88' lang='lat' dir='ltr'><strong>de</strong></span> <span class='ocrx_word' id='word_1_180' title='bbox 522 2998 640 3076; x_wconf 84' lang='lat' dir='ltr'><strong>quibus</strong></span> <span class='ocrx_word' id='word_1_181' title='bbox 660 3000 788 3080; x_wconf 88' lang='lat' dir='ltr'><strong>saepius</strong></span> <span class='ocrx_word' id='word_1_182' title='bbox 804 3000 927 3063; x_wconf 87' lang='lat' dir='ltr'><strong>dietum</strong></span> <span class='ocrx_word' id='word_1_183' title='bbox 948 3008 1008 3062; x_wconf 90' lang='lat' dir='ltr'><strong>est.</strong></span> <span class='ocrx_word' id='word_1_184' title='bbox 1032 2996 1075 3063; x_wconf 90' lang='lat' dir='ltr'><strong>Ut</strong></span> <span class='ocrx_word' id='word_1_185' title='bbox 1095 3008 1204 3062; x_wconf 89' lang='lat' dir='ltr'><strong>autem</strong></span> <span class='ocrx_word' id='word_1_186' title='bbox 1228 3001 1301 3078; x_wconf 88' lang='lat' dir='ltr'><strong>quis</strong></span> <span class='ocrx_word' id='word_1_187' title='bbox 1322 2997 1363 3059; x_wconf 89' lang='lat' dir='ltr'><strong>de</strong></span> <span class='ocrx_word' id='word_1_188' title='bbox 1385 2999 1446 3059; x_wconf 77' lang='lat' dir='ltr'><strong>liae</strong></span> <span class='ocrx_word' id='word_1_189' title='bbox 1466 2992 1556 3057; x_wconf 79' lang='lat' dir='ltr'><strong>residi</strong></span> 
     </span>
     <span class='ocr_line' id='line_1_24' title="bbox 461 3098 1554 3182; baseline -0.005 -22"><span class='ocrx_word' id='word_1_190' title='bbox 461 3100 607 3174; x_wconf 85' lang='lat' dir='ltr'><strong>suadeat,</strong></span> <span class='ocrx_word' id='word_1_191' title='bbox 630 3118 757 3164; x_wconf 88' lang='lat' dir='ltr'><strong>meeum</strong></span> <span class='ocrx_word' id='word_1_192' title='bbox 778 3103 1053 3182; x_wconf 83' lang='lat' dir='ltr'><strong>comparationem</strong></span> <span class='ocrx_word' id='word_1_193' title='bbox 1076 3102 1161 3163; x_wconf 90' lang='lat' dir='ltr'><strong>ineat</strong></span> <span class='ocrx_word' id='word_1_194' title='bbox 1181 3119 1208 3163; x_wconf 91' lang='lat' dir='ltr'><strong>s.</strong></span> <span class='ocrx_word' id='word_1_195' title='bbox 1226 3098 1376 3162; x_wconf 86' lang='lat' dir='ltr'><strong>lloetoris</strong></span> <span class='ocrx_word' id='word_1_196' title='bbox 1400 3098 1554 3160; x_wconf 76' lang='lat' dir='ltr'><strong>verboram</strong></span> 
     </span>
     <span class='ocr_line' id='line_1_25' title="bbox 460 3192 1555 3282; baseline -0.007 -19"><span class='ocrx_word' id='word_1_197' title='bbox 460 3217 534 3263; x_wconf 85' lang='lat' dir='ltr'><strong>curn</strong></span> <span class='ocrx_word' id='word_1_198' title='bbox 558 3202 607 3275; x_wconf 84' lang='lat' dir='ltr'><strong>iis,</strong></span> <span class='ocrx_word' id='word_1_199' title='bbox 630 3220 713 3279; x_wconf 85' lang='lat' dir='ltr'><strong>quae</strong></span> <span class='ocrx_word' id='word_1_200' title='bbox 735 3202 891 3281; x_wconf 77' lang='lat' dir='ltr'><strong>leguntur</strong></span> <span class='ocrx_word' id='word_1_201' title='bbox 911 3202 942 3263; x_wconf 93' lang='lat' dir='ltr'><strong>in</strong></span> <span class='ocrx_word' id='word_1_202' title='bbox 965 3200 1109 3282; x_wconf 78' lang='lat' dir='ltr'><strong>praelata</strong></span> <span class='ocrx_word' id='word_1_203' title='bbox 1133 3199 1286 3263; x_wconf 84' lang='lat' dir='ltr'><strong>llomilia:</strong></span> <span class='ocrx_word' id='word_1_204' title='bbox 1311 3199 1421 3280; x_wconf 85' lang='lat' dir='ltr'><strong>cujus,</strong></span> <span class='ocrx_word' id='word_1_205' title='bbox 1436 3192 1555 3276; x_wconf 79' lang='lat' dir='ltr'><strong>quaesi</strong></span> 
     </span>
     <span class='ocr_line' id='line_1_26' title="bbox 459 3302 1557 3383; baseline -0.006 -21"><span class='ocrx_word' id='word_1_206' title='bbox 459 3312 686 3381; x_wconf 80' lang='lat' dir='ltr'><strong>argunseotum</strong></span> <span class='ocrx_word' id='word_1_207' title='bbox 710 3303 844 3379; x_wconf 83' lang='lat' dir='ltr'><strong>laniunt,</strong></span> <span class='ocrx_word' id='word_1_208' title='bbox 865 3305 1030 3383; x_wconf 86' lang='lat' dir='ltr'><strong>aliquanta</strong></span> <span class='ocrx_word' id='word_1_209' title='bbox 1054 3303 1206 3375; x_wconf 83' lang='lat' dir='ltr'><strong>retorem,</strong></span> <span class='ocrx_word' id='word_1_210' title='bbox 1230 3302 1350 3364; x_wconf 85' lang='lat' dir='ltr'><strong>ltorum</strong></span> <span class='ocrx_word' id='word_1_211' title='bbox 1370 3316 1497 3362; x_wconf 86' lang='lat' dir='ltr'><strong>sensnm</strong></span> <span class='ocrx_word' id='word_1_212' title='bbox 1514 3312 1557 3356; x_wconf 84' lang='lat' dir='ltr'><strong>es·</strong></span> 
     </span>
     <span class='ocr_line' id='line_1_27' title="bbox 461 3396 1558 3483; baseline -0.008 -21"><span class='ocrx_word' id='word_1_213' title='bbox 461 3403 615 3481; x_wconf 84' lang='lat' dir='ltr'><strong>primane,</strong></span> <span class='ocrx_word' id='word_1_214' title='bbox 631 3419 728 3483; x_wconf 87' lang='lat' dir='ltr'><strong>quam</strong></span> <span class='ocrx_word' id='word_1_215' title='bbox 749 3404 792 3465; x_wconf 85' lang='lat' dir='ltr'><strong>ibi</strong></span> <span class='ocrx_word' id='word_1_216' title='bbox 805 3411 989 3483; x_wconf 89' lang='lat' dir='ltr'><strong>opportune</strong></span> <span class='ocrx_word' id='word_1_217' title='bbox 1011 3420 1072 3482; x_wconf 92' lang='lat' dir='ltr'><strong>pro</strong></span> <span class='ocrx_word' id='word_1_218' title='bbox 1085 3401 1275 3463; x_wconf 87' lang='lat' dir='ltr'><strong>auditorum</strong></span> <span class='ocrx_word' id='word_1_219' title='bbox 1296 3398 1510 3461; x_wconf 82' lang='lat' dir='ltr'><strong>aedificatione</strong></span> <span class='ocrx_word' id='word_1_220' title='bbox 1522 3396 1558 3455; x_wconf 77' lang='lat' dir='ltr'><strong>in</strong></span> 
     </span>
     <span class='ocr_line' id='line_1_28' title="bbox 463 3490 1555 3582; baseline -0.006 -23"><span class='ocrx_word' id='word_1_221' title='bbox 463 3503 632 3580; x_wconf 77' lang='lat' dir='ltr'><strong>vestigavit</strong></span> <span class='ocrx_word' id='word_1_222' title='bbox 652 3504 717 3565; x_wconf 90' lang='lat' dir='ltr'><strong>alio</strong></span> <span class='ocrx_word' id='word_1_223' title='bbox 745 3504 871 3582; x_wconf 90' lang='lat' dir='ltr'><strong>penitus</strong></span> <span class='ocrx_word' id='word_1_224' title='bbox 892 3504 1034 3577; x_wconf 85' lang='lat' dir='ltr'><strong>intuitu,</strong></span> <span class='ocrx_word' id='word_1_225' title='bbox 1059 3519 1157 3581; x_wconf 85' lang='lat' dir='ltr'><strong>quarn</strong></span> <span class='ocrx_word' id='word_1_226' title='bbox 1181 3499 1278 3562; x_wconf 87' lang='lat' dir='ltr'><strong>tradit</strong></span> <span class='ocrx_word' id='word_1_227' title='bbox 1304 3518 1330 3561; x_wconf 89' lang='lat' dir='ltr'><strong>s.</strong></span> <span class='ocrx_word' id='word_1_228' title='bbox 1354 3496 1497 3561; x_wconf 78' lang='lat' dir='ltr'><strong>Basilius.</strong></span> <span class='ocrx_word' id='word_1_229' title='bbox 1518 3490 1555 3553; x_wconf 86' lang='lat' dir='ltr'><strong>lta</strong></span> 
     </span>
     <span class='ocr_line' id='line_1_29' title="bbox 460 3593 1292 3684; baseline 0.011 -22"><span class='ocrx_word' id='word_1_230' title='bbox 460 3617 600 3681; x_wconf 86' lang='lat' dir='ltr'><strong>namque</strong></span> <span class='ocrx_word' id='word_1_231' title='bbox 621 3603 772 3684; x_wconf 88' lang='lat' dir='ltr'><strong>loquitur</strong></span> <span class='ocrx_word' id='word_1_232' title='bbox 791 3604 958 3683; x_wconf 75' lang='lat' dir='ltr'><strong>Origenes.</strong></span> <span class='ocrx_word' id='word_1_233' title='bbox 1286 3593 1292 3610; x_wconf 74' lang='lat'><strong><em>‘</em></strong></span> 
     </span>
    </p>

    <p class='ocr_par' dir='ltr' id='par_1_6' title="bbox 456 3690 1558 4179">
     <span class='ocr_line' id='line_1_30' title="bbox 539 3690 1556 3785; baseline -0.007 -26"><span class='ocrx_word' id='word_1_234' title='bbox 539 3724 556 3760; x_wconf 73' lang='grc' dir='ltr'><strong>(ι</strong></span> <span class='ocrx_word' id='word_1_235' title='bbox 575 3700 615 3765; x_wconf 77' lang='lat' dir='ltr'><strong>ln</strong></span> <span class='ocrx_word' id='word_1_236' title='bbox 628 3700 712 3765; x_wconf 80' lang='lat' dir='ltr'><strong>dixit</strong></span> <span class='ocrx_word' id='word_1_237' title='bbox 726 3702 821 3765; x_wconf 83' lang='lat' dir='ltr'><strong>Deus:</strong></span> <span class='ocrx_word' id='word_1_238' title='bbox 832 3706 890 3782; x_wconf 80' lang='lat' dir='ltr'><strong>fiat</strong></span> <span class='ocrx_word' id='word_1_239' title='bbox 900 3706 1133 3785; x_wconf 78' lang='lat' dir='ltr'><strong>firmamentum</strong></span> <span class='ocrx_word' id='word_1_240' title='bbox 1145 3700 1182 3763; x_wconf 78' lang='lat' dir='ltr'><strong>in</strong></span> <span class='ocrx_word' id='word_1_241' title='bbox 1196 3699 1295 3763; x_wconf 78' lang='lat' dir='ltr'><strong>medio</strong></span> <span class='ocrx_word' id='word_1_242' title='bbox 1308 3717 1424 3779; x_wconf 73' lang='lat' dir='ltr'><strong>apum,</strong></span> <span class='ocrx_word' id='word_1_243' title='bbox 1431 3706 1460 3757; x_wconf 81' lang='lat' dir='ltr'><strong>et</strong></span> <span class='ocrx_word' id='word_1_244' title='bbox 1471 3694 1512 3756; x_wconf 84' lang='lat' dir='ltr'><strong>sit</strong></span> <span class='ocrx_word' id='word_1_245' title='bbox 1519 3690 1556 3752; x_wconf 84' lang='lat' dir='ltr'><strong>di·</strong></span> 
     </span>
     <span class='ocr_line' id='line_1_31' title="bbox 461 3795 1558 3885; baseline -0.008 -24"><span class='ocrx_word' id='word_1_246' title='bbox 461 3802 569 3865; x_wconf 82' lang='lat' dir='ltr'><strong>eidens</strong></span> <span class='ocrx_word' id='word_1_247' title='bbox 584 3801 668 3865; x_wconf 83' lang='lat' dir='ltr'><strong>inter</strong></span> <span class='ocrx_word' id='word_1_248' title='bbox 681 3803 816 3867; x_wconf 83' lang='lat' dir='ltr'><strong>medium</strong></span> <span class='ocrx_word' id='word_1_249' title='bbox 829 3824 929 3885; x_wconf 73' lang='lat' dir='ltr'><strong>nouos</strong></span> <span class='ocrx_word' id='word_1_250' title='bbox 941 3815 970 3866; x_wconf 86' lang='lat' dir='ltr'><strong>et</strong></span> <span class='ocrx_word' id='word_1_251' title='bbox 983 3822 1095 3885; x_wconf 64' lang='lat' dir='ltr'><strong>worse.</strong></span> <span class='ocrx_word' id='word_1_252' title='bbox 1113 3802 1155 3866; x_wconf 76' lang='lat' dir='ltr'><strong>ln</strong></span> <span class='ocrx_word' id='word_1_253' title='bbox 1168 3806 1291 3884; x_wconf 78' lang='lat' dir='ltr'><strong>sortitos</strong></span> <span class='ocrx_word' id='word_1_254' title='bbox 1304 3810 1350 3863; x_wconf 86' lang='lat' dir='ltr'><strong>est</strong></span> <span class='ocrx_word' id='word_1_255' title='bbox 1363 3799 1410 3861; x_wconf 82' lang='lat' dir='ltr'><strong>sir</strong></span> <span class='ocrx_word' id='word_1_256' title='bbox 1423 3810 1476 3858; x_wconf 81' lang='lat' dir='ltr'><strong>ete.</strong></span> <span class='ocrx_word' id='word_1_257' title='bbox 1491 3795 1558 3857; x_wconf 84' lang='lat' dir='ltr'><strong>Com</strong></span> 
     </span>
     <span class='ocr_line' id='line_1_32' title="bbox 456 3893 1557 3983; baseline -0.009 -19"><span class='ocrx_word' id='word_1_258' title='bbox 456 3904 523 3983; x_wconf 87' lang='lat' dir='ltr'><strong>jam</strong></span> <span class='ocrx_word' id='word_1_259' title='bbox 539 3914 630 3965; x_wconf 87' lang='lat' dir='ltr'><strong>antea</strong></span> <span class='ocrx_word' id='word_1_260' title='bbox 648 3906 773 3969; x_wconf 87' lang='lat' dir='ltr'><strong>lecisset</strong></span> <span class='ocrx_word' id='word_1_261' title='bbox 790 3906 879 3970; x_wconf 84' lang='lat' dir='ltr'><strong>Dens</strong></span> <span class='ocrx_word' id='word_1_262' title='bbox 898 3907 1041 3982; x_wconf 86' lang='lat' dir='ltr'><strong>eoelum,</strong></span> <span class='ocrx_word' id='word_1_263' title='bbox 1056 3922 1143 3967; x_wconf 87' lang='lat' dir='ltr'><strong>none</strong></span> <span class='ocrx_word' id='word_1_264' title='bbox 1163 3898 1503 3972; x_wconf 76' lang='lat' dir='ltr'><strong>firmamentumlsei13</strong></span> <span class='ocrx_word' id='word_1_265' title='bbox 1521 3893 1557 3953; x_wconf 83' lang='lat' dir='ltr'><strong>le·</strong></span> 
     </span>
     <span class='ocr_line' id='line_1_33' title="bbox 458 3998 1555 4087; baseline -0.014 -21"><span class='ocrx_word' id='word_1_266' title='bbox 458 4005 501 4067; x_wconf 87' lang='lat' dir='ltr'><strong>eit</strong></span> <span class='ocrx_word' id='word_1_267' title='bbox 523 4007 605 4067; x_wconf 90' lang='lat' dir='ltr'><strong>euim</strong></span> <span class='ocrx_word' id='word_1_268' title='bbox 628 4007 755 4069; x_wconf 88' lang='lat' dir='ltr'><strong>eoelum</strong></span> <span class='ocrx_word' id='word_1_269' title='bbox 778 4010 882 4087; x_wconf 86' lang='lat' dir='ltr'><strong>prius,</strong></span> <span class='ocrx_word' id='word_1_270' title='bbox 905 4008 944 4070; x_wconf 90' lang='lat' dir='ltr'><strong>de</strong></span> <span class='ocrx_word' id='word_1_271' title='bbox 966 4025 1032 4087; x_wconf 88' lang='lat' dir='ltr'><strong>quo</strong></span> <span class='ocrx_word' id='word_1_272' title='bbox 1053 4006 1150 4067; x_wconf 76' lang='lat' dir='ltr'><strong>dieite</strong></span> <span class='ocrx_word' id='word_1_273' title='bbox 1179 4003 1301 4064; x_wconf 76' lang='lat' dir='ltr'><strong>coetum</strong></span> <span class='ocrx_word' id='word_1_274' title='bbox 1319 3998 1399 4062; x_wconf 71' lang='lat' dir='ltr'><strong>mitt</strong></span> <span class='ocrx_word' id='word_1_275' title='bbox 1415 3998 1495 4059; x_wconf 83' lang='lat' dir='ltr'><strong>sedes</strong></span> <span class='ocrx_word' id='word_1_276' title='bbox 1512 4002 1555 4053; x_wconf 81' lang='lat' dir='ltr'><strong>est.</strong></span> 
     </span>
     <span class='ocr_line' id='line_1_34' title="bbox 461 4096 1556 4179; baseline -0.013 -12"><span class='ocrx_word' id='word_1_277' title='bbox 461 4104 536 4168; x_wconf 85' lang='lat' dir='ltr'><strong>Post</strong></span> <span class='ocrx_word' id='word_1_278' title='bbox 558 4107 638 4170; x_wconf 88' lang='lat' dir='ltr'><strong>illud</strong></span> <span class='ocrx_word' id='word_1_279' title='bbox 661 4096 772 4171; x_wconf 86' lang='lat' dir='ltr'><strong>autem</strong></span> <span class='ocrx_word' id='word_1_280' title='bbox 801 4108 1038 4171; x_wconf 81' lang='lat' dir='ltr'><strong>firmamentum</strong></span> <span class='ocrx_word' id='word_1_281' title='bbox 1062 4106 1150 4179; x_wconf 84' lang='lat' dir='ltr'><strong>iacit,</strong></span> <span class='ocrx_word' id='word_1_282' title='bbox 1172 4103 1255 4165; x_wconf 89' lang='lat' dir='ltr'><strong>idest</strong></span> <span class='ocrx_word' id='word_1_283' title='bbox 1284 4114 1475 4179; x_wconf 85' lang='lat' dir='ltr'><strong>corporeum</strong></span> <span class='ocrx_word' id='word_1_284' title='bbox 1494 4110 1556 4155; x_wconf 76' lang='lat' dir='ltr'><strong>roe</strong></span> 
     </span>
    </p>
   </div>
   <div class='ocr_carea' id='block_1_4' title="bbox 454 4197 1554 4591">
    <p class='ocr_par' dir='ltr' id='par_1_7' title="bbox 454 4197 1554 4591">
     <span class='ocr_line' id='line_1_35' title="bbox 459 4197 1553 4289; baseline -0.015 -21"><span class='ocrx_word' id='word_1_285' title='bbox 459 4207 538 4270; x_wconf 86' lang='lat' dir='ltr'><strong>lam.</strong></span> <span class='ocrx_word' id='word_1_286' title='bbox 556 4207 661 4271; x_wconf 85' lang='lat' dir='ltr'><strong>Omne</strong></span> <span class='ocrx_word' id='word_1_287' title='bbox 683 4211 766 4271; x_wconf 88' lang='lat' dir='ltr'><strong>enim</strong></span> <span class='ocrx_word' id='word_1_288' title='bbox 782 4227 902 4289; x_wconf 86' lang='lat' dir='ltr'><strong>corpus</strong></span> <span class='ocrx_word' id='word_1_289' title='bbox 923 4210 1054 4271; x_wconf 87' lang='lat' dir='ltr'><strong>tlrmom</strong></span> <span class='ocrx_word' id='word_1_290' title='bbox 1069 4214 1117 4269; x_wconf 86' lang='lat' dir='ltr'><strong>est</strong></span> <span class='ocrx_word' id='word_1_291' title='bbox 1136 4205 1205 4267; x_wconf 89' lang='lat' dir='ltr'><strong>sine</strong></span> <span class='ocrx_word' id='word_1_292' title='bbox 1225 4202 1338 4275; x_wconf 84' lang='lat' dir='ltr'><strong>dubio,</strong></span> <span class='ocrx_word' id='word_1_293' title='bbox 1360 4211 1392 4262; x_wconf 90' lang='lat' dir='ltr'><strong>et</strong></span> <span class='ocrx_word' id='word_1_294' title='bbox 1410 4197 1553 4261; x_wconf 85' lang='lat' dir='ltr'><strong>solidum:</strong></span> 
     </span>
     <span class='ocr_line' id='line_1_36' title="bbox 459 4297 1553 4390; baseline -0.01 -18"><span class='ocrx_word' id='word_1_295' title='bbox 459 4321 490 4374; x_wconf 91' lang='lat' dir='ltr'><strong>et</strong></span> <span class='ocrx_word' id='word_1_296' title='bbox 507 4312 568 4373; x_wconf 88' lang='lat' dir='ltr'><strong>hoo</strong></span> <span class='ocrx_word' id='word_1_297' title='bbox 589 4310 740 4390; x_wconf 86' lang='lat' dir='ltr'><strong>estquod</strong></span> <span class='ocrx_word' id='word_1_298' title='bbox 764 4311 877 4372; x_wconf 85' lang='lat' dir='ltr'><strong>dividit</strong></span> <span class='ocrx_word' id='word_1_299' title='bbox 897 4312 982 4374; x_wconf 86' lang='lat' dir='ltr'><strong>inter</strong></span> <span class='ocrx_word' id='word_1_300' title='bbox 997 4326 1128 4389; x_wconf 86' lang='lat' dir='ltr'><strong>aquam,</strong></span> <span class='ocrx_word' id='word_1_301' title='bbox 1149 4322 1235 4387; x_wconf 79' lang='lat' dir='ltr'><strong>qnae</strong></span> <span class='ocrx_word' id='word_1_302' title='bbox 1255 4313 1303 4365; x_wconf 87' lang='lat' dir='ltr'><strong>est</strong></span> <span class='ocrx_word' id='word_1_303' title='bbox 1317 4318 1415 4380; x_wconf 89' lang='lat' dir='ltr'><strong>saper</strong></span> <span class='ocrx_word' id='word_1_304' title='bbox 1425 4297 1553 4361; x_wconf 82' lang='lat' dir='ltr'><strong>eoelum</strong></span> 
     </span>
     <span class='ocr_line' id='line_1_37' title="bbox 457 4394 1554 4491; baseline -0.015 -20"><span class='ocrx_word' id='word_1_305' title='bbox 457 4418 489 4472; x_wconf 90' lang='lat' dir='ltr'><strong>et</strong></span> <span class='ocrx_word' id='word_1_306' title='bbox 510 4428 627 4491; x_wconf 86' lang='lat' dir='ltr'><strong>aquam</strong></span> <span class='ocrx_word' id='word_1_307' title='bbox 649 4430 733 4491; x_wconf 84' lang='lat' dir='ltr'><strong>quse</strong></span> <span class='ocrx_word' id='word_1_308' title='bbox 755 4420 803 4474; x_wconf 91' lang='lat' dir='ltr'><strong>est</strong></span> <span class='ocrx_word' id='word_1_309' title='bbox 823 4412 886 4475; x_wconf 81' lang='lat' dir='ltr'><strong>solt</strong></span> <span class='ocrx_word' id='word_1_310' title='bbox 906 4412 1008 4474; x_wconf 88' lang='lat' dir='ltr'><strong>coelo.</strong></span> <span class='ocrx_word' id='word_1_311' title='bbox 1027 4430 1043 4466; x_wconf 78' lang='lat' dir='ltr'><strong>o</strong></span> <span class='ocrx_word' id='word_1_312' title='bbox 1061 4407 1143 4471; x_wconf 86' lang='lat' dir='ltr'><strong>ilino</strong></span> <span class='ocrx_word' id='word_1_313' title='bbox 1170 4404 1298 4468; x_wconf 89' lang='lat' dir='ltr'><strong>interim</strong></span> <span class='ocrx_word' id='word_1_314' title='bbox 1321 4400 1471 4479; x_wconf 74' lang='lat' dir='ltr'><strong>intelligas</strong></span> <span class='ocrx_word' id='word_1_315' title='bbox 1490 4394 1554 4456; x_wconf 82' lang='lat' dir='ltr'><strong>Ori·</strong></span> 
     </span>
     <span class='ocr_line' id='line_1_38' title="bbox 454 4494 1550 4591; baseline -0.032 -3"><span class='ocrx_word' id='word_1_316' title='bbox 454 4527 579 4589; x_wconf 76' lang='lat' dir='ltr'><strong>genens,</strong></span> <span class='ocrx_word' id='word_1_317' title='bbox 601 4512 890 4591; x_wconf 68' lang='lat' dir='ltr'><strong>nonusnullum,</strong></span> <span class='ocrx_word' id='word_1_318' title='bbox 917 4528 1025 4575; x_wconf 84' lang='lat' dir='ltr'><strong>rernm</strong></span> <span class='ocrx_word' id='word_1_319' title='bbox 1047 4510 1190 4575; x_wconf 80' lang='lat' dir='ltr'><strong>indicare</strong></span> <span class='ocrx_word' id='word_1_320' title='bbox 1213 4504 1324 4568; x_wconf 89' lang='lat' dir='ltr'><strong>mundi</strong></span> <span class='ocrx_word' id='word_1_321' title='bbox 1344 4504 1409 4565; x_wconf 82' lang='lat' dir='ltr'><strong>sire</strong></span> <span class='ocrx_word' id='word_1_322' title='bbox 1426 4494 1504 4561; x_wconf 87' lang='lat' dir='ltr'><strong>ooeli</strong></span> <span class='ocrx_word' id='word_1_323' title='bbox 1523 4500 1550 4552; x_wconf 88' lang='lat' dir='ltr'><strong>et</strong></span> 
     </span>
    </p>
   </div>
   <div class='ocr_carea' id='block_1_5' title="bbox 0 0 1692 5567">
    <p class='ocr_par' dir='ltr' id='par_1_8' title="bbox 0 0 1692 5567">
     <span class='ocr_line' id='line_1_39' title="bbox 0 0 1692 5567; baseline 0 1"><span class='ocrx_word' id='word_1_324' title='bbox 0 0 1692 5567; x_wconf 95' lang='lat' dir='ltr'><strong> </strong></span> 
     </span>
    </p>
   </div>
  </div>
 </body>
</html>
