3375 5567
1199 637 1260 706 abt

588 743 728 812 CAPUT
750 743 819 812 XX.

162 947 252 1013 neue
268 951 310 1014 uti
334 948 511 1030 praemissu
530 949 719 1027 expenditur
745 945 889 1030 Apostoli
914 943 1124 1013 testimouium
1152 943 1195 1007 oti
1216 938 1258 1004 E·

191 1052 302 1132 plrsios
323 1073 353 1118 e.
375 1051 403 1116 Ι.
423 1051 454 1125 i.
477 1052 569 1120 Sicut
589 1052 688 1132 elegit
708 1069 766 1118 nus
787 1053 819 1114 iu
838 1055 910 1131 ipso
929 1056 1003 1116 aule
1025 1048 1135 1113 mundi
1156 1067 1259 1120 κατα-

191 1145 286 1245 βολὴν
306 1156 580 1223 constitutionem.

161 1401 344 1544 Supersunt
365 1464 429 1525 alin
451 1462 491 1525 in
511 1462 679 1528 animabus
699 1460 866 1534 diluenda,
887 1463 1069 1541 etquidem
1092 1459 1137 1522 eis
1152 1455 1256 1520 affinia

158 1565 190 1626 de
215 1565 329 1645 quibus
350 1566 522 1644 bucusque
549 1565 749 1638 disputatum
773 1571 844 1639 est,
875 1571 907 1626 et
928 1563 967 1626 de
989 1565 1108 1644 quibus
1134 1564 1257 1645 pariter

158 1665 253 1728 eliensi
272 1674 349 1729 sunt
369 1667 535 1730 christiani
557 1666 746 1742 scriptores.
780 1666 878 1728 Elea
905 1666 1071 1748 speciatim
1100 1666 1257 1745 leguntur

159 1767 225 1827 inc.
246 1764 283 1827 V.
306 1785 339 1828 u.
361 1764 392 1838 4.
417 1763 504 1829 Libri
528 1763 584 1829 ΙΙΙ.
617 1763 660 1828 tte
684 1763 870 1844 Principiis.
896 1763 976 1828 Cum
999 1775 1147 1829 autema
1176 1766 1256 1828 duo·

158 1866 206 1930 bus
224 1868 451 1947 interpretibus
467 1867 597 1933 Rullino
611 1877 644 1932 et
658 1865 859 1949 Hieronymo
886 1869 974 1930 varie
996 1869 1146 1930 translata
1164 1875 1253 1942 suut,

158 1971 314 2048 utriusque
335 1970 515 2035 versionem
538 1970 709 2043 tradimus,
724 1977 758 2034 et
778 1980 817 2033 ut
833 1965 988 2032 Auctoris
1010 1989 1096 2032 mens
1112 1969 1254 2049 patefiat,

158 2077 184 2133 et
201 2079 233 2132 ut
250 2072 391 2152 quisquo
408 2071 523 2134 deiude
539 2071 665 2153 iudicet
685 2072 726 2135 tle
746 2072 860 2135 asserti
879 2072 1013 2136 veritate
1038 2073 1086 2134 vel
1106 2071 1254 2134 falsitalo.

156 2171 259 2237 Scribit
277 2175 363 2237 cuim
384 2172 540 2254 Origenes
561 2174 601 2238 tle
623 2174 734 2237 muudi
756 2174 934 2236 creatione:
957 2174 1076 2238 ulllud
1099 2191 1188 2248 saue,
1210 2175 1256 2235 iu-

156 2274 234 2352 quit,
255 2275 358 2336 otioso
378 2292 441 2338 non
463 2275 607 2339 arbitror
633 2275 932 2355 praetereundum,
956 2274 1042 2355 quod
1065 2274 1254 2354 Scripturas

155 2382 268 2438 unctae
288 2375 504 2440 conditionem
527 2378 638 2440 mundi
660 2395 745 2439 noro
767 2374 909 2455 quodam
926 2385 958 2437 ut
979 2378 1114 2455 proprio
1129 2376 1257 2440 nomino

156 2487 426 2555 nuncupaverunt,
447 2478 589 2541 diceutes
608 2475 803 2568 mapalis
824 2475 1037 2557 dejectionem,
1058 2478 1144 2540 siout
1164 2479 1195 2538 iu
1218 2475 1258 2540 E-

158 2578 290 2656 uangelio
309 2577 443 2642 Joanuis
464 2579 542 2642 nteit
562 2577 725 2642 Salvatore
748 2591 777 2641 et
795 2577 856 2640 erit
871 2577 1036 2642 tribulatio
1056 2577 1092 2639 in
1111 2577 1180 2644 illis
1194 2579 1259 2642 die·

154 2674 213 2750 lus,
231 2677 340 2757 qualis
359 2697 425 2742 oon
443 2678 510 2759 suit
530 2699 551 2742 u
570 2679 850 2744 constitutionem
866 2681 1035 2761 dejectione
1054 2680 1255 2746 monuisset

156 2787 182 2842 et
199 2779 370 2860 Apostolus
402 2784 434 2844 in
456 2780 600 2862 Epistola
621 2782 661 2842 ad
686 2780 841 2860 presios
863 2782 975 2843 eodem
998 2799 1146 2844 sermone
1177 2799 1255 2844 usus

156 2888 214 2953 est,
233 2900 307 2944 oum
327 2885 395 2946 nit:
417 2881 475 2964 qui
493 2881 584 2961 clepit
603 2901 660 2944 nos
684 2891 758 2944 onte
778 2879 891 2942 muntii
918 2880 1171 2945 constitutionem
1192 2881 1255 2944 sine

157 2979 351 3060 &ctionem
374 2982 511 3065 [liguum
533 2985 634 3064 igitur
655 2985 784 3048 uidetur
804 2983 971 3062 inquirere
993 2983 1070 3062 quid
1093 2992 1152 3058 est,
1167 2983 1256 3063 quotl

156 3079 209 3146 boc
226 3101 309 3150 noso
330 3087 457 3148 nomine
476 3085 646 3151 indicetur.

584 3284 687 3350 οηο
708 3251 829 3366 noune

228 3509 243 3546 t
259 3487 299 3552 Et
320 3487 466 3552 arbitror
486 3489 784 3568 quoniamquidem
800 3487 871 3550 finis
884 3494 917 3549 et
931 3487 1166 3550 consummatio
1186 3505 1258 3552 sass-

159 3595 274 3654 etornm
294 3588 358 3653 erit
377 3589 410 3650 in
431 3589 500 3663 bis,
516 3607 601 3668 quae
615 3608 678 3652 uon
701 3589 864 3666 ridentur,
887 3596 919 3650 et
940 3596 1070 3651 euterun
1092 3597 1167 3652 suut
1177 3610 1189 3669 ;
1213 3609 1254 3653 ex

159 3687 245 3767 ipsius
265 3691 336 3752 linis
354 3690 625 3769 contemplatione
634 3733 648 3764 ,
667 3691 750 3753 siout
772 3692 803 3750 in
823 3689 1048 3768 superioribus
1068 3691 1257 3770 irequeuter

159 3792 366 3864 ostendimus,
385 3790 490 3853 similo
509 3792 606 3853 etiam
629 3792 754 3855 initium
782 3790 989 3853 rationabiles
1011 3800 1179 3854 creaturas
1202 3792 1256 3855 ba·

160 3890 252 3956 buisse
271 3893 467 3956 censentium
489 3901 548 3956 est.
572 3892 660 3954 Etsi
682 3894 746 3955 tale
766 3893 893 3955 initium
917 3891 1101 3968 habuerint,
1127 3894 1256 3972 qualem

159 3989 241 4056 finem
258 4002 410 4074 sperono
425 3993 560 4057 luerunt
571 3995 641 4056 sine
661 3994 761 4056 (lubio
779 3994 846 4074 jam
868 3993 909 4054 ab
931 3994 1020 4056 initio
1043 3995 1146 4068 iubis,
1169 4011 1254 4074 quoe

158 4097 379 4158 convicientur
406 4101 439 4158 et
458 4103 588 4157 aeterua
610 4104 695 4159 snut.
722 4095 817 4172 Quot
839 4097 865 4157 si
888 4104 947 4170 est,
971 4096 1010 4158 de
1030 4096 1254 4175 superioribus

158 4195 190 4256 al
204 4197 352 4259 interiora
373 4197 560 4260 descensum
575 4205 623 4259 cst
644 4215 707 4260 nou
720 4198 828 4259 solum
849 4197 890 4257 ab
905 4197 953 4260 bis
974 4196 1153 4270 animabus,
1170 4212 1255 4275 quae

161 4296 185 4356 it
206 4309 349 4361 motuum
370 4315 506 4360 suorum
531 4301 686 4361 varietate
709 4305 922 4377 meruerunt,
946 4315 1059 4359 verum
1080 4308 1113 4361 et
1133 4296 1174 4358 ab
1196 4298 1256 4371 bis,

163 4413 237 4473 quae
250 4399 288 4460 ad
313 4400 411 4461 totius
425 4398 535 4463 muudi
556 4399 769 4464 ministerium
785 4418 826 4462 ex
841 4400 905 4461 illis
925 4397 1149 4478 superioribus
1168 4405 1198 4458 et
1213 4397 1259 4458 iu·

162 4497 325 4563 visibilibus
346 4499 386 4561 atl
408 4500 488 4561 baec
509 4498 662 4562 inierint-a
684 4508 717 4564 ot
740 4500 875 4568 risibilia
892 4499 1051 4564 deductae
1071 4505 1158 4572 sunt,
1181 4497 1258 4560 lieet
