3375 5567
564 775 704 845 CAPUT
734 776 882 844 XXXlX.
1229 673 1289 744 505

176 978 241 1056 Ouo
260 997 351 1043 seara
371 953 540 1062 quaeritur
560 981 743 1062 scopendo
764 982 845 1059 siat,
866 1002 947 1065 quoe
964 981 1115 1064 Oripeacs
1129 985 1279 1049 discussit

209 1084 245 1146 de
263 1082 353 1146 uario
373 1083 587 1148 eunuchorum
617 1102 727 1165 praere
747 1103 787 1148 cc
808 1084 1032 1166 Eooapclistoc
1057 1085 1207 1153 Mattiaci
1239 1095 1284 1150 te·

210 1183 365 1248 alimonio.

173 1425 272 1552 Cum
293 1491 443 1569 superios
464 1491 496 1552 in
517 1494 579 1554 line
600 1493 723 1574 primae
746 1492 850 1558 Partis
871 1495 967 1574 longa
988 1494 1187 1559 discussione
1214 1494 1283 1572 egi·

173 1609 238 1654 mus
258 1591 299 1656 de
319 1593 568 1672 interpolatione
588 1595 810 1659 commentarii
833 1597 940 1675 graeci
963 1593 999 1659 ia
1018 1594 1214 1661 diuitiarum
1241 1594 1282 1657 ab

172 1688 285 1755 fluctio
306 1693 466 1768 translati,
480 1702 663 1773 opportuna
685 1695 776 1757 nobis
793 1695 848 1759 iiic
863 1695 948 1760 venit
961 1697 1110 1776 quaestio
1126 1697 1166 1760 de
1185 1696 1277 1759 vario

170 1793 392 1857 eunuchorum
407 1811 523 1874 genere
537 1794 580 1857 ob
593 1794 638 1869 id,
656 1795 743 1876 qnod
758 1794 891 1875 Origcni
912 1797 971 1876 ipsi
988 1796 1182 1875 imputatum
1202 1795 1279 1872 iuit,

171 1891 300 1970 lorinus,
315 1900 420 1958 stante
440 1893 521 1959 Jesu
542 1897 719 1959 sententia:
736 1895 1088 1979 recusassemque·
1106 1915 1139 1958 se
1158 1905 1282 1962 costro-

169 2003 277 2056 armat
294 2004 424 2075 propter
446 2013 577 2082 repausa
600 1997 768 2060 coelorum.
796 1995 923 2061 Verum
951 1997 1145 2077 priusquam
1171 2004 1281 2062 textus

171 2095 271 2172 graeci
288 2098 479 2159 ranetatem
495 2116 514 2160 a
531 2104 642 2162 vetere
658 2097 838 2179 interprete
854 2099 1019 2180 proferam
1035 2100 1066 2161 in
1083 2100 1181 2181 hujus
1194 2098 1281 2164 Scri·

170 2203 280 2276 pturae
300 2197 565 2274 illustrationem,
587 2200 718 2263 silentio
739 2202 839 2265 nolim
864 2203 1040 2282 praeterire
1054 2203 1086 2264 iu
1115 2203 1178 2266 lroc
1205 2201 1280 2266 loco

170 2294 294 2375 lamam,
309 2316 408 2379 quae,
424 2299 533 2363 adhuc
547 2302 580 2362 in
595 2301 676 2364 risis
697 2301 833 2382 degente
848 2301 1003 2382 Origene,
1025 2300 1065 2365 de
1088 2320 1127 2366 eo
1150 2319 1280 2382 parcre·

168 2394 244 2472 init,
254 2401 348 2477 quasi
359 2399 426 2479 ipse
438 2400 470 2461 io
488 2417 607 2479 corpus
621 2418 719 2464 suum
731 2403 898 2479 saevisset,
913 2402 1004 2466 ierro
1016 2403 1209 2483 genitalibus
1221 2421 1278 2467 ox·

168 2496 244 2564 eicis.
260 2497 333 2564 Hoc
352 2506 462 2564 aulem
477 2519 541 2563 non
554 2501 662 2563 solnm
682 2502 725 2564 als
745 2504 954 2579 adversariis,
970 2503 1025 2567 sed
1045 2504 1141 2566 etiam
1163 2503 1205 2568 ab
1226 2504 1277 2580 iis,

168 2599 219 2677 qui
237 2617 314 2664 suas
335 2607 442 2680 partes
462 2617 658 2681 suscepere,
683 2603 827 2667 traditur
847 2610 880 2667 at
901 2605 1093 2684 praesertim
1114 2604 1155 2666 ab
1175 2602 1279 2668 Euse-

167 2697 228 2777 iio,
249 2702 306 2781 qui
327 2702 361 2765 ln
381 2701 483 2766 Libro
498 2699 555 2765 Vl.
577 2721 606 2766 c.
627 2704 660 2770 'l-
682 2703 766 2768 llist.
782 2703 909 2769 Ecclcs.
931 2705 1065 2770 scribit:
1082 2726 1099 2763 s
1114 2703 1179 2768 i’cr
1193 2705 1278 2769 idem

167 2806 287 2882 tempus
305 2801 474 2883 Origenes,
490 2802 569 2866 dum
590 2802 729 2868 Scholae
743 2805 986 2881 alexandrinae,
1004 2823 1103 2886 quam
1119 2805 1275 2880 diximus,

166 2908 333 2980 praeerat,
357 2902 481 2967 lacinus
501 2904 665 2983 quoddam
686 2903 836 2967 admisils
871 2903 959 2984 qnod
982 2901 1114 2983 quidam
1136 2904 1214 2966 licet
1234 2922 1277 2967 ex

166 3001 267 3067 animo
281 3004 357 3067 rudi
373 3011 405 3068 et
422 3004 561 3085 juvenili
577 3005 744 3068 videretur
765 3023 835 3068 esse
855 3004 1053 3085 proiectum,
1070 3002 1144 3067 fidei
1167 3011 1276 3068 lamen

165 3109 195 3164 ct
207 3103 413 3168 castimoniae
427 3104 587 3184 specimen
607 3104 786 3169 maximnm
800 3103 897 3167 dabat
910 3110 972 3168 etc.
987 3102 1138 3168 »Narrat
1160 3103 1274 3167 deinde

166 3199 333 3281 Eusebius,
355 3203 557 3269 Demetrium
573 3204 793 3269 Alexandriae
809 3205 1009 3284 episcopum,
1032 3204 1090 3284 qui
1113 3205 1172 3267 etsi
1199 3210 1276 3268 tunc

166 3299 285 3370 lacinus
306 3323 370 3369 non
391 3305 599 3385 probaverit,
624 3315 729 3369 tameo
750 3306 829 3367 nihii
850 3312 963 3369 eontra
985 3303 1161 3383 Oriqeopm
1183 3301 1276 3366 moli·

166 3411 229 3467 inm
250 3424 342 3484 esse3
365 3407 424 3471 nisi
445 3406 546 3487 quod,
569 3408 654 3470 lama
676 3407 775 3486 ipsius
797 3407 829 3467 in
851 3406 918 3469 dies
944 3412 1150 3485 augescente,
1166 3423 1276 3468 acmu-

162 3502 277 3570 latiooe
292 3507 432 3587 quadam
447 3509 594 3572 incensus
616 3509 798 3588 episcopus,
817 3506 969 3570 iocinoris
991 3506 1090 3586 liujus
1105 3522 1197 3568 reum
1219 3522 1276 3567 no·

164 3613 229 3670 tare
249 3613 386 3672 conatus
406 3615 456 3672 est
475 3609 582 3687 palam
604 3625 715 3671 coram
737 3607 878 3683 eisdem,
900 3606 957 3686 qni
979 3607 1007 3669 ei
1031 3621 1144 3669 manus
1171 3605 1274 3684 impu·
1354 3675 1358 3682 ,
1450 3649 1453 3656 .

162 3715 291 3771 onerant
310 3726 372 3789 pro
386 3709 579 3793 presbyterii
601 3726 748 3773 munere.
764 3707 808 3772 Et
823 3707 865 3771 dc
881 3707 942 3771 hoc
960 3705 1134 3785 Origenem
1151 3708 1277 3786 arguis·

162 3823 194 3869 se
207 3810 251 3872 uit
270 3808 432 3874 Eusebius
461 3809 683 3887 Demetrium,
703 3826 778 3874 cum
795 3808 888 3872 nulla
908 3808 971 3870 alia
988 3808 1021 3869 in
1041 3807 1147 3887 ipsum
1167 3808 1273 3871 crimi-

163 3909 246 3973 natio
264 3911 325 3974 silsi
345 3919 543 3992 suppeteret.
565 3910 765 3992 Epiphndus
781 3926 860 3975 vero
882 3906 1018 3971 Haeresi
1039 3904 1090 3978 ui.
1105 3926 1136 3970 n.
1158 3906 1188 3972 3.
1213 3909 1276 3971 hoc

162 4005 243 4071 idem
264 4026 432 4074 recemcns
461 4009 605 4086 iactum,
634 4010 767 4074 scribit:
792 4006 981 4073 «Ceterum
1009 4009 1159 4072 eumdem
1181 4004 1275 4098 illurn

161 4102 330 4188 Oriqeoem
351 4116 486 4173 canant
505 4110 658 4191 quiddam
674 4111 706 4172 in
726 4109 963 4190 corpusculum
977 4125 1076 4180 suum
1098 4106 1278 4187 excogitas·

161 4222 212 4286 se3
232 4210 300 4273 sire
321 4227 460 4275 nervum
480 4211 564 4287 sibi,
588 4216 626 4274 ut
646 4211 778 4290 quidam
801 4210 1001 4284 existimaui,
1025 4209 1185 4284 lucidcrit,
1208 4226 1275 4287 quo

160 4321 191 4366 se
210 4308 440 4374 illecebrarum
464 4311 610 4375 molestia
630 4311 801 4388 liberaret,
824 4329 931 4391 neque
953 4309 1103 4389 turpilius
1125 4309 1275 4389 corporis

160 4408 297 4474 motibus
312 4411 404 4474 velut
418 4412 566 4475 incendio
580 4411 721 4492 quodam
737 4418 922 4476 aestuaret:
939 4410 1019 4485 sire,
1038 4409 1126 4488 qnod
1142 4409 1196 4472 alii
1210 4425 1276 4472 ma·

159 4504 239 4585 lunt,
254 4512 486 4578 medicamento
500 4513 612 4594 aliquo
633 4512 782 4593 partibus
796 4513 862 4576 illis
881 4511 1045 4591 imposito,
1066 4510 1273 4576 resiccarit.»
