3375 5567
227 772 373 855 ldeoqoo.
389 776 448 839 etsi
469 773 502 836 in
522 780 678 837 contextu
704 774 879 839 verborum
900 756 1062 854 origenis
1087 790 1149 836 ceu
1174 670 1256 854 pig⁷

159 874 197 939 dit
214 872 422 961 Hieronymus
443 877 474 938 in
489 872 587 939 Libro
608 887 719 939 contra
742 875 921 952 lluffiuom,
936 877 1116 957 quidquam
1130 877 1250 956 impro-

158 976 249 1039 babile
263 983 416 1057 appareat
425 996 438 1056 3
454 985 559 1039 tamen
573 994 614 1039 ex
631 977 859 1057 consequentis
873 975 1059 1051 deducitur,
1075 973 1249 1057 Origeoem

156 1077 317 1143 secundum
338 1078 550 1157 apostolicum
572 1078 757 1143 mandatnm
780 1078 892 1143 ddeles
913 1079 1050 1155 hortari,
1066 1088 1104 1143 ut
1123 1080 1252 1143 monde·

157 1181 230 1243 cium
240 1180 400 1260 effugiant.
419 1178 613 1261 loquimini,
627 1182 741 1261 inquit,
753 1179 1164 1264 ueritatemousquisque
1177 1200 1250 1245 curo

153 1278 364 1360 prosimosao.
376 1280 444 1346 Nisi
456 1282 542 1364 qnod
555 1285 611 1359 ait,
624 1284 666 1347 ob
678 1284 833 1363 quasdam
844 1284 1111 1358 circumstantias,
1124 1300 1253 1364 megna-

156 1402 210 1461 qne
227 1401 335 1447 rerum
350 1384 545 1461 discrimina,
561 1386 756 1465 quandoque
777 1386 878 1449 instar
891 1384 1017 1460 iacobi,
1033 1383 1199 1458 loditbae‚
1215 1395 1249 1447 et

155 1482 298 1562 lotheris,
315 1486 472 1551 velamine
486 1489 627 1568 quodam
642 1489 741 1551 licere
759 1504 826 1550 rem
842 1488 1007 1567 obtegere:
1025 1505 1165 1567 quarum
1181 1505 1252 1549 sao·

154 1586 282 1650 rtitatem
297 1586 594 1680 veritusOrigenos,
607 1589 739 1653 illarum
753 1590 936 1653 locutiones
950 1590 1252 1670 ambiguas,qosm-
1320 1608 1325 1617 ·

154 1687 195 1749 ris
213 1688 390 1751 cbristianis
411 1690 661 1754 institutionibus
682 1691 845 1755 contraire
868 1691 1073 1765 riderentur,
1094 1708 1253 1755 excusare

151 1790 251 1851 statuit
259 1812 272 1871 3
292 1798 324 1853 et
352 1791 425 1854 binc
446 1791 570 1855 reniam
593 1791 663 1855 dari
685 1808 777 1873 posse
801 1790 976 1872 aliquando
1000 1810 1114 1855 rernm
1141 1792 1251 1857 occul·

153 1889 228 1953 tandi
253 1890 314 1953 sub
339 1891 456 1955 talibos
477 1891 710 1958 conditionibus
731 1892 852 1957 docuit.

221 1990 392 2057 Praetereo
413 1994 560 2075 Origenis
581 2013 692 2059 sensns
713 2014 775 2059 ooo
799 1995 949 2058 ridentur
969 1994 1190 2059 contemnendi
1212 2011 1251 2057 eo

151 2093 239 2173 magis
259 2095 348 2175 quod
367 2097 470 2175 ipsum
492 2096 523 2157 io
539 2097 598 2160 boo
619 2116 655 2160 re
676 2097 790 2161 imitati
811 2098 874 2159 sint
897 2097 994 2176 prisci
1008 2095 1173 2159 Ecclesiae
1196 2092 1254 2157 Pa·

153 2198 220 2269 tres,
242 2194 390 2277 deinceps
410 2198 509 2259 ceteri
531 2195 710 2261 Bibliorum
733 2198 934 2277 interpretes.
950 2194 982 2260 S.
999 2196 1189 2259 Ambrosius
1211 2194 1255 2259 Dc

154 2288 254 2357 liduit
273 2295 406 2359 scribit:
426 2295 628 2362 «Diuturois
649 2299 750 2379 igitur
770 2298 984 2374 maeroribus,
1006 2305 1039 2362 et
1058 2299 1254 2378 quotidianis

149 2393 292 2459 roborata
315 2395 447 2479 jejuniis
475 2408 583 2463 sancta
611 2398 746 2474 Jodtth,
777 2418 863 2481 quae
882 2400 985 2463 seculi
1017 2398 1252 2463 oblectamenta

149 2512 206 2559 nou
226 2507 413 2579 quaereret,
429 2500 564 2580 periculi
587 2501 760 2583 negligens,
784 2504 963 2583 mortisque
981 2512 1168 2586 contemptu
1189 2502 1256 2565 ior·

149 2599 217 2678 tior,
228 2609 266 2665 nt
278 2603 533 2665 commentitium
555 2610 696 2665 strueret
710 2601 836 2678 dolum,
855 2610 975 2666 reatem
994 2604 1083 2667 illam
1102 2601 1254 2685 jncundi-

149 2701 227 2776 tatis,
248 2718 317 2783 qua
340 2702 466 2765 visente
488 2704 571 2777 viro,
595 2702 704 2765 vestiri
725 2703 866 2778 solebat,
880 2721 916 2766 se
936 2703 1039 2767 induit
1060 2711 1121 2769 etc.
1139 2722 1157 2762 s
1173 2702 1254 2767 ltcm

148 2796 286 2865 iuLibro
304 2801 362 2866 lll.
378 2800 473 2867 Offic.
488 2820 516 2865 c.
535 2799 605 2865 xV.
625 2800 711 2867 Ecce
727 2804 796 2881 tibi,
814 2806 873 2879 ait,
888 2802 1001 2867 luditb
1022 2822 1057 2867 se
1077 2803 1174 2867 offert
1194 2803 1252 2865 mi·

150 2902 273 2984 rabilis3
295 2921 380 2984 qnae
411 2903 618 2968 formidatum
640 2905 769 2985 populis
791 2905 898 2968 virum
928 2901 1137 2968 lloloieroem
1158 2903 1249 2980 adiit,

148 3006 342 3090 assyriorum
358 3004 546 3085 triomphali
566 3016 693 3085 septum
715 3013 865 3083 caterve,
881 3024 976 3086 quem
999 3005 1104 3086 primo
1129 3005 1255 3069 lormue

149 3108 265 3186 grstia,
296 3116 328 3169 et
351 3106 461 3170 rottns
483 3106 602 3171 decoro
623 3108 782 3188 percolit:
806 3106 920 3171 deindo
939 3107 1097 3171 sermonis
1117 3107 1257 3172 circum·

147 3208 272 3289 scripsit
292 3206 460 3288 elegantia.
478 3226 493 3265 s
509 3204 616 3272 Licuit
630 3208 758 3272 mulieri
780 3210 898 3289 (inquit
918 3207 1172 3289 Augustinusin
1187 3226 1256 3272 ser·

149 3326 238 3374 moue
261 3306 306 3373 no
319 3316 452 3391 tempore
464 3306 548 3387 228.)
564 3327 736 3374 exarmare
753 3310 902 3391 juvenes,
918 3318 951 3373 et
970 3310 1135 3375 debellare
1158 3310 1259 3374 ricto·

149 3426 209 3488 res,
230 3410 391 3474 solicitam
412 3410 584 3474 defendere
605 3412 790 3487 civitatem,
813 3420 845 3475 et
867 3412 1042 3476 barbarum
1063 3413 1256 3476 subuertere

149 3508 348 3575 bellatorem.
365 3506 499 3590 [incepit
510 3510 634 3574 sincero
649 3519 863 3592 corruptum:
881 3511 997 3592 pudica
1013 3513 1151 3592 peremit
1164 3512 1259 3575 edol-

150 3618 266 3693 terum3
282 3610 389 3675 sobria
402 3610 535 3693 iugulat
555 3611 729 3676 ebriosum.
747 3608 805 3673 llla
828 3612 912 3675 onim
928 3620 992 3701 tatq
1015 3612 1170 3675 barbaros
1191 3614 1258 3676 ani·

149 3728 214 3777 mos
234 3712 377 3776 insidiosi
400 3711 511 3776 rultus
531 3712 582 3776 soi
609 3712 724 3776 lrande
755 3712 963 3787 confoderat,
985 3722 1021 3776 ot
1041 3732 1116 3777 oum
1137 3712 1256 3794 ligaret

149 3814 326 3878 multarum
347 3821 417 3877 arte
440 3812 648 3889 tabularum,
681 3820 719 3878 nt
739 3812 891 3877 redderet
912 3814 997 3877 inter
1024 3814 1188 3878 exercitus
1210 3814 1256 3875 ri·

149 3921 247 3990 ctum,
269 3921 304 3979 et
322 3915 408 3979 inter
427 3932 519 3977 arma
539 3912 798 3996 captivumrllt
813 3916 844 3977 in
865 3918 1013 3996 sequenti
1033 3914 1187 3980 Sermone
1199 3916 1257 3977 ad·

149 4014 213 4080 dits
231 4014 338 4083 «Non
353 4016 462 4081 decuit
479 4016 627 4097 pudicam
643 4017 793 4079 mentiri:
811 4034 874 4079 non
888 4014 1138 4096 intelligentibus
1153 4015 1256 4077 dixit:

150 4119 284 4197 perlecit
303 4120 390 4201 qnod
420 4119 545 4183 sctibns
574 4118 730 4199 promisit.
746 4136 764 4175 s
780 4115 872 4194 Quos
893 4126 925 4180 ot
956 4116 1021 4177 divi
1043 4114 1205 4178 Ambrosii
1227 4124 1260 4180 et

149 4215 322 4300 Augustini
342 4236 455 4283 sensns
476 4218 551 4283 item
572 4218 724 4297 exposuit
744 4216 900 4297 Origenes
916 4217 1073 4296 inquiens,
1090 4213 1258 4279 inditbam

150 4318 262 4385 victore
281 4316 494 4384 lloloiernem
519 4316 670 4400 prodcmr'
690 4315 891 4382 simulatione
911 4316 1084 4378 uerborum.
1117 4314 1260 4397 ldeoque

149 4418 174 4481 si
194 4420 443 4500 reprehensione
456 4419 587 4501 dignum
603 4419 677 4499 qnis
691 4418 813 4499 putarit
825 4417 998 4499 Origenem
1014 4418 1055 4481 ob
1071 4417 1154 4481 illud
1169 4416 1256 4498 qood

150 4517 301 4589 Judltbae
314 4522 481 4589 excusarit
496 4520 710 4599 mendacium,
732 4537 809 4587 cum
823 4518 964 4603 Origene
986 4518 1203 4600 exprobrandi
1226 4537 1260 4581 e·
