3375 5567
152 787 221 851 quse
239 770 278 834 vie
299 769 421 838 mundo
441 776 475 836 at
494 769 599 834 anima
620 775 681 835 stc·
705 785 747 832 ex
767 767 1036 850 ptttmoptmrum
1060 767 1152 832 tibris
1172 770 1252 833 otta·

153 874 188 933 vit
204 873 351 945 Auctor,
375 872 611 951 proposuitque
631 869 810 936 tectoribus
831 870 1085 947 constteranss,
1117 866 1254 934 Gbristt·

151 991 203 1054 qne
221 973 414 1038 conferentia
437 972 704 1046 institutionibus,
727 971 823 1038 dubia
847 971 991 1035 arbitror
1013 971 1118 1034 omnia
1142 970 1251 1038 subis·

151 1083 207 1139 tun
225 1074 264 1138 iri
285 1073 442 1146 iliorum,
464 1071 524 1152 ipsi
549 1071 683 1151 (trigeni
705 1071 927 1148 credentium,
949 1090 1034 1151 qnae
1056 1089 1117 1134 nou
1140 1071 1250 1136 sensit.

151 1172 261 1240 iterim
275 1176 399 1256 ubique
419 1175 598 1241 obtestatus
617 1182 666 1238 est
678 1184 781 1239 semet
798 1173 915 1239 divinia
929 1170 1107 1252 Scriptnria
1128 1181 1162 1238 et
1175 1189 1252 1250 apo·

150 1278 257 1340 stuiiuis
278 1277 504 1344 traditionibus
527 1277 685 1351 inuisum,
707 1293 794 1356 quas
816 1293 892 1340 sera
914 1285 1001 1349 sont,
1021 1285 1142 1348 tenere,
1166 1292 1253 1336 com·

149 1375 232 1456 plecti
251 1387 284 1440 st
305 1377 435 1440 ducsru.
456 1375 523 1439 litu
542 1376 628 1450 suin,
650 1377 766 1456 iuquit,
782 1376 937 1438 mdsndc
956 1385 998 1439 est
1020 1373 1151 1448 ueritus,
1172 1393 1253 1453 quae

146 1477 175 1538 t'n
191 1478 280 1540 sulio
299 1477 338 1540 ub
359 1476 570 1540 sectetmttca
590 1486 619 1540 ct
638 1474 814 1557 apostolico
834 1474 995 1538 decerunt
1017 1475 1197 1539 traditione.

216 1577 414 1655 Novissimo,
435 1578 544 1659 quoad
565 1580 623 1642 bas
643 1587 676 1641 st
695 1577 816 1640 similes
833 1578 1038 1655 quaestiones
1059 1577 1099 1638 ab
1113 1575 1253 1656 Origene

147 1678 206 1752 sibi,
229 1679 344 1742 aliisve
366 1681 548 1760 propositas
568 1676 797 1752 discutiendas,
813 1687 848 1740 et
869 1679 1059 1758 praesertim
1083 1678 1121 1740 de
1142 1679 1254 1757 plura·

147 1781 224 1843 litate
244 1782 458 1859 mundorum,
478 1783 566 1862 quoti
589 1790 688 1862 caput
708 1789 757 1844 est
777 1784 955 1861 praesentis
976 1782 1251 1860 investigationis,

146 1899 194 1944 nec
212 1882 386 1946 omittenda
402 1884 503 1960 duco,
525 1901 611 1962 quae
629 1883 669 1946 tie
691 1883 753 1946 boc
772 1891 966 1962 argumento
981 1882 1095 1945 scribit
1115 1900 1141 1944 s.
1167 1881 1254 1945 Basi-

147 1983 200 2046 lius
213 1981 355 2047 Romilia
368 1983 393 2046 Ι.
408 1982 445 2047 ts
455 1982 675 2048 stuimeron
688 2003 719 2047 n.
736 1982 767 2047 5.
780 2006 789 2047 c
802 2005 819 2044 s
832 1983 915 2047 Nam
930 1991 962 2046 et
974 1992 1047 2045 ante
1061 1984 1147 2045 bunc
1162 2001 1254 2046 mun-

147 2084 233 2161 tium,
253 2086 312 2156 ait,
335 2092 373 2147 ut
396 2084 570 2148 verisimile
591 2094 655 2163 est,
679 2094 750 2148 erat
771 2084 915 2164 aliquid,
938 2082 1026 2163 quoti
1050 2091 1157 2145 nostra
1182 2085 1252 2162 qui·

146 2182 207 2246 iem
228 2184 422 2265 cogitatione
442 2202 614 2264 possumus
634 2187 776 2266 assequi,
791 2185 847 2248 sed
872 2186 1090 2248 narrationem
1114 2184 1186 2246 ideo
1208 2184 1254 2246 ei·

147 2283 229 2364 iugit,
251 2285 339 2366 quoti
358 2287 389 2346 ivi
412 2287 473 2361 bis,
490 2288 547 2367 qui
562 2287 787 2359 instituuntur,
809 2294 952 2365 suntque
972 2284 1079 2348 adbuc
1101 2286 1131 2346 ia
1147 2285 1253 2365 cogui-

148 2385 223 2448 tiouc
243 2385 400 2463 inientes,
422 2404 629 2466 nequaqnam
652 2386 862 2464 congruebat.
893 2385 973 2450 Erat
997 2394 1099 2450 status
1120 2387 1251 2465 qnidam

146 2485 248 2548 nuntii
269 2493 348 2551 ortu
368 2487 557 2568 antiquior,
579 2486 774 2550 coelestibus
807 2488 1019 2566 potestatibus
1041 2488 1251 2560 couveniens,

148 2588 363 2650 transcendens
379 2598 505 2668 tempus
520 2605 627 2660 omne,
645 2595 810 2662 aeternna,
834 2598 1022 2667 perpetuus.
1038 2587 1173 2668 Opibcie
1196 2606 1253 2652 au·

150 2694 205 2752 tsm
225 2690 377 2754 conditor
396 2697 429 2752 et
450 2689 570 2755 artifex
601 2689 747 2754 omnium
767 2691 799 2754 in
819 2707 861 2752 eo
881 2695 969 2754 stato
990 2691 1137 2770 periccit,
1159 2691 1252 2771 spiri·

147 2787 236 2851 talem
254 2788 377 2864 lucem,
394 2807 523 2866 eornm,
545 2790 602 2870 qui
618 2787 791 2852 Dominum
806 2788 957 2868 diligunt,
974 2787 1163 2854 beatitudini
1178 2809 1252 2854 cou-

145 2906 261 2965 suuam,
276 2891 451 2952 rationator
462 2901 494 2951 et
510 2891 683 2953 invisibiles
695 2899 841 2966 naturas,
854 2899 886 2952 ct
897 2889 1147 2969 intelligibilium
1162 2908 1252 2954 crea·

145 2995 300 3065 tumtum,
322 3010 408 3072 qnae
429 3001 574 3055 nostrum
597 3003 727 3072 captum
748 2999 915 3072 superant,
938 2999 1089 3055 ornatum
1110 3009 1251 3054 ornnemc

146 3107 243 3170 quare
262 3110 302 3155 ue
324 3095 450 3154 numius
485 3093 615 3174 quidem
638 3112 808 3172 possumus
832 3095 1032 3172 excogitare.
1057 3091 1145 3156 Haec
1166 3111 1253 3156 com·

147 3193 232 3272 pient
241 3194 409 3257 invisibilis
431 3195 542 3257 mundi
557 3196 740 3268 essentiam,
765 3195 856 3259 reiut
871 3214 927 3258 nos
942 3193 1036 3256 docet
1057 3193 1191 3268 Paulus,
1208 3193 1254 3254 di·

145 3309 233 3357 teus:
264 3293 416 3374 quantam
437 3292 474 3355 in
501 3292 570 3373 ipso
589 3294 718 3358 conditu
746 3305 821 3358 sunt
852 3293 999 3358 uniuerso
1027 3293 1093 3358 rius
1112 3291 1252 3356 uisibiis‘n

146 3391 203 3456 sinc
214 3394 393 3477 inuisibs'iq'o
407 3406 478 3460 etc.
494 3442 502 3458 .
516 3395 599 3460 Tum
613 3396 743 3461 demum
756 3399 928 3478 oportebat
939 3406 970 3460 et
986 3399 1071 3461 bunc
1083 3395 1250 3471 muudum,

146 3496 235 3560 rebus
251 3497 322 3579 jam
342 3498 527 3562 extantibus
548 3499 693 3579 adjungi,
717 3501 773 3579 qui
795 3509 879 3563 esset
906 3501 1039 3564 idoneus
1063 3500 1155 3562 lucus
1176 3497 1251 3561 edo·

145 3597 243 3661 neniis
264 3598 433 3662 animabus
454 3599 620 3662 bominum
641 3609 742 3679 atque
762 3601 945 3663 erudiendis
968 3609 1029 3663 etc.
1053 3620 1068 3658 a

215 3700 249 3762 st
269 3698 445 3780 Origenem
467 3701 509 3764 ob
530 3718 580 3773 ea,
604 3718 689 3779 quac
709 3701 837 3780 scripsit
861 3702 1025 3786 varimode
1046 3701 1086 3764 de
1107 3701 1250 3778 mundis,
1309 3763 1310 3768 ,

143 3805 174 3860 st
197 3799 331 3880 quitiam
347 3801 387 3865 tie
402 3802 535 3877 montio,
557 3803 613 3882 qui
638 3803 712 3864 buic
735 3805 921 3880 praecessit,
937 3803 1147 3882 reprobatum
1173 3804 1250 3866 veiis

144 3897 182 3959 ob
191 3903 239 3963 rei
251 3904 441 3976 novitatem,
456 3902 730 3966 videreturetiam
746 3921 819 3965 cum
833 3904 901 3982 ipso
914 3903 1137 3981 reprobandus
1150 3923 1174 3964 s.
1192 3901 1251 3966 tta-

144 3998 248 4063 siiius:
273 4003 452 4082 quinimmo
466 4006 526 4067 iste
542 4003 640 4082 magis
655 4003 880 4083 corripiendus
895 4021 991 4083 quam
1008 4003 1174 4082 Origenes.
1194 4001 1252 4066 iiie

144 4101 221 4163 saint
243 4103 326 4167 idest
347 4102 484 4166 Basilius
505 4104 582 4166 dicit
604 4104 665 4167 boc
689 4106 862 4166 verisimiie
883 4123 973 4178 esse,
998 4112 1118 4166 statum
1140 4121 1252 4183 qnem-

145 4197 213 4264 bam
234 4213 310 4266 ortu
332 4205 430 4286 bujus
452 4204 562 4267 mnndi
584 4205 800 4283 antiquiorem
822 4206 965 4267 extitisse
988 4204 1199 4292 rationalibus
1220 4217 1252 4268 et

145 4299 351 4368 invisibilibus
372 4307 496 4368 naturis
521 4313 645 4384 aptum.
669 4306 764 4368 Alter
787 4325 887 4382 vero,
911 4305 991 4367 idest
1011 4304 1167 4384 Origenes
1190 4307 1251 4368 boc

144 4402 223 4469 idem
244 4409 358 4470 amerit
379 4425 437 4489 per
457 4409 741 4488 interrogationem
757 4415 787 4469 ct
805 4408 936 4486 quidem
958 4407 1150 4482 dubitative,
1173 4407 1253 4468 aiio-

145 4520 212 4569 t'um
233 4526 332 4589 quam
353 4527 445 4572 suam
467 4527 631 4590 exponens
652 4509 854 4582 seutentiam,
879 4516 910 4570 et
931 4509 1001 4571 aliis
1020 4509 1179 4589 judicium
1203 4527 1252 4570 re·

265 4607 325 4671 Vol.
350 4608 395 4671 tt.
461 4616 466 4622 ’
1093 4609 1134 4674 22
