3375 5567
172 812 361 863 muscarum
381 808 523 865 sectatus
535 794 595 862 sit?
616 793 827 877 Quapropter
840 814 883 859 es
904 796 965 859 hoc
980 795 1085 876 prium
1106 796 1180 859 loeo
1195 797 1253 859 irn-

170 902 267 962 merito
275 901 465 980 exprobrari
489 899 617 963 ridetur
633 896 794 969 Rudinus,
816 898 987 977 quasiipse
1004 896 1153 976 origenis
1173 898 1252 960 scri·

169 1010 209 1079 pts
221 1002 451 1065 incontrsrism
464 1000 728 1082 significationem
743 1001 994 1073 transvenisset,
1004 1016 1134 1061 errores
1149 1002 1180 1062 in
1197 1016 1250 1061 re-

168 1103 257 1165 ritstea
268 1104 508 1180 commutsudo,
530 1101 804 1183 quemadmodum
829 1098 1029 1184 Hieronymo
1052 1100 1175 1180 placuit
1200 1118 1251 1163 ca-

168 1202 297 1281 tcrisnm.

231 1300 456 1367 Verumtamen
476 1322 535 1367 uec
557 1304 709 1385 ignorare
729 1303 817 1377 lieet,
840 1301 989 1365 eumdem
1016 1299 1253 1386 Hieronymum

166 1399 266 1465 hamt
284 1405 398 1477 imtar,
415 1422 526 1483 parem
542 1406 698 1469 exhihere
721 1402 817 1467 ddem
838 1404 869 1463 in
892 1403 952 1467 hac
972 1401 1166 1483 perficienda
1187 1418 1258 1463 rer·

164 1502 247 1577 sione,
266 1503 462 1568 ohteststum
483 1523 519 1568 se
539 1504 678 1568 lideliter
704 1503 746 1566 ab
766 1503 917 1583 originali
946 1520 1064 1583 praeeo
1089 1502 1188 1564 libros
1211 1498 1255 1563 nr

165 1599 321 1683 Principiis
343 1605 547 1669 transtulisse
567 1606 598 1667 iu
620 1605 756 1669 latinum
776 1620 982 1681 sermonem
1004 1620 1043 1665 ao
1064 1602 1196 1680 insuper
1211 1602 1258 1663 in·

164 1701 268 1780 dipnsri
290 1706 323 1767 iu
344 1703 512 1769 Rudinum
533 1705 621 1785 qnod
643 1708 712 1785 ipse
740 1703 969 1768 fraudulenter
989 1704 1048 1766 hos
1068 1702 1169 1766 lthros
1200 1720 1257 1765 ex·

164 1804 311 1881 puniam.
336 1803 374 1867 ln
398 1804 541 1886 Epistola
561 1802 613 1870 85.
634 1807 674 1869 ad
697 1805 871 1869 Paulinum
892 1804 1025 1867 scribit:
1051 1825 1067 1863 r
1090 1801 1179 1866 Unde
1201 1820 1255 1868 ne-

163 1905 291 1968 cessitate
310 1906 501 1986 compulsus
512 1924 585 1969 sum
607 1907 639 1986 (a
660 1904 879 1985 Pammachio)
897 1905 1072 1970 tramlerre
1090 1904 1190 1969 libros
1213 1903 1257 1968 nr

164 2002 334 2087 Principiis,
358 2010 531 2089 inquibus
553 2008 628 2072 mali
650 2008 724 2089 plus
744 2026 844 2089 quam
865 2008 938 2071 honi
960 2017 1022 2087 asty
1044 2016 1077 2071 et
1097 2008 1259 2070 bsucser-

167 2122 229 2169 tsre
247 2124 447 2184 mensuram,
470 2118 507 2171 ut
527 2126 587 2172 nec
606 2108 759 2173 adderem
781 2108 874 2188 quid,
896 2126 954 2173 nee
975 2106 1151 2185 demeremy
1168 2122 1260 2185 grue·

167 2224 283 2289 nunus
303 2208 517 2275 ddemlstina
538 2211 720 2291 integritate
730 2227 909 2275 servarem.
933 2208 1083 2287 Quorum
1095 2205 1260 2287 exempla·

164 2310 232 2372 n'ss
252 2312 443 2391 supradicto
473 2312 574 2377 iratre
595 2310 716 2392 poteris
736 2312 881 2376 mutuari
903 2318 1000 2375 etc.»
1033 2308 1258 2373 Pammachius

165 2428 246 2489 porro
264 2431 385 2477 resera
406 2422 438 2476 et
457 2411 608 2477 Oceanus
629 2411 829 2496 Hieronymo
850 2414 1045 2493 scripserant
1074 2411 1106 2473 in
1134 2408 1260 2491 Episto-

163 2509 241 2577 1183.
262 2533 297 2579 se
309 2514 486 2581 schedulas
506 2515 669 2590 hahuisse,
686 2515 740 2579 uhi
764 2514 927 2579 volumina
944 2513 1093 2595 Origenis
1108 2510 1153 2575 Dc
1163 2507 1259 2575 Prin·

165 2612 242 2694 ripiis
261 2617 362 2683 latine
386 2634 478 2682 versa
493 2617 695 2697 legebantur.
719 2614 869 2697 Cumque
885 2634 962 2679 vero
984 2617 1079 2697 plura
1096 2613 1126 2677 in
1147 2614 1185 2677 iis
1200 2609 1261 2675 dii·

165 2712 244 2780 ieilis
262 2728 377 2801 captu,
400 2737 438 2784 ac
460 2720 566 2781 minus
585 2718 746 2783 catholice
767 2719 851 2781 diets
875 2716 1074 2791 riderentur,
1103 2717 1261 2794 rogarunt

164 2816 371 2885 chariorem
395 2826 453 2884 ut:
477 2841 494 2879 a
514 2820 738 2899 supradictum
758 2819 880 2883 lihrum
902 2816 1050 2897 Origenis
1081 2814 1119 2877 sd
1143 2813 1258 2887 iidem,

164 2921 423 2996 quemadmodum
443 2920 484 2985 ah
504 2921 574 3000 ipso
592 2920 738 2985 Auctore
757 2921 864 2984 editus
884 2926 934 2981 est
955 2926 1011 2979 tuo
1033 2932 1181 2981 sermone
1196 2933 1262 2977 ma-

165 3020 287 3099 sitestes,
317 3030 353 3086 et
374 3038 497 3101 quaes
520 3022 688 3087 delensora
709 3022 780 3102 ejus
807 3017 1001 3099 interpolata
1022 3024 1117 3093 sunt,
1134 3017 1261 3096 prodas.

104 3159 105 3206 t
166 3116 367 3197 Etntetism,
386 3139 472 3202 quae
486 3124 518 3186 iu
540 3124 588 3187 his
608 3122 785 3199 schedulis,
807 3120 938 3203 quasad
960 3120 1159 3183 sanctitatem
1174 3128 1262 3181 tuam

167 3220 340 3304 direximus,
358 3230 413 3293 vel
433 3234 545 3293 eontra
559 3224 752 3289 catholicam
767 3221 929 3303 regulam,
948 3223 999 3285 vel
1013 3220 1161 3301 imperite
1176 3217 1260 3283 edita

104 3343 105 3396 ξ
166 3334 237 3401 tini,
258 3329 440 3409 redarguas
460 3336 560 3409 atoue
581 3326 752 3389 conainosa
771 3331 834 3389 oto.
856 3344 873 3381 a
897 3321 1042 3403 lienique
1063 3328 1135 3403 post
1162 3337 1264 3388 annes

104 3417 105 3444 ³
168 3422 222 3488 lcrc
239 3428 350 3494 decem
374 3429 540 3511 praetatus
571 3426 789 3509 Hieronymus
809 3426 850 3488 sd
879 3424 1014 3489 Avitum
1034 3424 1177 3489 scriheus
1199 3422 1261 3499 ait,

168 3519 394 3594 Pammachium
415 3528 456 3592 sd
476 3547 512 3591 se
532 3528 654 3591 misisse
676 3526 847 3607 eujusdam
867 3524 1057 3602 schedulas,
1078 3541 1163 3605 quae
1192 3523 1267 3587 Ori·

168 3627 239 3701 tuis
258 3627 302 3692 Dc
332 3626 515 3709 Principiis
536 3630 746 3709 interpretata
774 3626 937 3691 solumina
967 3628 1186 3699 continerent,
1209 3624 1266 3686 im-

168 3730 340 3795 moritiats.
361 3749 377 3788 s
400 3730 500 3795 Etoh
515 3731 577 3793 hoe
597 3729 723 3810 abipso
744 3726 944 3811 Hieronymo
967 3726 1152 3807 postulabat
1174 3722 1266 3789 Pam·

169 3830 295 3896 nschius
308 3875 321 3907 ,
348 3840 388 3897 ut
419 3850 567 3914 graecam
597 3831 765 3894 ueritatem
794 3837 944 3893 servaret
973 3830 1004 3893 in
1034 3828 1263 3907 tramlationcc

104 4005 105 4014 χ
169 3927 421 4008 «anohrem,
435 3934 467 3997 iu
488 3932 631 4014 Epistola
646 3929 716 3998 tet.
732 3930 847 4010 iuquit,
865 3930 955 4009 petis,
973 3928 1069 3993 Avito
1088 3930 1265 4002 serissime,

104 4053 105 4084 ι
169 4038 199 4091 ut
214 4033 313 4112 ipsum
334 4036 375 4098 ad
400 4042 432 4099 te
452 4033 621 4113 exemplar
641 4032 791 4111 dirigam,
813 4030 901 4111 quod
923 4047 941 4092 a
964 4048 1015 4093 me
1036 4029 1112 4093 olim
1129 4028 1265 4092 transla-

104 4183 105 4212 ,
171 4135 236 4209 tum,
250 4143 282 4197 et
301 4135 386 4199 nulli
400 4135 455 4197 alii
478 4134 646 4209 traditum,
662 4150 680 4195 s
695 4130 883 4212 supradicto
905 4130 1007 4195 iratre
1024 4129 1177 4208 (Rufino)
1195 4145 1268 4211 per-

172 4246 246 4297 rcrsc
264 4236 388 4300 editum
410 4243 469 4299 est.
491 4235 612 4315 decipe
633 4234 732 4315 igitur
746 4232 834 4312 quod
852 4230 971 4312 petisti:
993 4230 1047 4294 sed
1065 4230 1107 4293 ite
1131 4236 1166 4294 ut
1182 4229 1263 4294 scias

104 4395 105 4432 ,
173 4328 339 4401 ismarus
362 4337 420 4400 tihi
441 4338 473 4401 in
497 4338 542 4402 eis
562 4354 633 4399 esso
657 4352 755 4415 quam
777 4333 945 4413 plurims3
967 4339 1000 4395 et
1016 4332 1112 4414 justa
1143 4347 1266 4394 sormo-

104 4495 105 4510 ἶ
174 4446 232 4497 tam
250 4434 376 4502 Homini
391 4438 475 4501 iuter
493 4438 679 4517 scorpiones
693 4442 727 4499 et
745 4434 900 4500 colubros
922 4434 1133 4499 incedendum
1161 4440 1223 4495 etc.
1248 4450 1265 4487 n

104 4527 105 4542 ¹
176 4529 209 4596 lit
222 4540 264 4601 sic
284 4546 458 4604 notaturus
478 4538 546 4602 adit
560 4534 778 4619 Hieronymus
796 4535 869 4599 locs
887 4534 1074 4616 praecipua,
1098 4532 1266 4615 inquibus
