3375 5567
421 787 498 842 root
517 786 550 843 et
565 778 755 845 Ambrosios
768 788 801 845 et
823 781 1035 862 Augustinus,
1052 785 1217 865 ceterique
1230 801 1343 849 sacrae
1365 781 1516 848 Historiae

422 891 702 946 commentatores.
912 887 914 892 ’

501 983 636 1050 demum
658 1005 720 1050 noo
741 999 789 1052 est
804 990 858 1053 htc
879 988 1103 1064 omittendum,
1116 985 1202 1069 qnod
1219 985 1367 1054 nonnos
1384 988 1417 1050 in
1432 985 1522 1052 Libro

422 1085 464 1150 ΙΙ.
479 1105 509 1150 n.
522 1087 551 1154 1.
564 1089 763 1174 Hieronymo
779 1093 942 1173 respondit
955 1093 1057 1156 relate
1071 1093 1109 1154 ad
1124 1094 1205 1155 hanc
1215 1093 1371 1155 adsersus
1387 1091 1520 1172 seipsum

421 1191 709 1269 insimulationem,
732 1196 823 1274 qnasi
844 1213 945 1257 unum
964 1215 1005 1258 ex
1028 1194 1110 1270 iilis,
1135 1212 1217 1275 quos
1238 1214 1263 1257 s.
1288 1191 1412 1257 Ductor
1432 1195 1523 1274 orgiis

422 1293 662 1358 mendaciorum
678 1297 819 1360 nominat
834 1298 1015 1362 foederatos
1027 1319 1035 1360 ι
1047 1318 1064 1357 a
1075 1294 1129 1360 Est
1143 1298 1240 1372 coins,
1253 1297 1356 1376 inquit
1369 1291 1523 1370 Ruffinns,

420 1395 516 1457 etiam
538 1395 619 1459 titud
642 1399 853 1462 accusationis
874 1399 944 1480 ejus
965 1401 1188 1479 gravissimum
1204 1408 1312 1478 capnt,
1329 1395 1416 1478 qnod
1443 1395 1524 1460 sinri-

419 1495 508 1572 liter,
524 1505 560 1561 ut
574 1507 681 1561 catera
703 1501 879 1576 mendacia,
898 1501 1040 1564 veritatis
1056 1497 1138 1564 inice
1160 1497 1369 1562 resecandum
1391 1506 1451 1560 cst.
1476 1493 1524 1561 Ait

418 1597 503 1661 enirn
523 1599 766 1663 confoederatos
787 1619 855 1664 csse
877 1603 1032 1682 quosdam
1054 1601 1185 1681 Origeni
1206 1599 1246 1663 ad
1270 1595 1452 1682 perjurium
1463 1619 1476 1679 3
1496 1608 1524 1662 ct

419 1701 506 1764 istud
527 1704 679 1782 mysticae
700 1698 771 1784 cios
787 1701 964 1768 traditionis
986 1721 1141 1768 arcanum
1163 1703 1384 1766 absconditum
1405 1703 1523 1765 esseio

419 1811 512 1866 sexto
534 1801 725 1869 stromatum
743 1801 852 1882 Libro,
874 1823 933 1868 nec
954 1805 994 1868 ab
1016 1806 1086 1868 ulto
1100 1805 1165 1867 alio
1186 1805 1218 1866 in
1241 1811 1287 1866 tot
1307 1803 1446 1877 secutis,
1469 1801 1522 1864 nisi

418 1921 437 1965 a
458 1922 492 1966 sc
511 1906 582 1967 soto
602 1906 848 1985 deprehensum.
868 1903 990 1970 Verum
1013 1925 1053 1968 ne
1074 1907 1176 1969 risum
1197 1907 1225 1967 ei
1248 1919 1407 1978 moveam,
1430 1905 1458 1966 si
1475 1903 1524 1984 jn·

420 2004 595 2086 risjurnndi
616 2015 816 2069 sacramento
837 2007 979 2069 alienum
1001 2016 1141 2069 measse
1162 2005 1382 2068 confirmema
1399 2004 1523 2067 confoe·

419 2103 585 2168 dotatione
606 2107 754 2188 perjurii:
777 2107 923 2187 planiore
940 2107 989 2168 ria
1012 2105 1050 2168 ad
1074 2107 1360 2170 manifestationem
1384 2107 1522 2168 raritatis

419 2205 577 2283 incedam,
594 2226 635 2271 ax
649 2227 689 2270 eo
710 2207 798 2288 quod
815 2205 969 2271 facillime
985 2207 1125 2290 probare
1140 2224 1284 2288 possum,
1300 2225 1358 2269 nec
1380 2205 1524 2268 habuisse

419 2322 471 2372 me
492 2325 634 2389 nuquam
655 2310 756 2373 libros
777 2308 874 2385 istos,
902 2327 961 2373 nec
981 2309 1096 2390 legisse
1116 2324 1134 2372 a
1156 2327 1320 2390 quoquam
1343 2302 1520 2389 praestitos.

417 2404 557 2472 Etsicut
579 2427 629 2472 me
643 2428 705 2473 non
726 2426 857 2490 possum
880 2423 1039 2474 excusare
1053 2410 1093 2474 de
1114 2429 1166 2486 eo,
1185 2411 1271 2491 qood
1293 2411 1391 2492 quate
1406 2406 1460 2486 sit,
1476 2427 1523 2472 nc·

417 2512 498 2585 scio,
520 2511 563 2573 ita
586 2528 625 2575 ne
646 2513 792 2576 accusari
807 2509 939 2593 quidem
961 2529 1091 2593 possum
1113 2509 1153 2576 de
1174 2528 1225 2590 eo,
1249 2511 1336 2593 quod
1354 2511 1407 2575 vei
1427 2511 1454 2574 si
1474 2513 1520 2588 sit,

419 2611 544 2691 penitus
565 2613 722 2694 ignoro.»

496 2711 618 2777 Cuncta
643 2731 720 2779 vero
742 2715 869 2792 (obiter
889 2715 985 2779 modo
1006 2710 1132 2793 dicam)
1154 2731 1237 2795 qnae
1258 2713 1312 2777 htc
1334 2721 1521 2784 narrantur,

418 2829 533 2893 parum
548 2833 572 2877 s.
589 2814 788 2899 Hieronymo
800 2818 930 2893 decora,
947 2815 975 2880 ei
990 2817 1195 2880 condonanda
1213 2823 1321 2895 potes,
1340 2810 1427 2878 hand
1442 2810 1521 2894 tgna·

417 2934 489 2992 rus,
501 2935 526 2978 s.
544 2913 732 2994 Doctorem,
746 2929 917 3000 postquam
930 2922 961 2982 io
977 2919 1164 3000 quaestione
1175 2913 1359 2997 origeniana
1368 2913 1519 2996 Theophi-

417 3017 451 3081 lo
466 3017 676 3083 alexandrino
690 3020 846 3098 adhaesit,
864 3031 931 3084 tom
948 3021 1044 3083 aliter
1057 3016 1189 3082 sensisse
1204 3016 1244 3080 ab
1264 3037 1315 3094 eo,
1332 3015 1418 3099 qnod
1430 3011 1514 3079 adtea

415 3129 559 3182 senserat
570 3119 608 3182 de
620 3121 732 3184 eodem
752 3120 904 3202 Origene,
921 3131 988 3184 torn
1001 3121 1213 3202 improbitatis
1227 3121 1372 3184 nescium
1387 3127 1419 3182 et
1431 3113 1518 3200 perd·

416 3217 489 3281 diae
501 3216 683 3301 Theophili,
694 3222 784 3285 istius
797 3239 855 3302 per
871 3224 977 3286 omnia
992 3220 1131 3286 consitiis
1147 3223 1289 3298 cessisse,
1305 3217 1397 3286 dictis
1411 3222 1441 3284 e't
1454 3234 1519 3282 aua·

415 3321 570 3396 sionibus,
589 3323 688 3387 reiuti
703 3323 897 3405 discipulum
912 3323 973 3388 sub
988 3323 1131 3404 magistri
1153 3323 1328 3403 regimine:
1351 3323 1390 3385 de
1410 3337 1469 3402 qua
1486 3337 1517 3381 re

418 3420 450 3482 in
471 3415 573 3485 Tamo
593 3423 751 3503 sequenti.
