3375 5567
373 716 380 727 ι
465 673 528 743 iiiii

468 788 576 841 turam
597 793 825 857 quaecumque
846 775 935 841 Deus
956 775 1059 857 tacit3
1082 776 1161 841 haee
1181 775 1259 841 ticet
1279 774 1457 841 incredibilia
1471 776 1533 851 stet,

467 888 526 941 aut
538 878 731 959 quibusdam
752 877 951 943 incredttttts
969 876 1156 952 videantur,
1174 892 1243 943 aon
1254 886 1328 941 suot
1347 884 1439 941 tamen
1450 884 1535 941 contu

465 986 626 1045 caturam.
647 997 665 1038 a
1109 1036 1114 1047 ,
1147 1038 1152 1045 .

544 1079 596 1145 lix
618 1087 761 1161 utroque
789 1080 917 1145 interim
937 1098 1092 1164 responso
1112 1082 1273 1163 origenis,
1297 1098 1391 1163 quam
1408 1078 1538 1159 sapientis

463 1187 544 1247 sime
563 1184 731 1247 decorato
752 1192 864 1248 contra
881 1184 965 1250 Celsi
990 1188 1162 1262 versutias,
1178 1186 1321 1263 cruitur,
1339 1184 1370 1247 in
1381 1200 1440 1261 quc
1451 1190 1479 1243 et
1491 1198 1537 1242 cur

464 1285 562 1367 Juxta
581 1285 731 1349 eumdem
752 1283 926 1366 Origenem
957 1285 1015 1351 Dei
1037 1288 1267 1369 omnipotentia
1290 1281 1539 1349 tantummodum

464 1389 534 1468 gari
549 1390 661 1469 possit,
682 1388 764 1452 idest
778 1389 809 1451 tn
829 1388 882 1460 tis,
897 1406 982 1469 qnae
1003 1388 1220 1469 divinaesnae
1233 1396 1369 1453 naturae
1383 1386 1536 1465 repugnant

466 1488 609 1570 ideoque
629 1497 806 1571 quotquot,
821 1497 953 1570 praeter
973 1492 1032 1555 ista
1054 1492 1241 1571 excogitare
1258 1490 1409 1564 volucris,
1427 1484 1540 1549 nense

464 1592 606 1672 potentia
625 1609 686 1655 sua
705 1590 827 1654 infinita
849 1591 1006 1672 perficere
1020 1600 1138 1673 potest,
1161 1593 1252 1657 nulia
1267 1593 1297 1655 ei
1319 1592 1471 1655 resistente
1482 1603 1539 1649 cau·

463 1710 512 1768 aa,
532 1710 618 1775 quac
637 1694 743 1774 ipsum
771 1692 1021 1773 cooperatione
1050 1694 1202 1759 cohibere
1224 1694 1343 1759 valcat.
1371 1690 1416 1753 dc
1434 1685 1541 1770 proinde

462 1796 490 1858 ei
511 1794 544 1857 in
570 1795 670 1859 citato
690 1796 895 1876 paragrapho
921 1795 1099 1877 quidquam
1117 1797 1247 1861 Auctor
1266 1795 1392 1859 divinae
1413 1788 1544 1872 potentiae

463 1903 571 1977 neget,
584 1896 619 1959 iu
631 1896 670 1959 iis
683 1895 916 1960 recensendum
930 1905 991 1973 est,
1007 1914 1092 1978 quae
1116 1898 1273 1961 divinitati
1288 1914 1378 1969 snae,
1399 1889 1543 1972 sapientiae

460 2005 495 2063 et
514 1997 649 2061 bonitati
668 1995 897 2061 adversantur.
917 1996 960 2063 Et
982 1999 1061 2063 irasc
1081 1999 1193 2063 eadem
1210 1998 1309 2063 tradit
1328 1998 1360 2060 in
1374 1994 1545 2061 Competit·
1583 2048 1584 2051 ,

463 2103 588 2164 riororn
609 2096 700 2163 Serio
719 2097 758 2161 iss
775 2096 973 2165 Mettdccom
988 2118 1018 2165 o.
1039 2098 1101 2168 to:
1125 2122 1142 2163 s
1164 2100 1259 2178 Quot
1281 2102 1366 2163 enim
1379 2088 1547 2161 dicebatssi

457 2199 603 2281 possidiis
615 2209 672 2277 sss,
688 2218 754 2264 uou
766 2199 807 2263 ad
828 2206 1003 2282 potentiam
1020 2200 1257 2267 detestemini
1274 2202 1392 2275 sciam,
1407 2195 1546 2261 sedetiam

461 2303 502 2365 ad
520 2302 681 2383 justitiam
694 2304 781 2381 ejus.-
800 2304 955 2385 quoniam
970 2304 1001 2367 in
1022 2312 1180 2384 quantum
1192 2304 1231 2367 ad
1252 2302 1426 2385 potentiam
1440 2296 1545 2377 quiden

463 2400 534 2481 Dei,
556 2405 662 2466 omnis
677 2407 838 2486 possibilia
859 2412 948 2482 sunt,
969 2404 1037 2469 sive
1054 2405 1141 2488 juste
1162 2406 1230 2469 sire
1251 2404 1372 2486 injusta
1383 2422 1394 2481 ;
1414 2403 1547 2481 quantun

461 2512 572 2569 autem
586 2507 797 2588 adjustitiam
818 2507 903 2587 ejus,
918 2508 974 2587 qui
997 2526 1058 2569 nou
1073 2508 1181 2571 solum
1202 2514 1315 2587 potens
1330 2510 1391 2580 est,
1404 2500 1546 2567 sedetiam

458 2603 589 2686 justos,
611 2625 675 2671 noo
693 2615 771 2673 suot
789 2609 895 2672 omnia
919 2608 1103 2689 possibilia,
1125 2608 1180 2671 sed
1202 2626 1240 2671 ea
1261 2606 1352 2684 sola,
1375 2622 1458 2686 quae
1480 2601 1549 2681 jun

460 2716 549 2770 auno
572 2726 591 2765 a
1128 2754 1138 2761 .

544 2806 620 2871 Post
641 2810 721 2872 haec
740 2811 878 2873 subeant
896 2811 1115 2891 disquirenda,
1138 2829 1223 2893 quac
1247 2812 1279 2874 io
1301 2812 1400 2874 citata
1424 2806 1551 2890 pericopa

461 2926 504 2972 cx
526 2905 646 2973 Rudini
669 2911 816 2973 versione
838 2912 936 2974 tradit
955 2913 995 2974 dc
1017 2910 1075 2975 Dei
1099 2914 1241 2991 potentia
1262 2920 1296 2974 ct
1315 2905 1551 2992 providentiain

461 3009 626 3073 creatione
646 3019 679 3074 et
701 3010 843 3074 uutserst
865 3014 1064 3089 oeconomia,
1088 3024 1120 3075 et
1141 3013 1315 3094 praecipue
1334 3007 1550 3075 rationabilium

461 3117 715 3185 creaturarum,
747 3129 816 3191 quo
844 3130 953 3177 sermo
984 3132 1064 3177 suos
1096 3114 1235 3195 respicit.
1257 3112 1392 3177 Minime
1418 3104 1552 3174 sepeliti

462 3212 725 3292 omnipotentiam
748 3212 833 3276 tollit
853 3211 1010 3294 Origenes
1031 3214 1062 3277 in
1083 3216 1247 3277 creatione
1268 3230 1397 3288 rerum,
1418 3228 1507 3293 quau
1527 3224 1553 3265 n·

459 3312 516 3373 iitsi
533 3314 611 3393 jure
630 3322 665 3376 et
678 3332 783 3405 aeque
804 3316 990 3389 vindicarit,
1010 3316 1057 3381 uti
1081 3318 1356 3396 praenotavimus.
1381 3314 1443 3381 Sed
1462 3305 1552 3393 quoti

463 3410 523 3476 ties
549 3413 784 3495 providentiam
813 3416 902 3480 circa
929 3426 1163 3497 creaturarum¹
1190 3406 1398 3496 rationalium
1419 3416 1506 3481 tinem
1523 3410 1556 3471 si·

436 3517 528 3612 'cuti
553 3526 586 3582 ct
604 3516 645 3579 dc
668 3517 797 3593 ceteris,
818 3537 905 3599 quae
926 3538 1040 3584 creare
1064 3520 1179 3597 votuit,
1198 3538 1240 3585 ex
1261 3520 1420 3583 altissimo
1434 3514 1556 3596 suipsius

460 3619 597 3682 consitio
612 3618 680 3700 ipse
695 3621 741 3681 ait
754 3616 858 3683 Deum
879 3622 1168 3701 circumscripsisse
1188 3631 1371 3698 creaturas,
1384 3638 1444 3683 nec
1460 3634 1509 3681 ess
1520 3616 1557 3675 in·

463 3719 680 3783 numerabiles
699 3720 899 3801 condidisse3
921 3722 979 3787 aed
1001 3730 1102 3785 tantas
1124 3722 1248 3798 iecisse,
1264 3732 1407 3803 quantae
1425 3739 1445 3784 a
1465 3716 1557 3800 prosi·

461 3819 568 3883 dentis
597 3838 658 3885 sua
678 3822 854 3903 dispensari
875 3834 908 3886 es
928 3825 996 3904 regi
1018 3834 1169 3904 possent,
1191 3824 1374 3889 ¹secundum
1395 3820 1559 3904 Sapientiae

460 3940 491 3985 e.
514 3918 571 3985 xt.
590 3919 641 3987 at.
668 3926 899 3987 testimouium:
913 3926 1022 3990 osenia
1040 3925 1076 3989 iss
1088 3944 1220 3989 sumere
1239 3936 1444 4002 semmuro,
1458 3933 1558 4001 etpos-

460 4023 532 4085 ders
554 4020 750 4104 disposuisti.
773 4024 856 4094 Cum
886 4044 966 4090 roro
986 4028 1091 4109 iuquit
1116 4038 1255 4109 patemus
1274 4026 1382 4107 (ipses
1400 4022 1560 4089 sotiosstss

459 4134 625 4191 maturos
645 4123 712 4189 sios
730 4127 859 4205 austes)
886 4146 908 4192 o
933 4128 1134 4209 procidentia
1162 4128 1221 4192 Dei
1240 4127 1440 4210 dispensari,
1460 4122 1522 4205 sepi
1539 4128 1562 4182 tt

460 4225 621 4291 matiam
635 4226 789 4309 possim
812 4230 888 4293 talis
910 4248 973 4297 noa
993 4233 1035 4296 ad
1056 4233 1158 4312 ipsius
1179 4231 1236 4296 Dei
1258 4232 1460 4315 potentiam,
1481 4223 1562 4307 qussi

463 4329 585 4393 tinitam
605 4331 819 4408 existimaret,
841 4340 999 4413 spectant,
1015 4334 1070 4397 sed
1088 4342 1211 4398 tantuna
1233 4332 1335 4397 roiate
1355 4334 1397 4397 ad
1413 4332 1501 4395 iiiam
1513 4328 1563 4389 tn·

461 4433 658 4510 potentian,
687 4450 772 4511 quae
801 4442 939 4501 naturae
963 4435 1091 4498 divinae
1121 4452 1179 4516 per
1207 4436 1344 4517 seipsam
1373 4432 1561 4498 monstrnt,

461 4549 567 4612 neque
593 4530 680 4597 Deus
704 4532 832 4597 efficere
857 4547 986 4615 posset;
1009 4548 1041 4599 et
1062 4536 1135 4601 tdco
1152 4536 1193 4600 ad
1217 4556 1256 4600 ea
1282 4534 1465 4611 referenda,
1489 4542 1563 4611 quas
