3375 5567
410 745 452 809 de
471 744 588 810 ueteris
609 741 778 808 similibus.
801 739 895 817 Quse
919 747 1017 821 eaptn
1047 746 1079 804 et
1105 741 1271 823 explicatu
1295 749 1358 806 tam
1384 743 1513 810 difficilia

408 854 499 924 suut,
518 865 618 927 quem
640 847 772 909 inventu
791 843 870 907 satis
892 845 1075 923 peregrine,
1098 861 1160 907 uon
1181 846 1288 910 solum
1312 847 1414 912 enisis
1435 857 1514 913 rete·

410 964 485 1012 rum
514 948 733 1029 scriptorum,
757 961 871 1010 rernm
907 946 1004 1009 etiam
1025 945 1085 1026 ipsi
1115 945 1258 1026 Origeni.
1292 946 1358 1024 Qui
1382 950 1512 1030 piurima

408 1049 469 1114 etsi
493 1049 585 1112 vario
595 1066 712 1129 genere
735 1047 855 1127 scripta
872 1046 984 1124 edidit,
1009 1047 1238 1128 utaliquando
1263 1057 1386 1114 tentum
1407 1053 1515 1132 proba·

408 1148 485 1213 bilia
500 1150 716 1228 interserens3
729 1146 937 1210 nibilominus
958 1147 1075 1212 nullibi
1097 1152 1262 1230 reperitur
1284 1151 1359 1213 talia
1379 1170 1515 1233 uuquam

408 1258 663 1319 commentatum
684 1267 763 1314 esse.
786 1247 875 1312 Etsi
900 1249 931 1311 in
953 1249 1001 1312 bis
1023 1250 1230 1329 prseulurum
1251 1253 1363 1332 euplus
1389 1271 1447 1334 pro
1466 1271 1516 1318 oo

409 1352 483 1418 dem
507 1351 743 1426 testimonium,
765 1352 874 1431 legas,
897 1369 982 1431 quse
1004 1353 1072 1431 ipse
1096 1352 1238 1431 disputat
1260 1361 1372 1417 eontra
1393 1353 1517 1420 Celsum

412 1455 444 1514 in
465 1450 565 1516 Libro
592 1448 682 1516 Vlll.
704 1470 736 1514 n.
762 1448 813 1518 58.
835 1454 893 1532 qui
917 1471 959 1516 ex
990 1453 1216 1537 aegyptiorum
1244 1452 1419 1534 disciplinis
1439 1457 1517 1520 inter

410 1553 609 1621 Christianos
624 1562 812 1618 restaurare
829 1552 981 1618 studebat
1000 1553 1127 1618 uultum
1148 1571 1224 1635 erga
1237 1555 1422 1634 daemones,
1444 1574 1519 1638 qua·

410 1658 439 1721 si
467 1657 542 1737 ipsis
569 1675 671 1721 curae
695 1664 779 1722 esset
803 1673 925 1736 eorpus
953 1664 1111 1720 nostrum.
1135 1653 1278 1738 Ideoque
1298 1656 1455 1738 Origenes
1476 1658 1520 1721 in·

408 1760 533 1824 stantils
555 1755 640 1825 Celsi
662 1758 816 1834 irridens,
836 1757 1014 1839 respoudit:
1039 1778 1055 1817 s
1078 1754 1136 1820 His
1157 1755 1271 1822 Celsus
1291 1766 1432 1822 conatur
1457 1761 1520 1824 ani·

271 1872 275 1878 “
408 1881 493 1931 mam
515 1869 659 1926 nostram
680 1859 719 1922 ad
742 1859 914 1925 daemones
935 1857 1122 1934 adducere,
1143 1876 1182 1923 ae
1202 1861 1229 1922 si
1250 1877 1391 1940 corpore
1414 1868 1518 1926 nostra

407 1964 512 2028 sortiti
534 1971 649 2028 emunt
671 1961 770 2028 Suum
791 1962 913 2042 suique
934 1969 1059 2039 partem
1080 1963 1182 2024 nostri
1204 1964 1351 2042 eorporis
1387 1963 1521 2026 attribu·

406 2075 474 2130 um
493 2083 564 2128 esse
586 2061 786 2144 pronuntiat:
808 2069 842 2126 et
863 2061 935 2124 vult
955 2059 1050 2124 fidem
1073 2049 1130 2124 nos
1152 2061 1226 2142 ipsis
1246 2061 1439 2143 adjungere,
1456 2062 1522 2126 eul-

410 2178 546 2248 tumque
568 2165 726 2236 tribuere,
748 2172 787 2228 ot
805 2181 884 2228 sano
901 2165 1002 2244 magis
1023 2181 1122 2244 quum
1135 2181 1235 2244 aegro
1256 2167 1519 2245 eorpnresimns,

407 2285 565 2350 prospere
584 2270 686 2347 magis
712 2283 811 2347 quam
833 2267 950 2330 misere
977 2265 1146 2342 vivamus,
1169 2272 1202 2330 et
1222 2266 1330 2347 quoad
1353 2267 1425 2350 ejus
1456 2266 1521 2332 dori

407 2378 527 2452 potest,
549 2366 707 2434 molestiis
726 2366 916 2431 liberemur.
939 2387 956 2426 u

487 2468 699 2551 Quapropter
713 2465 832 2534 collata
849 2467 1038 2554 Hieronymi
1060 2479 1094 2533 et
1109 2466 1229 2534 Rullini
1246 2475 1390 2551 utraque
1407 2469 1523 2534 versio·

406 2591 448 2638 ne
468 2589 546 2637 oum
569 2579 661 2636 textu
682 2589 801 2652 graeco
821 2569 1022 2637 Phileouliae
1043 2591 1071 2636 o.
1090 2571 1150 2635 l.a
1171 2591 1213 2636 ss.
1228 2569 1384 2636 Patribus
1407 2570 1522 2637 basilio

295 2689 299 2712 ¹
405 2680 439 2739 et
459 2671 666 2738 Nasiauseoo
687 2672 839 2738 redactae
859 2691 901 2736 ex
924 2674 987 2738 boo
1009 2671 1205 2738 Perimelen
1226 2671 1326 2736 Libro
1341 2670 1414 2750 lv„
1435 2691 1523 2753 repe·

407 2775 510 2843 rimus
532 2773 653 2842 llulilnl
674 2775 917 2840 translationem
939 2776 997 2840 etsi
1019 2775 1165 2840 liberiori
1189 2775 1316 2840 calamo
1337 2778 1408 2842 sire
1430 2793 1518 2857 pera·

406 2877 572 2958 pbrastioo
586 2881 763 2960 expletam,
779 2885 922 2942 attamen
944 2879 1084 2944 insensu
1103 2879 1181 2942 satis
1195 2895 1314 2958 graeoo
1336 2878 1459 2943 dictato
1472 2897 1522 2942 en·

407 2982 556 3056 haerere,
577 2981 797 3062 etperspicue
811 2977 967 3044 Auctoris
988 2979 1166 3060 explanare
1178 2988 1385 3061 eonoeptum.
1408 2977 1521 3058 Quoad

406 3101 488 3148 vero
508 3081 699 3168 Hieronymi
722 3083 925 3159 versionem,
953 3099 1017 3146 uon
1037 3081 1145 3144 solum
1166 3089 1259 3146 extra
1283 3090 1413 3146 textum
1435 3099 1523 3163 gras-

405 3201 482 3250 oum
497 3185 600 3267 ipsam
621 3185 731 3265 sagari
746 3193 847 3266 patet,
868 3202 982 3249 rerum
1004 3185 1099 3248 etism
1111 3191 1206 3248 extra
1226 3201 1357 3248 sensnm
1371 3183 1523 3250 anetem

404 3293 440 3352 et
458 3285 747 3367 argumentationis
767 3284 926 3349 ordinem.
944 3283 1044 3349 Nulla
1063 3287 1147 3349 enirn
1162 3292 1300 3365 eppsret
1314 3286 1521 3350 consonantia

405 3389 563 3464 eumen,
577 3405 663 3469 quae
684 3386 850 3466 praemisit
862 3387 1020 3467 Origenes
1035 3388 1122 3452 eirca
1143 3387 1357 3468 allegoricam
1379 3385 1523 3469 Scriptu-

406 3509 464 3554 rae
479 3489 791 3570 interpretationem,
807 3489 847 3552 ad
869 3507 968 3570 quem
983 3489 1130 3566 intendit,
1146 3506 1204 3552 neo
1220 3488 1306 3552 ullos
1321 3509 1429 3555 nexus
1449 3505 1521 3554 oum

403 3590 696 3672 subseqnentibuss
717 3591 799 3654 adeo
813 3597 851 3654 ut
866 3590 1019 3654 indicium
1030 3599 1171 3654 eruetur
1181 3592 1438 3672 apertissimum,
1456 3597 1523 3654 tea·

406 3703 477 3759 tum
498 3711 651 3774 graeoum
666 3712 685 3757 a
701 3714 727 3758 s.
750 3691 951 3776 Hieronymo
968 3693 1173 3768 translatum,
1198 3691 1295 3756 luisse
1316 3711 1335 3755 n
1359 3710 1458 3756 manu
1477 3693 1523 3754 in·

404 3795 468 3860 tlda
495 3805 711 3878 eomuptum3
740 3796 930 3874 nulliusque
951 3794 1050 3874 igitur
1071 3792 1185 3857 bsbori
1214 3795 1369 3857 momenti
1391 3794 1431 3858 sd
1454 3790 1523 3856 inri-

407 3895 596 3962 mulandam
625 3896 775 3978 origenis
804 3896 984 3960 doctrinam
1005 3895 1037 3958 iu
1059 3895 1133 3972 boe,
1155 3895 1250 3960 sicuti
1271 3896 1303 3958 in
1327 3897 1447 3960 ceteris
1469 3891 1522 3957 Pe·

405 3997 560 4064 riureboe
582 3997 675 4064 libris
694 3999 886 4078 expositam.

488 4099 566 4165 l’ost
583 4101 663 4164 beee
678 4118 709 4164 n.
722 4097 774 4167 m.
787 4099 944 4181 Origenes
962 4117 1028 4182 quo
1040 4099 1169 4181 incepit,
1187 4097 1300 4162 ordine
1317 4106 1522 4177 prosecutus,

264 4233 275 4245 ·
407 4205 441 4266 ia
455 4201 552 4282 prlsei
567 4201 708 4266 loederis
730 4199 908 4283 seripturis
924 4205 1077 4286 mysteria
1093 4200 1256 4265 recondita
1272 4208 1454 4276 scrutatus,
1471 4218 1524 4262 so·

407 4301 565 4368 sabulum
592 4301 922 4367 praesessionis
948 4301 1031 4383 Lege
1053 4299 1158 4387 lloysl
1187 4301 1342 4383 expendit
1354 4322 1366 4382 3
1389 4301 1524 4383 ejusque

406 4402 672 4484 algnilioatiouem
693 4403 911 4468 dirersimode
940 4403 1048 4468 tradit.
1071 4401 1112 4466 l'lt
1133 4402 1239 4486 primo
1260 4400 1395 4483 quidem
1424 4400 1521 4467 veluti

408 4511 523 4588 typum
536 4505 613 4572 dioit
626 4504 789 4572 secundae
801 4505 1012 4586 legislationis
1027 4504 1108 4571 illud
1122 4505 1248 4585 baberi,
1260 4521 1320 4588 per
1334 4521 1436 4585 quam
1450 4499 1521 4568 Ser·
