3375 5567
217 797 448 868 Verumtamen
468 800 569 884 siquis
589 802 696 865 animo
718 810 833 883 pacato
858 802 914 864 bas
935 798 1090 882 ponderet
1116 797 1249 860 insimu-

155 906 291 982 iationes,
313 923 389 970 cum
410 907 472 967 sint
493 907 577 967 inter
597 925 631 968 se
653 913 717 966 tam
739 906 868 966 dissitas
889 912 921 965 et
941 922 975 966 se
1001 921 1035 964 se
1057 908 1172 965 mutua
1193 901 1247 961 de·

154 1013 285 1085 stmant3
302 1004 440 1069 iortssse
461 1005 592 1084 probari
614 1015 734 1085 posset,
750 1021 790 1065 ae
811 1003 916 1066 dicam
939 1002 1119 1065 necessario
1133 1017 1250 1063 eruen-

152 1105 411 1186 inn,0rigenem
433 1123 536 1186 neque
552 1107 609 1168 bas
624 1124 734 1168 omnes
757 1105 965 1186 complexum
983 1123 1067 1178 esse,
1086 1121 1144 1165 nac
1165 1119 1250 1166 cnm·

154 1209 290 1286 probasse
309 1209 350 1270 de
369 1207 475 1269 anima
498 1208 638 1271 bumana
660 1208 844 1287 opiniones,
868 1206 971 1270 eidem
993 1205 1034 1268 ab
1055 1203 1250 1266 adversariis

152 1309 290 1388 objectas.
314 1307 356 1372 tn
377 1309 439 1370 boc
462 1308 567 1388 primo
588 1309 817 1371 adstrueretur
836 1329 878 1372 ex
893 1327 918 1370 s.
936 1307 1093 1386 Pamphili
1110 1307 1251 1369 testimo·

152 1411 204 1484 uio,
223 1411 295 1490 qui,
316 1408 541 1483 consideratis,
562 1427 647 1490 quae
676 1421 752 1473 tuac
774 1411 805 1472 in
829 1409 972 1473 Ecciesia
995 1408 1151 1470 adversus
1175 1405 1251 1468 Ori·

151 1530 247 1590 penem
272 1511 501 1590 adigebantur,
524 1512 735 1585 asseveravit,
756 1519 920 1593 quotquot
941 1510 981 1573 de
1002 1511 1106 1572 anima
1130 1509 1252 1588 opinin-

152 1630 324 1676 nesnomen
345 1611 571 1692 praeierebsni
590 1612 750 1692 eiusdem,
768 1630 830 1674 nnn
852 1611 910 1672 nisi
933 1610 1201 1689 piriiosnpimrum
1219 1613 1252 1668 ei

151 1715 378 1777 baereticorum
401 1720 580 1776 commenta
604 1711 737 1786 baberi,
761 1714 792 1774 in
820 1729 905 1792 qaae
928 1712 1054 1775 ductor
1084 1710 1252 1772 contutan-

152 1815 177 1875 di
194 1833 289 1879 causa
312 1817 454 1877 animum
476 1813 678 1877 intendebat:
695 1831 733 1876 ac
753 1814 838 1888 idea,
857 1831 937 1894 qaas
960 1813 1026 1894 ipsc
1047 1811 1254 1892 expugnabat

151 1915 315 1992 doctrinas,
340 1916 439 1978 inisse
458 1915 562 1978 eidem
584 1935 644 1978 ceu
665 1933 745 1977 suae
765 1914 839 1978 iidei
863 1925 1017 1986 tesseras,
1039 1915 1249 1995 adjudicatas.

152 2013 364 2092 Quamobrem
379 2016 638 2079 obtrectatorum
660 2017 815 2078 maiitiam
831 2035 858 2078 s.
883 2013 1012 2100 Martyr
1034 2016 1064 2077 iu
1086 2033 1112 2076 c.
1131 2011 1185 2076 tx.
1210 2015 1252 2076 Α·

151 2117 312 2198 poiogetici
333 2117 377 2179 iia
398 2118 546 2197 corripit,
563 2117 620 2198 qui
643 2119 824 2180 animarum
848 2119 878 2178 in
901 2135 1038 2197 corpora
1059 2124 1252 2179 transmuta-

154 2220 260 2282 tionem
280 2217 415 2299 Origeni
435 2218 641 2299 objiciebanis
669 2217 745 2281 «Ad
770 2219 860 2298 quod
882 2220 967 2281 sicut
988 2220 1019 2280 in
1040 2220 1156 2281 ceteris
1177 2218 1253 2280 ieci-

153 2337 229 2396 nus,
243 2321 355 2401 ipsios,
369 2320 428 2399 qni
442 2327 630 2393 accusatur,
658 2318 924 2400 respondebimus
946 2319 1067 2382 verbis:
1091 2319 1174 2382 iiiad
1191 2323 1255 2399 pri·

152 2437 197 2485 rno
217 2421 457 2502 pernecessario
477 2430 737 2497 commonentes,
759 2421 835 2502 quia
865 2428 1071 2483 accusatores
1095 2420 1167 2501 eius
1192 2437 1255 2485 noa

153 2521 356 2603 intsiiigeates
376 2520 519 2602 qualiter
532 2521 573 2583 ab
593 2541 633 2584 eo
653 2521 694 2584 de
715 2521 773 2584 ista
794 2523 984 2602 quaestione
1007 2528 1181 2584 tractatum
1202 2521 1256 2595 sit,

155 2623 199 2686 rei
213 2624 297 2704 qaod
314 2625 399 2686 ratio
420 2621 644 2702 disputationis
658 2623 700 2686 ita
721 2643 757 2687 se
777 2623 906 2698 babeat,
930 2629 967 2686 ui
981 2639 1044 2687 naa
1064 2639 1193 2702 semper
1205 2641 1258 2686 so·

153 2722 179 2784 is
199 2725 286 2789 reiut
307 2742 350 2787 ex
372 2739 509 2803 persnas
530 2725 739 2804 pronunciari
774 2724 956 2797 rideantur,
981 2741 1066 2804 quae
1090 2723 1256 2799 dicuutur,

151 2825 197 2886 sed
216 2825 379 2888 interdum
400 2825 496 2887 etiam
519 2840 570 2900 ea,
590 2842 676 2904 quae
694 2844 714 2887 e
734 2824 900 2888 contrario
924 2824 987 2888 dici
1010 2831 1175 2904 poterunt,
1195 2824 1259 2888 dis·

154 2932 319 3002 putenturt
342 2933 377 2987 et
407 2925 490 2986 banc
509 2940 579 2988 essa
607 2933 712 2987 artem
733 2925 916 3003 disputandi
946 2942 1009 2987 aon
1030 2926 1260 3000 advertentes,

155 3024 300 3106 objiciunt
327 3027 359 3088 ei
380 3026 421 3088 de
447 3025 510 3088 boc
530 3024 701 3105 dogmate,
723 3027 810 3106 qaod
831 3027 925 3108 quasi
952 3027 1018 3106 ipse
1038 3029 1181 3090 senserit
1194 3045 1256 3103 ca,

152 3143 228 3206 quse
246 3147 288 3192 ex
308 3127 510 3190 adversantis
530 3145 666 3207 persona
688 3127 851 3192 disseruit.
875 3146 891 3184 ι
916 3125 956 3190 Εῑ
971 3128 1033 3190 Ιιοι
1054 3129 1185 3206 quidem
1202 3129 1259 3190 ob

155 3233 357 3291 treeutornm
378 3225 553 3289 artibcism
573 3227 730 3290 adversus
749 3226 937 3308 origenem,
957 3227 1041 3290 unde
1061 3227 1260 3308 simplicibus

157 3324 341 3407 idaseruat5
363 3343 403 3390 ac
423 3327 508 3390 unde
531 3335 655 3406 postea,
677 3347 758 3409 quas
778 3347 879 3408 supra
903 3329 1149 3403 enarravimus,
1172 3328 1261 3394 dissi·

157 3427 238 3491 mdes
256 3430 357 3508 ipsius
376 3433 410 3490 ei
423 3429 693 3492 contradictoriae
713 3447 876 3491 emersere
890 3429 1079 3505 sententiae,
1101 3428 1205 3494 eidem
1220 3429 1261 3495 de

157 3530 250 3593 anima
271 3531 456 3610 inscriptae.

226 3631 380 3695 Ceterum
399 3649 426 3693 s.
449 3629 593 3715 biartyr,
613 3633 670 3710 qni
690 3640 844 3696 accurate
858 3634 1006 3713 origenis
1029 3631 1216 3698 methodum
1233 3633 1263 3694 in

159 3727 341 3809 disputando
354 3731 520 3812 expendit,
542 3735 590 3796 nti
609 3733 686 3796 aiibi
708 3735 910 3814 praenotavi,
926 3736 971 3797 ait
992 3737 1096 3815 ipsum
1120 3735 1261 3799 aiioram

159 3827 259 3907 dubia,
282 3832 553 3916 pbiiosopiraruur
574 3835 716 3914 piacita,
740 3836 981 3900 baereticorum
1001 3837 1262 3916 extravagantias

161 3933 219 3994 suis
237 3935 445 4013 praemittere
466 3935 679 4011 tractatibus,
698 3944 737 3999 ut
756 3953 854 3999 sunm
875 3937 989 4000 deiude
1012 3936 1192 4001 maniisstet
1209 3935 1263 4018 ju·

163 4030 281 4097 dicium.
304 4033 347 4098 iit
369 4037 431 4098 boc
451 4053 528 4099 sane
550 4037 657 4117 quoad
681 4039 878 4118 propositam
899 4039 1120 4118 quaestionem
1148 4040 1214 4117 egit
1235 4039 1266 4100 in

165 4127 292 4217 i’miogn
311 4137 474 4200 iibrnrum
497 4135 695 4200 Perinrcisan
716 4157 747 4201 n.
769 4138 801 4204 5:
820 4137 863 4202 De
893 4138 1027 4214 enimn,
1051 4157 1149 4218 qaam
1172 4148 1264 4202 antea

165 4246 200 4290 ει
217 4236 380 4301 naniiests
403 4237 642 4317 praedicatione
658 4239 882 4304 Ecciesiastica
905 4241 1033 4304 dicens:
1057 4237 1266 4304 substantiam

165 4339 190 4389 et
206 4332 299 4399 vitem
316 4337 483 4417 propriam
501 4337 634 4415 bebere,
658 4339 772 4404 deinde
791 4341 920 4404 subdite
938 4361 955 4400 ι
976 4338 1094 4405 Utrum
1109 4358 1150 4404 ex
1172 4340 1266 4402 semi·

167 4432 207 4495 ais
225 4437 356 4502 traduce
375 4437 518 4504 ducatur
540 4441 585 4504 ita
608 4449 644 4504 ai
659 4443 742 4505 ratio
765 4444 864 4524 ipsius
880 4443 932 4506 vei
949 4442 1126 4506 substantia
1148 4443 1267 4503 inserta

169 4532 232 4609 iiii·
249 4540 422 4606 seminibus
443 4541 669 4622 corporaiibas
690 4542 926 4622 habeatem-an
948 4561 1027 4608 vero
1047 4543 1136 4608 aiiod
1153 4541 1269 4606 babeat
