3375 5567
434 774 560 837 litatem
582 771 615 835 in
634 769 803 852 apisltlhns
823 766 1018 835 coelestibus
1039 767 1216 843 admisisse,
1236 768 1399 834 sciendum
1414 788 1526 853 quoqne

433 880 495 951 est,
513 874 615 938 veluti
632 872 797 954 praemisi,
811 872 869 953 qni
885 872 1018 935 latinam
1034 870 1115 935 hanc
1128 870 1278 935 contlavit
1295 873 1526 947 translationem,

433 975 519 1043 haud
540 982 696 1041 accurate
716 974 859 1038 litteram
874 980 1022 1038 secutum
1046 971 1158 1046 luisse,
1179 990 1292 1037 rernm
1315 975 1420 1054 potins
1434 992 1528 1053 qnan-

433 1076 723 1141 damconcinnasse
732 1075 971 1157 paraphrasim,
983 1075 1181 1156 quandoque
1195 1075 1377 1151 cooiumm,
1389 1094 1444 1141 neo
1454 1096 1530 1157 prae·

432 1196 491 1243 cae
511 1178 644 1242 dictioni
668 1177 925 1257 respondentem.
949 1174 1020 1241 Hoc
1041 1185 1151 1241 antem
1175 1177 1284 1241 ridere
1308 1178 1385 1243 licet
1405 1198 1444 1242 ex
1463 1178 1531 1244 Gra·

433 1279 476 1343 hii
497 1277 649 1345 sonantia
669 1278 823 1358 antiquae
847 1280 986 1341 versioni
1006 1278 1197 1359 subjunctis.
1222 1277 1283 1342 Er.
1300 1296 1329 1359 g.
1353 1298 1393 1341 ea
1410 1278 1532 1343 Humilia

432 1378 465 1445 1.
485 1378 521 1443 io
544 1378 663 1443 Lucam
684 1379 812 1462 priscos
835 1379 999 1459 interpres
1023 1380 1143 1443 vertit:
1166 1401 1183 1439 a
1207 1379 1303 1445 Putat
1324 1381 1441 1460 aliquis
1459 1382 1533 1461 qnod

432 1481 473 1544 ad
488 1478 706 1561 Theophilum
721 1481 895 1561 quemdam
918 1480 1131 1561 Evangeliom
1149 1481 1326 1562 scripserit.
1346 1480 1473 1556 Omnes,
1488 1486 1534 1561 qui

304 1610 314 1619 ·
434 1600 498 1645 noa
517 1582 637 1645 auditis
658 1582 841 1663 loquentes,
864 1582 889 1645 si
915 1582 995 1645 tales
1018 1581 1145 1645 fueritis
1167 1590 1204 1644 ut
1225 1582 1403 1662 diligamini
1425 1600 1442 1645 a
1467 1580 1535 1655 lieo,

435 1690 469 1747 et
484 1702 541 1747 ros
560 1681 712 1763 theophili
725 1684 824 1758 estis,
844 1692 877 1747 et
894 1684 933 1746 ad
957 1702 1014 1747 ros
1032 1680 1243 1764 Evangelinm
1264 1684 1430 1747 scribitur.
1446 1682 1539 1763 Siquis

435 1784 613 1865 eleopoleos
641 1795 710 1862 est,
733 1786 795 1851 iste
811 1787 955 1865 optimus
980 1794 1013 1848 et
1035 1785 1228 1850 lortissimns
1249 1793 1319 1865 est3
1344 1788 1406 1851 hoo
1433 1787 1538 1866 qnippe

434 1888 666 1969 significantias
686 1905 804 1968 graeco
823 1906 975 1953 sermone
993 1885 1178 1991 spoletanae.
1195 1886 1300 1954 Nemo
1320 1887 1491 1969 theophilus
1503 1889 1541 1949 ia·

437 1988 639 2054 firmus-ost.
662 1989 857 2057 »Sohaedae
881 2009 958 2055 vero
983 1991 1096 2056 Grabii
1116 2012 1159 2056 ex
1185 2008 1303 2070 praeco
1328 1990 1373 2053 ita
1400 1989 1538 2053 tradunt:

437 2112 455 2151 s
477 2090 585 2157 Erunt
606 2090 743 2164 tortasse
763 2091 924 2167 nonnulli,
947 2094 1066 2173 quihus
1090 2092 1252 2158 ridebitur
1273 2090 1312 2153 ad
1336 2089 1540 2170 Theophilum

436 2194 623 2274 quemdam,
644 2195 702 2277 qni
723 2212 808 2259 unns
829 2213 848 2258 e
869 2194 1017 2262 fidelibus
1038 2202 1121 2269 erat,
1145 2192 1362 2274 Evangelium
1378 2191 1541 2271 scripsisse.

438 2294 500 2361 iiic
517 2299 635 2377 spiritu
657 2296 785 2367 terreos
806 2304 839 2359 et
859 2295 1031 2359 insatiabili
1052 2302 1299 2383 amorecaptus
1327 2294 1501 2358 verborum
1517 2297 1544 2355 et

437 2396 567 2463 Domini
594 2398 772 2473 actionum,
793 2397 943 2461 securior
963 2398 1060 2461 etiam
1091 2396 1195 2461 lactus
1216 2405 1277 2471 est,
1296 2394 1354 2461 uhi
1377 2397 1457 2461 haec
1476 2396 1545 2459 scri·

438 2507 494 2582 pta
513 2506 601 2565 snut.
626 2500 720 2565 illins
740 2500 816 2564 dicit
837 2499 1048 2579 nosmetipsos
1078 2516 1189 2565 omnes
1219 2516 1288 2562 esse
1315 2494 1505 2578 theophiles,
1523 2497 1544 2559 si

441 2601 522 2667 tales
544 2600 702 2666 inarimos
724 2609 799 2664 uta
822 2600 891 2664 lieo
912 2618 1062 2667 amemur
1082 2608 1115 2663 et
1135 2600 1320 2685 diligamur.
1342 2620 1360 2659 o

520 2702 602 2767 item
623 2723 666 2767 ex
688 2702 828 2769 liomilia
847 2702 887 2765 ll.
912 2712 1005 2771 vetos
1020 2700 1212 2767 Translator
1232 2703 1273 2769 de
1287 2702 1449 2773 Zacharia
1470 2708 1499 2767 et
1512 2698 1547 2765 li·

439 2805 581 2870 lizsbet:
604 2813 697 2867 erest
725 2812 829 2869 noum
844 2802 930 2885 justi
950 2803 1039 2869 αηώο
1065 2801 1099 2867 io
1120 2813 1285 2885 conspectu
1311 2800 1391 2881 nei,
1413 2802 1549 2883 Origenis

438 2906 524 2970 dicta
545 2905 588 2969 ita
612 2905 732 2969 vertit:
756 2926 773 2965 s
797 2904 906 2970 Potest
927 2908 1046 2987 quippo
1068 2905 1161 2981 deri,
1186 2914 1223 2993 pt
1241 2908 1283 2969 sit
1304 2906 1428 2985 aliquia
1447 2904 1546 2985 iustus

439 3010 471 3072 in
485 3017 661 3087 conspectu
683 3008 863 3085 hominnm,
878 3009 932 3072 sed
950 3010 981 3071 in
997 3017 1172 3089 conspeetu
1191 3005 1262 3083 liei,
1278 3025 1353 3071 non.
1375 3006 1476 3073 Verbi
1489 3025 1550 3087 prs·

442 3110 498 3173 tia:
520 3110 652 3189 qnando
671 3128 736 3175 non
757 3111 854 3175 hahet
876 3112 973 3178 homo
994 3110 1081 3192 qnod
1103 3110 1143 3173 do
1165 3128 1215 3173 me
1231 3110 1315 3172 male
1337 3110 1508 3191 loquarne
1521 3114 1549 3170 st

441 3212 474 3275 in
494 3228 547 3276 me
568 3210 718 3278 universa
739 3211 957 3289 considerans,
981 3212 1059 3277 nihil
1082 3213 1135 3276 oui
1156 3210 1320 3284 detrahat,
1343 3215 1480 3293 reperit,
1505 3212 1551 3292 jn·

440 3318 510 3377 stus
523 3329 596 3375 anm
617 3312 650 3373 in
664 3319 843 3392 conspectu
866 3313 1044 3375 hominnm.
1063 3309 1162 3392 Finge
1183 3329 1294 3375 omnes
1311 3310 1351 3375 de
1375 3330 1428 3375 me
1443 3328 1551 3392 aequa·

443 3413 508 3477 lem
529 3413 651 3477 hahere
670 3413 873 3493 sententiam3
896 3420 928 3477 ot
949 3430 1110 3493 quaerere
1131 3413 1209 3493 qnid
1224 3413 1401 3476 detrahant
1424 3415 1511 3487 mihi,
1524 3419 1552 3473 et

442 3513 551 3579 maneo
571 3518 716 3579 invenire
736 3534 799 3579 oon
823 3534 926 3595 posse,
949 3516 1005 3579 aed
1027 3534 1171 3601 consono,
1191 3534 1241 3581 me
1262 3534 1321 3579 ore
1342 3516 1494 3594 laudare3
1506 3514 1551 3595 jn·

442 3625 512 3682 sins
531 3634 604 3682 som
626 3618 658 3680 in
678 3627 853 3697 conspectu
876 3618 1042 3681 hominnm
1065 3617 1297 3697 plurimorum:
1320 3634 1439 3683 rerum
1461 3618 1554 3681 homi·

443 3736 521 3784 num
543 3735 607 3781 non
627 3726 676 3781 est
696 3726 823 3783 certum
841 3718 1014 3799 judicium.
1039 3716 1194 3788 Nesciunt
1215 3721 1300 3788 enim
1323 3730 1439 3785 utrum
1462 3720 1491 3781 in
1505 3718 1553 3783 ah·

442 3819 590 3883 scondito
620 3820 727 3883 cordis
749 3821 811 3883 mei
838 3820 1014 3901 aliquando
1037 3823 1238 3901 peccaverim
1251 3840 1263 3898 ;
1287 3830 1405 3885 utrum
1429 3820 1554 3885 viderim

442 3922 617 3985 mulierem
632 3921 672 3983 ad
688 3923 977 4003 concupiscendam
993 3941 1080 3997 eam,
1094 3929 1126 3986 et
1136 3923 1337 3987 adulterium
1350 3924 1430 3987 rnihi
1445 3925 1476 3987 in
1490 3940 1553 3987 cor·

443 4024 485 4087 da
504 4023 548 4087 sit
566 4033 688 4090 uatum.
713 4023 866 4105 ignorant
886 4025 1029 4091 homines
1051 4042 1126 4089 cnm
1149 4041 1199 4087 me
1222 4024 1362 4089 viderint
1383 4024 1555 4089 secundnm

448 4124 533 4187 vires
548 4142 634 4187 meas
645 4126 872 4189 eleemosinam
887 4124 1008 4201 iacere,
1024 4135 1137 4191 utrum
1154 4136 1289 4206 propter
1303 4126 1493 4191 mandatnm
1505 4122 1555 4186 liei

446 4225 604 4300 fecerim,
624 4244 665 4292 ao
687 4228 854 4291 hominum
876 4226 1007 4293 landem
1029 4227 1244 4307 tenoremque
1264 4229 1476 4307 quaesierim.
1498 4222 1556 4288 llil·

447 4326 542 4391 ticllis
563 4347 616 4393 res
635 4337 686 4393 est
705 4332 736 4391 io
757 4336 934 4409 conspectu
950 4326 1007 4393 ttei
1025 4329 1151 4410 justum
1167 4349 1249 4406 esse,
1266 4338 1303 4393 nt
1322 4347 1388 4394 oon
1412 4330 1455 4395 ob
1468 4328 1557 4391 aliam

447 4448 593 4509 cauam,
608 4430 687 4513 qnid
708 4432 783 4498 boni
799 4432 899 4499 iacias
913 4434 972 4497 nisi
987 4440 1122 4515 propter
1137 4433 1243 4513 ipsum
1258 4432 1395 4512 bonum3
1411 4440 1446 4496 et
1462 4430 1557 4495 [lenm

319 4556 324 4563 ’
449 4540 576 4601 tantum
595 4552 735 4615 quaeras
755 4534 829 4605 boni
851 4536 959 4617 operis
982 4536 1225 4601 retributorem.
1238 4532 1318 4601 Tale
1334 4535 1418 4615 qnid
1437 4532 1560 4613 scapo
