3375 5567
160 770 205 849 qui
220 768 256 831 ad
276 772 419 851 regimen
448 770 632 837 animarum
654 790 672 833 ι
695 768 764 835 Deo
787 778 941 847 conatus,
959 790 1002 838 sc
1024 774 1055 836 in
1077 774 1254 839 ministeriu

160 891 207 935 sno
219 873 331 953 augelis
348 891 421 954 par,
436 874 605 937 ecclesium
622 872 706 953 repit
721 880 754 936 ct
774 872 926 937 custodit.
945 871 986 937 Et
1010 875 1071 939 hoc
1086 878 1148 949 est,
1163 874 1251 953 quod

160 975 235 1037 sicuti
253 976 404 1057 superius
418 976 539 1039 dictum
562 980 623 1049 est,
645 974 762 1039 statuit
776 973 981 1057 Evangelists
1005 977 1035 1038 iu
1057 976 1254 1060 Apocalypsi

159 1075 190 1139 de
205 1078 318 1157 angelis
339 1079 497 1159 episcopis
519 1078 731 1141 ecclesiarum
749 1076 856 1141 Asiae.
876 1077 955 1143 item
970 1079 1001 1141 in
1019 1078 1162 1143 secundo
1179 1078 1254 1141 loco

159 1194 209 1238 nnn
226 1176 303 1241 latet
322 1178 455 1259 angelos
475 1178 644 1259 episcopos
672 1177 846 1242 invisibiles
867 1178 1142 1259 comprehendere
1162 1177 1256 1259 spiri·

160 1286 200 1341 tus
212 1280 362 1343 coelestes
378 1279 603 1361 incorporeus,
622 1298 640 1342 a
658 1278 725 1345 Deo
740 1280 832 1345 datos
856 1280 1069 1345 ecclesiarum
1092 1283 1257 1355 custodes,

159 1398 209 1442 una
219 1399 290 1447 cum
303 1383 514 1447 terrestribus
528 1383 686 1463 episcopis
699 1382 886 1446 laborantes
901 1384 931 1445 in
942 1382 1082 1447 salutem
1098 1392 1252 1449 nostram:

160 1483 264 1547 ethius
284 1483 445 1559 addendo,
462 1492 575 1564 utpote
589 1484 703 1560 moos,
717 1484 880 1562 sollertes,
896 1484 1007 1573 fideles
1021 1486 1052 1548 iu
1067 1486 1256 1561 ministerio,

158 1602 218 1645 cum
245 1585 275 1647 in
292 1585 455 1667 iudicium
486 1588 593 1649 vocati
616 1585 737 1649 luerint
757 1605 776 1647 a
799 1584 890 1657 lleo,
918 1588 1076 1651 immunes
1103 1606 1120 1649 a
1143 1585 1259 1666 quasis

158 1686 276 1765 reperiri
291 1686 400 1768 culpa.
422 1687 470 1749 Ac
492 1689 564 1751 iden
582 1688 625 1751 ob
646 1697 776 1769 peccata
799 1696 910 1753 nostra
926 1689 1053 1769 iudicio
1076 1688 1133 1753 llei
1154 1688 1258 1769 adstp·

159 1784 226 1850 loat
242 1788 388 1867 quidem,
404 1806 469 1853 nou
489 1797 558 1853 uta
581 1784 650 1853 lleu
671 1791 864 1872 puniamur,
885 1790 940 1855 sed
963 1797 1000 1854 ut
1022 1798 1184 1856 testentur
1203 1789 1258 1853 ad·

159 1906 256 1952 sersus
276 1909 335 1954 uos
355 1892 389 1953 iu
407 1892 643 1971 damnationem
665 1900 820 1957 nostram.

224 1990 409 2069 Quaerere
431 1994 480 2057 nis
493 1995 741 2077 subsequuntur
754 2012 818 2057 uon
839 1994 882 2056 ita
901 1994 1070 2075 perspicue
1091 2010 1260 2075 exponun-

159 2100 204 2153 tur
215 2094 253 2155 ab
267 2094 464 2175 interprete,
475 2094 590 2160 Subdtt
604 2097 688 2159 cuim
706 2094 885 2174 Origenes:
908 2115 925 2155 ι
949 2095 1018 2159 lllis
1039 2095 1190 2174 (duobus
1204 2113 1260 2157 an·

160 2194 225 2272 pelis
242 2195 424 2276 episcopis)
446 2197 528 2259 anim
553 2198 703 2259 universa
725 2196 932 2270 iacientibus,
948 2205 980 2260 et
1002 2215 1062 2277 pro
1083 2204 1193 2259 nostra
1213 2214 1264 2261 sa·

159 2296 217 2359 late
234 2298 422 2374 nitentibus,
438 2315 496 2361 nos
516 2298 756 2373 nihilominusa
779 2298 919 2378 peccatis
936 2298 1133 2367 vacabimus.
1157 2297 1263 2362 Porro

160 2394 336 2479 irequenter
356 2400 476 2476 erenit,
499 2407 536 2461 ut
554 2399 647 2463 uobis
667 2398 909 2475 laborantibus,
931 2398 978 2461 illi
1001 2397 1142 2466 officium
1164 2418 1261 2463 suum

160 2515 211 2563 sou
228 2495 403 2582 expleant,
425 2506 459 2565 et
491 2501 524 2562 iu
553 2500 658 2581 culpis
682 2502 757 2564 sint.
780 2520 797 2559 a
820 2500 864 2565 Et
885 2501 947 2563 hoc
979 2500 1062 2565 idem
1084 2500 1206 2582 legitur
1234 2500 1267 2562 in

160 2598 288 2664 llomitia
304 2599 447 2665 XXXV:
471 2623 489 2666 s
510 2600 554 2665 Et
572 2604 658 2667 sicut
680 2603 785 2668 bonus
803 2604 975 2684 episcopus
995 2612 1028 2667 et
1051 2608 1194 2685 optimus
1213 2620 1267 2667 ec·

104 2743 105 2750 ι
160 2701 262 2766 etesiae
278 2702 482 2783 dispensator
495 2704 555 2767 scit
574 2704 625 2769 sui
642 2705 748 2769 meriti
770 2724 839 2768 esse
861 2712 961 2785 atque
978 2704 1119 2781 virtutis,
1142 2705 1168 2767 si
1188 2720 1267 2769 ores

161 2806 252 2885 [repis
265 2804 329 2867 sibi
351 2803 479 2878 crediti,
493 2804 616 2869 luerint
631 2805 825 2881 custoditae,
847 2807 889 2869 ita
904 2806 1048 2887 intelligo
1067 2806 1154 2869 etde
1170 2823 1267 2885 ango·

160 2904 201 2966 lis.
221 2903 399 2989 ignominia
419 2900 537 2985 angelo
556 2916 623 2982 est,
644 2909 671 2971 si
694 2908 790 2972 homo
813 2907 924 2989 justus
945 2907 1089 2971 creditus
1111 2906 1212 2971 luerit
1233 2914 1267 2973 ot

161 3007 335 3081 peccares-it
348 3015 411 3070 etc.
436 3026 452 3063 s
476 3007 525 3069 Ab
541 3009 589 3070 his
611 3010 810 3085 testimoniis,
826 3010 972 3089 inquam,
992 3009 1200 3071 deduxerunt
1214 3006 1270 3069 ad-

162 3112 301 3183 versarii,
316 3110 448 3191 angelos
464 3128 522 3172 scu
542 3110 675 3191 spiritus
690 3111 847 3175 coelestes
869 3113 900 3173 in
915 3110 1021 3175 officio
1043 3130 1103 3173 suo
1118 3126 1194 3190 erga
1212 3109 1271 3175 ho-

104 3293 105 3300 ἵ
163 3211 249 3275 niues
269 3210 412 3275 deficere
433 3219 465 3274 et
487 3210 518 3271 in
540 3210 644 3290 culpis
665 3230 734 3275 csse
755 3200 1076 3293 quandoquepossc.

104 3309 105 3376 3
228 3312 449 3377 Nihilominus
478 3332 541 3379 nou
563 3316 606 3377 ita
628 3313 704 3377 alibi
726 3314 838 3377 docuit
857 3314 1033 3395 Origenes,
1057 3324 1094 3379 ιιι
1115 3324 1268 3397 putaret,

104 3411 105 3420 ’
165 3411 213 3477 los
230 3415 364 3496 angelos
384 3416 518 3493 spiritus
551 3414 665 3479 taciem
689 3413 793 3480 Patris
816 3417 983 3491 videntes,
1005 3436 1141 3496 peccare
1163 3437 1271 3500 posse,

104 3537 105 3544 ι
164 3523 190 3576 ct
206 3518 311 3595 puniri
335 3535 411 3582 cum
433 3517 658 3597 peccatoribus
673 3536 787 3580 eorum
808 3536 908 3581 curae
928 3526 961 3579 et
982 3520 1149 3584 custodiae
1163 3519 1271 3601 subje-

104 3603 105 3673 Ξ
164 3618 223 3678 ctis.
245 3618 281 3680 ln
314 3616 413 3679 Libro
444 3635 585 3698 namque
616 3617 659 3681 ll.
695 3615 890 3681 l’crinrclica
912 3638 940 3683 c.
964 3617 1005 3683 X.
1029 3637 1059 3681 n.
1092 3619 1121 3684 7.
1145 3622 1270 3702 iuquitr

166 3716 253 3780 «Sed
275 3726 309 3782 et
330 3720 412 3781 illud
442 3719 531 3800 quod
553 3718 594 3781 de
615 3720 890 3799 dispensatoribus
916 3738 979 3783 uon
1001 3721 1092 3785 bouis
1113 3723 1144 3785 in
1168 3721 1273 3787 Evan-
1355 3756 1358 3765 .

166 3818 239 3895 pelio
253 3821 452 3894 dictumest,
474 3821 531 3901 qui
547 3820 708 3883 dividendi
730 3822 896 3897 dicuutur,
915 3830 946 3885 el
969 3840 1044 3902 pars
1059 3842 1175 3887 eorum
1197 3842 1272 3889 cum

166 3917 337 3982 infidelibus
359 3921 446 4001 poni,
465 3928 616 4001 tauquam
633 3941 670 3985 ea
686 3940 772 4003 pars,
794 3942 879 4004 qnae
896 3922 1041 4003 ipsorum
1057 3928 1190 4005 propria
1208 3943 1272 3988 non

166 4018 212 4093 sit,
232 4021 391 4085 aliorsum
412 4025 454 4085 sit
474 4022 644 4099 mittenda,
665 4026 733 4087 sine
755 4026 854 4089 dubio
876 4044 975 4105 genus
997 4026 1129 4105 aliquod
1155 4026 1273 4089 iudicat

104 4133 105 4186 ι
168 4138 278 4199 poenae
299 4142 589 4205 eorum,quorum
612 4136 648 4189 ut
670 4126 745 4189 mitri
764 4127 903 4205 ridetur,
925 4126 1125 4208 separandus
1147 4126 1188 4189 ab
1207 4129 1273 4189 sni·

104 4229 105 4288 t
170 4240 211 4285 ua
230 4227 363 4306 spiritus
378 4226 539 4291 indicatur
542 4272 679 4292 .......
706 4226 815 4293 Potest
828 4238 937 4293 autem
959 4237 993 4293 et
1008 4229 1105 4293 tertio
1118 4245 1214 4293 sensu
1239 4230 1276 4291 il·

104 4393 105 4402 χ
171 4322 217 4385 lud
232 4328 367 4409 intelligi
382 4329 422 4391 de
436 4329 591 4391 divisione
607 4331 679 4403 ista,
704 4338 740 4393 ut
762 4332 915 4412 quoniam
931 4332 1110 4413 ¹unicuique
1132 4330 1276 4394 iidelinrn

104 4435 105 4522 p
172 4429 285 4493 etiamsi
307 4431 457 4496 minimus
476 4430 518 4494 sit
539 4433 570 4494 iu
593 4430 754 4507 Ecclesia,
774 4433 887 4497 adesse
908 4434 1042 4514 angelus
1064 4434 1197 4509 dicitur,
1221 4434 1276 4515 qui

104 4531 105 4600 1
174 4530 259 4593 etiam
279 4549 409 4614 semper
432 4530 541 4596 sidere
561 4532 676 4599 lacinus
699 4532 756 4599 llei
780 4532 917 4601 Patrisa
939 4536 1108 4603 Salvatore
1129 4536 1279 4619 perhibe·
