3375 5567
418 741 497 806 lutis
517 741 621 807 lumse
640 740 859 815 desiderium,
882 740 987 805 omncs·
1006 741 1177 819 dieantur,
1200 760 1263 807 nen
1291 743 1447 809 ridebitur
1464 744 1520 821 his,

420 862 506 925 quoe
521 847 746 926 exposuimus,
769 846 867 908 etiam
890 846 952 909 ltoc
971 864 1041 910 csse
1054 847 1270 911 contrarium.
1293 844 1363 912 Hoc
1381 865 1456 927 crgo
1475 865 1528 928 pa·

420 952 494 1021 cto,
526 963 631 1024 neque
653 946 684 1007 in
714 944 926 1024 praescientia
956 944 1014 1009 liei
1037 945 1090 1009 rel
1110 946 1245 1023 salutis,
1277 946 1328 1010 rel
1350 946 1524 1026 perditionis

421 1054 551 1109 nostroe
574 1062 670 1109 causa
693 1045 859 1110 consistit:
880 1065 986 1128 neque
1003 1046 1196 1129 institionis
1214 1066 1256 1111 ex
1276 1046 1347 1111 sola
1370 1046 1526 1111 vocatione

421 1147 585 1228 pendebit,
602 1165 707 1228 neque
729 1149 906 1230 plnriflcsri
921 1151 961 1214 de
983 1157 1091 1215 nostra
1111 1152 1241 1231 penitus
1261 1157 1420 1231 potestste
1432 1151 1529 1215 solla·

422 1257 493 1315 tum
515 1259 573 1313 est.
595 1249 679 1315 Nam
701 1261 734 1315 et
754 1254 781 1315 si
803 1253 966 1316 communi
988 1254 1155 1317 intellecto
1177 1254 1218 1316 de
1238 1253 1448 1333 praescientia
1467 1268 1530 1314 sen·
1597 1239 1598 1276 ³

425 1351 554 1425 tiamne,
578 1369 641 1414 non
656 1361 827 1433 propterea
843 1352 908 1415 erit
928 1354 1067 1434 aliquid,
1079 1354 1136 1434 qni
1151 1354 1183 1417 id
1196 1354 1257 1417 scit
1273 1352 1364 1419 Dens
1379 1354 1528 1417 lotorum:

422 1452 477 1515 sed
498 1451 574 1531 quia
597 1452 749 1515 loturum
772 1463 840 1529 est,
862 1454 967 1517 scitur
987 1471 1005 1517 s
1028 1453 1097 1518 Deo
1124 1462 1300 1535 antequem
1321 1455 1390 1519 list.
1412 1453 1490 1519 Nem
1508 1458 1531 1519 si

422 1562 467 1629 et,
487 1554 577 1616 verbi
593 1554 709 1633 pratia,
725 1554 875 1636 dommus
890 1553 995 1620 Deum
1017 1574 1081 1619 noo
1102 1574 1319 1638 praenoscere
1332 1556 1468 1638 aliquid,
1489 1556 1531 1619 lu·

425 1664 537 1717 torum
558 1654 626 1718 siue
647 1653 748 1721 dnbio
769 1666 853 1733 eret,
875 1657 964 1738 quod
986 1663 1035 1720 cst
1049 1658 1107 1733 ite,
1123 1662 1163 1721 nt
1181 1666 1249 1737 esl;
1271 1666 1310 1721 nt
1330 1668 1424 1738 pute,
1444 1656 1533 1721 Jndss
1597 1739 1598 1742 Ἴ

424 1756 575 1836 proditor
597 1755 701 1821 lactus
714 1766 784 1837 est;
806 1765 839 1822 ct
853 1759 917 1822 lton
938 1759 981 1821 its
1001 1758 1151 1822 loturum
1176 1758 1356 1840 prophetae
1377 1758 1532 1838 praedixe-
1597 1787 1598 1798 κ

425 1864 512 1921 runt.
531 1856 605 1923 Non
627 1878 706 1939 erpo
721 1858 797 1938 quin
820 1860 1000 1939 prophetae
1023 1858 1268 1939 praedixerunt,
1290 1858 1416 1922 idcireo
1436 1856 1532 1939 prodi·

424 1958 472 2023 dit
491 1957 611 2038 rotam
634 1960 688 2025 sed
711 1959 786 2039 quia
809 1958 944 2023 intuens
963 1968 1047 2022 esset
1068 1958 1237 2039 proditor,
1258 1976 1297 2023 ea
1318 1978 1407 2039 qnae
1426 1958 1479 2019 ille
1496 1974 1531 2019 es

424 2058 582 2139 propositi
600 2060 651 2123 sni
667 2060 808 2139 nequltia
835 2066 985 2139 gesturus
999 2066 1082 2135 eret,
1101 2060 1335 2140 praedixerunt
1349 2059 1531 2139 proplsctse:

425 2176 501 2224 cum
518 2160 632 2239 utique
653 2158 757 2224 ludas
772 2160 803 2221 in
826 2166 984 2241 potestate
997 2159 1176 2249 habuisset,
1198 2168 1236 2223 ut
1254 2169 1339 2223 esset
1357 2160 1471 2223 similis
1486 2156 1535 2221 l’e
1597 2235 1599 2240 ,

426 2268 479 2323 tro
500 2266 532 2323 el
553 2258 690 2337 ioanni,
710 2261 736 2323 si
762 2260 927 2324 voluisset.
949 2258 1011 2324 Sed
1033 2260 1131 2341 clepit
1151 2260 1309 2340 pecuniae
1335 2260 1534 2341 eupiditsten

428 2362 529 2439 mspis
550 2378 648 2441 quam
662 2362 831 2442 apostolici
853 2361 1007 2427 consortii
1024 2361 1184 2441 gloriam:
1200 2371 1234 2425 et
1249 2362 1332 2425 hanc
1344 2361 1421 2443 ejus
1436 2360 1535 2425 sulse
1597 2361 1598 2380 ¹

428 2466 527 2533 tatem
550 2460 696 2525 loturam
710 2461 933 2542 praevidentes
954 2462 1144 2542 prophetae,
1159 2461 1321 2528 librorum
1343 2460 1534 2527 tradiderant
1597 2519 1598 2544 χ

430 2561 657 2625 monumentis.
681 2580 698 2619 e
1597 2561 1599 2632 i

511 2658 547 2723 lo
569 2661 651 2725 lasne
672 2670 781 2726 antem
803 2662 1035 2728 discussionem
1051 2682 1187 2745 pergens
1207 2664 1380 2744 Origenes,
1397 2678 1490 2743 saepe
1500 2660 1536 2723 ili
1597 2711 1598 2750 p

428 2762 514 2827 idem
537 2770 716 2844 pertractet
736 2770 980 2843 argumentum,
996 2765 1167 2829 ostendens
1187 2773 1316 2829 certnm
1338 2782 1422 2838 esse,
1446 2761 1535 2825 mon

428 2863 512 2927 seire
534 2880 596 2925 non
616 2863 724 2926 solnm
757 2862 1018 2944 uuiuscujusque
1040 2864 1241 2945 propositum
1272 2880 1312 2927 sc
1334 2864 1535 2933 voluntatens,
1597 2867 1598 2874 ’

431 2962 487 3027 sed
509 2970 543 3027 et
564 2965 747 3047 prsescire:
765 2963 905 3028 «Sciens
924 2974 1035 3028 entem
1057 2983 1089 3027 u.
1112 2963 1160 3029 tl.
1177 2974 1209 3027 et
1231 2980 1459 3043 praenoscens,
1480 2970 1536 3024 trs·

430 3080 528 3144 quem
550 3063 653 3125 onnus
666 3062 868 3141 dispensetur
887 3072 922 3127 et
938 3065 1060 3146 justus,
1078 3063 1337 3145 uuiuscujusque
1361 3063 1536 3127 notiones
1597 3073 1599 3096 ³

432 3162 602 3243 proposito
625 3164 731 3226 utitur
750 3162 790 3225 od
813 3181 968 3245 eacpers
987 3161 1167 3238 eidciende,
1183 3181 1267 3242 quse
1288 3161 1536 3243 uniuscuiusque
1597 3175 1598 3254 ᾗ

430 3264 557 3328 enimus
572 3282 610 3328 sn
628 3264 778 3329 volontas
794 3266 893 3347 eligit.
911 3284 928 3323 s
944 3265 993 3330 dc
1007 3265 1129 3329 interes
1146 3265 1262 3333 lectori
1279 3265 1379 3347 lunius
1391 3278 1537 3327 commen
1597 3271 1598 3284 ¹

432 3364 507 3429 tarii
530 3363 627 3429 oderi
647 3383 733 3445 quae
749 3366 780 3430 iu
800 3364 899 3431 Libro
915 3364 974 3429 ΙΙΙ.
991 3364 1194 3429 Panionion
1207 3371 1363 3430 accurate
1377 3363 1535 3429 disseruit:
1597 3355 1598 3364 ’

430 3487 451 3525 u
474 3463 520 3529 lle
540 3468 671 3547 quibus,
694 3468 753 3542 ait,
774 3468 902 3548 plenius
923 3467 1055 3546 quidem
1075 3466 1200 3529 anobis
1220 3466 1253 3527 in
1272 3483 1313 3527 eo
1335 3463 1471 3538 Libello,
1490 3458 1537 3522 nli
1597 3471 1598 3532 j

432 3565 473 3627 de
490 3565 616 3631 arbitrii
631 3566 780 3631 libertate
796 3566 1021 3641 disseruimus,
1039 3584 1098 3648 pro
1121 3566 1244 3630 viribus
1260 3564 1388 3646 sinpnls
1403 3577 1537 3645 quseuoc
1597 3559 1598 3578 ¹

433 3662 576 3736 discusse
589 3672 677 3742 suut,
689 3684 775 3747 qnae
784 3667 823 3729 ad
840 3667 1085 3730 instructionem
1095 3668 1173 3730 setis
1181 3682 1348 3746 superque
1360 3664 1536 3731 solllcisntr

435 3760 578 3843 ideoque
592 3766 617 3827 si
630 3773 733 3839 reete,
748 3766 775 3829 si
796 3766 983 3830 luculenter
1003 3768 1035 3829 in
1049 3766 1112 3830 hoe
1132 3764 1369 3829 commentario
1388 3764 1481 3827 sensit
1500 3754 1537 3821 e

434 3866 561 3945 ripense
583 3866 622 3928 de
645 3867 781 3931 dominis
803 3868 967 3933 arbitrato
979 3888 991 3946 ς
1021 3867 1134 3933 eadem
1153 3868 1290 3931 sensisse
1313 3865 1480 3929 tenendum
1497 3864 1539 3923 est

433 3968 465 4030 in
480 3968 578 4030 citslo
593 3965 790 4031 Periorcdou
806 3966 916 4033 Libro.
933 3969 982 4033 dc
1003 3971 1137 4051 insuper
1152 3969 1226 4031 ltine
1240 3965 1386 4047 potedet,
1409 3961 1538 4028 eamden

435 4068 629 4145 doctrinam,
644 4068 790 4131 eumdem
812 4067 908 4133 lldem
927 4070 1110 4150 protensum
1126 4088 1195 4134 esse
1210 4069 1404 4142 ductorem,
1425 4080 1493 4127 com
1507 4078 1538 4122 u·

435 4185 513 4231 unm
534 4176 567 4231 et
586 4169 730 4233 slterom
749 4167 925 4233 sdocnecet
945 4169 1061 4250 Opns;
1083 4170 1297 4249 camdemque
1318 4180 1492 4233 mensnram
1510 4160 1538 4222 in

435 4265 587 4345 pluribus
600 4274 632 4330 et
649 4268 740 4333 remo
754 4285 873 4350 genere
893 4270 1021 4349 scriptis
1035 4288 1075 4333 rc
1096 4270 1288 4351 praesertim
1305 4266 1342 4328 iss
1359 4259 1536 4329 Periander

437 4367 547 4444 (quod
569 4366 743 4434 admodum
759 4367 799 4430 ab
819 4368 1015 4431 adversariis
1034 4368 1229 4446 vellicetur)
1250 4374 1408 4448 perpetuo
1425 4376 1537 4425 serras·

436 4484 482 4541 se,
498 4469 577 4547 quin
593 4466 632 4531 od
649 4466 816 4535 dexterum
833 4469 897 4533 iret
912 4469 964 4535 sel
979 4468 1021 4533 sd
1040 4469 1215 4535 sinistram.
1232 4464 1306 4535 Non
1320 4465 1403 4531 enim
1422 4456 1537 4525 ΡΜ·
