3375 5567
476 682 549 731 xxx

474 801 511 861 te
525 785 767 884 prostibulum
794 786 857 862 sit.
881 786 980 864 llaec
1005 787 1041 860 in
1058 786 1226 885 origenis
1244 787 1364 865 libris:
1393 788 1541 889 agahae·

473 913 585 987 retica
604 913 736 989 doceo:
767 926 807 990 tu
834 913 985 989 ostende
1011 914 1046 987 in
1065 936 1137 1010 quo
1162 918 1240 1007 ejus
1258 938 1367 1013 opere
1394 916 1450 991 his
1474 939 1543 991 con·

473 1041 583 1115 traria
611 1041 755 1138 legeris.
785 1040 876 1115 Nolo
904 1042 1003 1116 dieas
1030 1057 1102 1118 etc.
1135 1066 1153 1110 t
1184 1040 1256 1117 Sed
1284 1057 1322 1118 et
1348 1044 1385 1117 in
1413 1042 1542 1142 Episto

473 1168 509 1242 la
535 1168 581 1242 ad
611 1169 759 1245 Avitum
787 1169 1026 1245 haecomnia
1055 1168 1212 1245 absurda
1240 1171 1437 1259 instaurat,
1462 1172 1542 1265 adji-

473 1295 573 1369 ciens
602 1296 765 1371 vocabuli
794 1297 969 1371 restitutio
997 1316 1157 1383 sensum,
1181 1320 1291 1395 quam
1319 1296 1476 1373 loturam
1500 1298 1545 1371 di·

471 1423 545 1495 cit:
579 1449 597 1493 c
630 1421 679 1498 Et
705 1423 741 1497 in
769 1447 840 1522 qua
869 1448 941 1499 nou
969 1423 1087 1500 solunt
1116 1437 1328 1522 peccatores
1347 1447 1472 1500 omnes
1491 1424 1545 1498 ah·

471 1546 684 1635 solvendost
710 1549 774 1623 sed
808 1562 847 1622 et
874 1549 991 1647 ipsum
1016 1550 1215 1638 diabolum,
1235 1564 1275 1625 et
1301 1552 1449 1649 angelos
1466 1556 1544 1644 ejus,

469 1677 684 1775 quaudoque
712 1676 928 1752 relaxandos
955 1699 1036 1752 esse
1065 1680 1110 1753 de
1138 1680 1278 1774 poenis,
1308 1691 1348 1754 ut
1376 1681 1544 1755 restitutio

469 1804 630 1878 omniurn
659 1805 774 1901 possit
799 1804 977 1902 intelligi:
1010 1830 1027 1873 a

579 1927 771 2005 Praeterea
802 1954 872 2005 una
902 1954 985 2006 cunt
1019 1930 1240 2030 Hieronymo
1270 1933 1493 2033 Epiphanius
1514 1946 1546 2007 et

470 2055 694 2155 Theophilus
724 2057 955 2157 (praecipuus
983 2058 1160 2135 illusionis
1188 2060 1399 2158 llieronymi
1419 2060 1542 2158 auctor)

469 2185 538 2259 ista
567 2198 607 2259 ot
631 2185 702 2258 alia
730 2185 838 2278 hujus
865 2186 1008 2283 generis
1037 2188 1165 2261 menda
1210 2202 1472 2285 praenotarunt
1500 2188 1542 2263 uti

468 2311 631 2404 eJusdetn
652 2312 817 2410 Origenis
845 2336 988 2397 sensus,
1018 2314 1112 2389 idest
1138 2316 1183 2387 da
1210 2313 1283 2391 Deo
1305 2338 1489 2413 corporeo:
1507 2316 1543 2389 tle

468 2437 549 2511 Filii
576 2438 784 2515 exclusione
822 2440 858 2513 in
888 2439 1056 2545 precihus
1085 2440 1128 2513 ad
1164 2439 1310 2518 Patrem
1340 2440 1485 2527 Deum3
1506 2440 1543 2515 de

469 2568 625 2640 secunda
640 2564 774 2641 Christi
800 2567 1080 2666 Redemptiooe3
1107 2568 1152 2643 de
1169 2567 1489 2666 Metempsyohosi;
1507 2566 1544 2641 de

466 2694 683 2771 aeternitate
722 2696 897 2769 materiae
913 2717 926 2782 3
954 2696 998 2769 de
1037 2695 1209 2792 pluritate
1243 2696 1485 2783 mundorum
1506 2695 1542 2767 dc

466 2822 603 2922 nuptiis
627 2823 792 2897 arcendis
807 2843 820 2909 3
842 2824 886 2896 de
915 2822 1166 2921 philosophiae
1196 2825 1420 2918 praestantia
1449 2846 1544 2919 super

466 2948 671 3049 Scripturas
681 2971 693 3037 3
721 2949 765 3023 de
792 2949 995 3023 animarum
1025 2949 1328 3046 praeexistentia3
1356 2951 1402 3025 de
1430 2970 1542 3025 earum

465 3077 570 3175 lapsu
597 3100 617 3150 e
644 3074 755 3151 coelis
782 3075 818 3148 in
847 3087 978 3161 terras,
1007 3076 1218 3173 corporibus
1246 3077 1290 3151 ad
1320 3100 1457 3174 poenas
1483 3076 1542 3150 illi-

465 3204 663 3303 pandarum
672 3225 685 3290 ;
712 3215 750 3277 et
777 3216 899 3277 uetera
927 3202 1059 3277 similia
1088 3215 1306 3276 comanente.
1337 3201 1440 3292 Quae
1467 3202 1545 3277 Cas·

464 3331 630 3405 siodorus
656 3330 703 3403 ad
730 3328 1038 3426 trigintaquinque
1058 3328 1177 3426 capita
1206 3328 1543 3427 reducit,inquiens,

467 3483 488 3530 a
516 3456 719 3553 Theophilo
745 3454 933 3530 confutata
961 3468 999 3529 et
1027 3456 1198 3529 damnata
1229 3454 1356 3529 luisse.
1391 3453 1542 3546 Quorum

467 3598 589 3659 tamen
618 3608 688 3660 non
717 3585 835 3659 solum
866 3584 1095 3681 perspexeris
1123 3582 1340 3679 singularem
1381 3586 1543 3683 speciem,

468 3712 530 3787 sed
551 3712 662 3787 etiarn
678 3725 806 3786 mutuo
832 3734 914 3785 sese
935 3732 977 3783 ea
993 3712 1194 3794 destruere,
1212 3711 1261 3785 ita
1278 3725 1319 3787 ut
1346 3713 1463 3787 virum
1487 3735 1543 3808 po-

469 3839 542 3915 tius
578 3839 729 3913 delirum
763 3840 800 3911 in
838 3836 914 3923 his,
941 3860 1050 3937 quam
1090 3838 1144 3911 sui
1178 3853 1386 3934 computent
1423 3837 1544 3938 probes

468 3980 669 4041 auctorem.

576 4093 834 4169 Verumtamen
879 4092 967 4167 haec
1009 4090 1117 4165 modo
1159 4089 1351 4164 sufficiant.
1395 4092 1541 4165 luterest

468 4220 564 4293 enim
592 4220 707 4296 uthlc
734 4218 906 4302 delibata,
922 4216 1133 4315 singillatim
1155 4214 1296 4290 anohis
1324 4229 1362 4291 et
1380 4228 1540 4292 accurato

468 4347 588 4421 studio
616 4359 861 4445 exponantur:
883 4357 941 4430 ut,
961 4367 1054 4442 quae
1084 4343 1344 4442 spopondimus
1372 4368 1439 4441 pro
1467 4342 1540 4414 viri·

468 4473 537 4549 hus
564 4475 711 4561 nostris,
742 4473 888 4571 llooque
913 4478 1077 4566 iurante,
1108 4474 1282 4571 arreptis,
1302 4472 1538 4547 detractorum
