3375 5567
214 822 343 888 Ceterum
363 841 449 905 uuae
469 821 644 889 admodum
667 821 833 905 proposito
849 821 973 888 iaciunt
992 823 1079 889 ciros
1096 825 1219 888 variam

157 925 184 984 ab
197 923 312 1005 Origene
330 932 483 988 statutam
505 927 652 1008 corporis
673 925 953 1006 regenerationem
972 925 1042 989 sire
1056 933 1224 990 restaura·

157 1027 242 1089 tiooeu
258 1033 286 1090 et
304 1027 408 1108 quoad
420 1027 553 1092 motum
574 1036 607 1091 et
621 1027 729 1107 quoad
753 1033 893 1108 tempus,
906 1028 948 1089 ab
965 1029 1071 1091 attera
1085 1029 1220 1108 spiritns

156 1127 201 1186 rire
215 1127 297 1190 suini
318 1129 572 1210 regeneratione,
594 1147 679 1208 quae
701 1147 718 1190 ι
740 1129 842 1192 iibere
856 1147 992 1209 prorsus
1013 1130 1149 1193 bominis
1162 1149 1218 1193 vo·

156 1225 245 1290 tentate
263 1228 404 1308 proicit,
429 1237 466 1293 ut
486 1229 559 1293 inde
581 1239 689 1293 rectus
709 1226 917 1292 beatitudinis
936 1247 1049 1293 sensus
1070 1231 1222 1310 patebat,

156 1327 277 1406 duplicem
303 1333 425 1411 pariter
456 1331 641 1412 praeterens
668 1330 934 1411 significationem
961 1338 994 1394 et
1018 1333 1223 1412 analogiam,

154 1433 317 1509 recorporis
345 1432 514 1495 beatitudo
542 1449 617 1496 cum
649 1433 753 1494 altera
778 1433 913 1512 spiritns
941 1431 1227 1507 confundatum

154 1532 318 1609 equentibus
345 1541 514 1596 cruuntur
529 1553 538 1594 s
555 1531 678 1596 «Sicut
699 1534 802 1606 enirn,
825 1534 890 1608 ait,
912 1532 954 1595 (ie
977 1535 1225 1600 rationabilibus

153 1631 243 1695 uteris
261 1632 415 1710 ridemus,
439 1650 501 1696 uou
522 1634 602 1696 alias
630 1651 711 1710 esse,
734 1651 819 1714 quae
840 1649 902 1712 pro
922 1635 1063 1713 peccatis
1083 1636 1116 1696 in
1146 1635 1228 1698 iurii-

153 1731 237 1808 goitrte
257 1735 404 1810 vixerint,
427 1743 460 1798 et
480 1735 578 1810 atius,
600 1753 685 1814 quae
708 1753 767 1816 pro
790 1735 913 1796 meritis
933 1733 972 1796 ad
996 1735 1227 1799 beatitudinem

153 1832 267 1897 inritatae
284 1837 359 1910 siut,
381 1836 437 1898 seri
460 1836 518 1899 bas
539 1837 681 1912 eosdem,
704 1853 789 1916 quse
810 1843 904 1898 antea
928 1835 1226 1916 inerantpocoatri·

153 1951 187 1994 css
202 1953 355 1999 courersu
377 1937 606 2017 postmodum,
629 1945 662 2000 et
683 1935 752 2000 Deo
772 1937 997 2000 reeoootttetas
1019 1938 1166 2002 ridemus
1187 1939 1227 2002 ab

153 2033 340 2101 testitudinem
362 2039 524 2101 revocari.
549 2036 594 2101 ito
616 2039 715 2102 etiarn
735 2039 776 2100 rie
790 2047 906 2100 nature
928 2040 1077 2118 eorporis
1090 2041 1228 2102 sentien·
1353 2117 1357 2124 .

152 2133 205 2196 inu
221 2144 275 2210 est,
293 2137 383 2217 quoti
406 2155 469 2201 non
491 2138 581 2201 aiiud
603 2157 723 2218 corpus
744 2147 805 2213 est,
827 2157 896 2218 qno
916 2156 1001 2202 nuuc
1022 2139 1053 2201 in
1082 2139 1229 2219 ignobili-

152 2243 212 2312 tete,
229 2247 257 2300 et
274 2239 305 2300 iu
325 2240 539 2319 corruptione
560 2247 593 2302 et
622 2239 808 2304 inbrmitate
829 2241 977 2316 utimur,
999 2248 1032 2302 ot
1052 2240 1141 2303 atiud
1164 2241 1228 2303 erit

151 2335 217 2410 ittet,
232 2357 291 2418 quo
305 2340 336 2401 in
357 2341 605 2420 incorruptione
616 2349 650 2402 et
669 2341 701 2401 iu
718 2340 839 2404 virtute
860 2349 893 2402 et
907 2344 940 2404 iu
960 2341 1064 2420 gioria
1081 2349 1225 2404 uternnr.

150 2435 253 2502 Sciboc
271 2439 368 2514 idern,
387 2439 517 2518 abjectis
539 2441 588 2504 bis
601 2440 857 2515 infirmitatibus,
879 2441 912 2502 iu
926 2441 1046 2519 qnibns
1066 2460 1152 2504 nunc
1165 2451 1226 2517 est,

150 2534 270 2616 ingloria
290 2540 563 2604 trans-nubitur
582 2541 727 2620 spiritale
749 2539 915 2615 eiiscturu,
937 2539 1078 2619 siquod
1100 2540 1162 2604 iuit
1182 2543 1229 2602 in·

150 2634 275 2716 dignitatis
295 2659 375 2714 ros,
400 2640 462 2714 boc
490 2641 596 2720 ipsum
617 2649 862 2723 expurgatum,
889 2639 946 2703 bat
967 2659 1022 2705 roo
1044 2643 1178 2706 bonoria
1197 2649 1232 2705 st

150 2735 336 2804 babitaculum
357 2741 576 2804 beatitudiuis.
600 2761 618 2800 e

203 2828 283 2904 Patet
296 2843 401 2924 igitur
415 2841 611 2918 differentia,
626 2861 689 2924 qua
701 2842 860 2926 Origenes
875 2863 973 2910 unam
984 2845 1026 2908 ab
1039 2845 1142 2908 attera
1155 2844 1229 2906 bea·

149 2935 251 3004 tituiine
269 2943 410 3008 secernit
419 2961 432 3023 3
447 2961 544 3006 unam
559 2953 696 3008 naturae
714 2963 894 3026 corporeae
910 2947 1075 3027 propriam
1097 2962 1137 3008 sc
1156 2943 1231 3006 intio

147 3047 322 3107 ιιιιιιιιίιιιι
345 3048 380 3106 iu
403 3047 641 3108 resurrectione
657 3046 827 3109 universas
849 3055 1021 3110 creoturoe
1044 3045 1230 3124 rationalis,
1299 3075 1301 3079 ·

147 3137 254 3207 atterant
272 3165 314 3208 ex
334 3147 501 3225 cujusque
522 3147 698 3210 meritisne
719 3165 781 3227 pro
800 3147 928 3210 arbitrii
947 3147 1100 3209 libertato
1121 3145 1232 3225 probis

148 3247 243 3306 tanturn
256 3247 287 3306 in
302 3247 457 3326 paradiso
478 3247 670 3311 donandam.
693 3247 734 3310 iit
749 3248 1024 3328 quemairuotiuur
1038 3246 1140 3326 panio
1161 3251 1234 3324 post

146 3337 325 3410 nannenus
346 3354 500 3410 naturam
522 3348 680 3412 visibitem
700 3357 733 3412 et
753 3367 946 3430 corpoream
966 3349 1008 3410 ab
1028 3347 1131 3409 altera
1151 3345 1234 3406 inri-

145 3441 207 3504 sibiii
223 3455 253 3510 et
264 3447 460 3527 incorporee
482 3447 619 3527 uirtute,
636 3467 778 3530 quarum
792 3449 933 3512 secunda
948 3449 1071 3529 quippe
1090 3447 1235 3509 rationu-

145 3539 171 3604 Ι
181 3553 266 3626 stoue
278 3549 386 3612 iibere
398 3565 509 3628 agens,
531 3551 637 3613 animo
653 3569 693 3613 ac
706 3551 872 3632 proposito
892 3569 955 3613 suo
978 3557 1147 3626 motatur-3
1169 3547 1235 3627 pri·

145 3659 180 3706 ur
197 3665 268 3712 rere
287 3651 373 3714 idest
392 3659 511 3714 natura
533 3667 691 3729 corporea
712 3651 956 3714 substantialem
976 3649 1110 3728 recipiet
1128 3656 1235 3710 muta·

146 3743 235 3810 ibren
249 3768 311 3814 uon
325 3769 369 3815 nx
391 3769 440 3826 se,
454 3750 510 3812 sed
526 3766 543 3811 a
561 3748 645 3824 ibeo,
663 3751 706 3812 ita
722 3757 759 3813 ut
777 3751 816 3812 ari
839 3768 934 3814 omne
955 3750 1041 3830 quod
1059 3747 1166 3811 moliri
1182 3746 1235 3808 rei

147 3842 289 3927 bbucare,
303 3871 365 3916 seu
387 3860 569 3914 retrectare
592 3852 734 3914 voluerit
748 3853 817 3932 ipse
832 3849 919 3914 Deus
939 3852 1084 3914 orouinru
1100 3848 1234 3922 artifex,

146 3943 193 4022 itta
210 3951 236 4014 si
248 3953 446 4016 iauruiatuns
468 3959 629 4032 praestet:
652 3953 722 4031 peri
745 3951 871 4015 rationo
885 3951 1052 4016 beatitudo
1072 3949 1234 4028 corporis,

148 4065 187 4110 reu
203 4053 313 4130 gioria,
337 4054 409 4117 sire
429 4052 609 4132 periectin,
635 4071 727 4132 ,quac
748 4053 840 4134 iuxta
864 4053 1013 4130 Apostoli
1033 4061 1066 4114 et
1084 4048 1235 4128 Origenis

146 4159 255 4215 nentem
276 4154 425 4234 designet
445 4153 720 4233 incorruptionem
746 4163 779 4216 et
799 4152 1089 4224 immortalitatem,
1104 4148 1236 4226 corpori

147 4263 175 4309 ιι
185 4251 279 4317 tirius
293 4256 419 4318 virtute
434 4254 661 4318 conferentiam
678 4256 709 4316 iu
725 4257 967 4317 resurrectione
977 4252 1137 4314 mediante
1148 4251 1236 4330 ejus·

147 4346 199 4412 icto
216 4358 366 4436 corporis
383 4359 652 4435 regeneratione,
684 4355 726 4417 ab
746 4357 852 4419 attero
872 4373 1009 4436 prorsus
1030 4350 1237 4416 beatitudinis

149 4463 239 4524 tenere
256 4457 456 4538 sejungenda
476 4465 539 4529 est,
553 4475 651 4540 qus·
674 4458 768 4537 probi
789 4456 997 4520 sotumruotio
1018 4462 1235 4535 assequentur

150 4548 293 4635 incoctis,
312 4565 378 4622 eta
399 4573 466 4639 qna
481 4558 609 4639 penitus
622 4576 661 4622 eo
681 4559 714 4622 iu
735 4563 930 4639 perpetuum
951 4556 1170 4622 excludentur
1185 4573 1235 4619 re·

248 4655 309 4722 tet.
337 4657 362 4721 1.
1080 4655 1120 4720 13
