3375 5567
419 749 745 816 eunuchizationilrns
759 748 884 814 duabus
900 744 1138 829 corporalibus,
1161 745 1394 812 intellexerunt
1413 752 1445 809 et
1463 751 1518 808 ter·

420 853 509 928 tiam,
525 870 589 914 non
610 850 743 930 quidem
758 856 925 930 peccantes
948 857 1105 930 qnantum
1119 848 1159 910 ad
1181 847 1440 926 consequentiam
1447 866 1459 924 3
1472 863 1518 908 uc·

417 954 555 1018 cessarie
575 959 686 1015 autem
701 959 933 1032 peceaverunt,
955 951 1109 1030 quoniam
1123 951 1165 1012 ιιι
1180 949 1272 1011 ιιιιιο
1286 947 1367 1012 duos
1382 947 1453 1010 illas
1471 943 1519 1009 en·

416 1055 657 1121 nuchizatiooes
673 1052 892 1133 corporaliter
907 1059 1032 1116 tantam
1049 1049 1184 1129 intelligi
1199 1057 1411 1129 potaverunt:
1423 1065 1521 1110 conse-

416 1173 519 1236 quens
535 1156 618 1218 enim
640 1164 710 1217 erat
726 1163 896 1232 postquam
911 1152 1127 1232 corporaliter
1146 1152 1272 1230 priores
1286 1149 1520 1221 intellexerunt,

415 1265 457 1322 ιιι
476 1258 602 1319 tertiam
625 1273 758 1334 quoque
777 1255 984 1334 corporalem
1004 1253 1238 1316 existimarent.
1262 1249 1402 1314 Secundi
1422 1257 1520 1312 antem

417 1359 683 1436 interpretatores
716 1357 843 1420 tertiam
866 1354 997 1435 quidem
1026 1353 1330 1417 eunuchizationem
1355 1349 1521 1413 salubriter

417 1456 487 1520 ilari
509 1467 733 1537 exposuerunt
748 1456 837 1519 serbi
860 1454 1077 1535 praecisione:
1094 1471 1157 1516 nou
1178 1462 1287 1517 autem
1310 1452 1521 1516 considerare

417 1565 494 1618 runt
514 1559 667 1634 quoniam
691 1556 762 1619 talis
784 1555 942 1635 expositio
964 1555 1155 1617 conveniens
1184 1562 1256 1616 erat
1275 1555 1372 1616 etiam
1394 1553 1426 1614 in
1446 1554 1520 1629 prio

415 1657 506 1720 ribus
529 1656 852 1730 eunuchizatiooibus
873 1654 1011 1731 duabus,
1027 1654 1204 1718 secondum
1230 1651 1470 1718 similitudinem
1490 1651 1521 1712 il-

415 1758 479 1821 lius
502 1760 626 1821 tertiae.
649 1777 666 1814 ι
1233 1789 1236 1793 -

497 1856 643 1937 Quisque
658 1860 779 1921 interea
797 1858 902 1920 rideat
917 1874 981 1938 qua
996 1857 1202 1936 simplicitate
1216 1865 1248 1918 et
1269 1854 1394 1933 eloquii
1412 1854 1522 1935 perspi·

417 1959 538 2023 coitate
560 1956 722 2037 interpres
752 1957 872 2020 latinus
895 1957 994 2038 lrnjns
1015 1957 1111 2039 priori
1143 1957 1337 2037 paragraphi
1368 1954 1522 2018 transtulit

415 2059 562 2139 Origeoia
582 2077 706 2133 seusus,
727 2057 807 2123 dnos
828 2057 948 2122 Christi
972 2059 1147 2122 verborum
1168 2057 1335 2122 indicentis
1357 2057 1519 2136 expositio·

415 2178 471 2224 nes
492 2161 531 2222 de
552 2161 731 2239 ennuchis3
753 2160 873 2241 quibus
889 2177 985 2224 snum
1007 2160 1074 2238 ipse
1097 2162 1210 2222 tertios
1235 2159 1430 2237 interposuit
1446 2156 1521 2237 judi·

416 2264 516 2335 ciom,
539 2261 579 2324 da
600 2279 667 2341 quo
682 2261 777 2323 intra.
801 2259 900 2324 Modo
919 2279 959 2324 ex
983 2261 1104 2324 recenti
1119 2259 1231 2324 fluetii
1254 2261 1402 2323 versione
1422 2259 1521 2320 audia-

343 2377 348 2384 ·
417 2373 472 2426 tor
493 2360 705 2425 tlmaoneoais
726 2379 895 2442 graecus,
916 2365 972 2442 qni
997 2363 1210 2442 transcriptor
1235 2361 1338 2424 tidelis
1360 2364 1523 2439 reputator

416 2462 566 2526 codicum
587 2464 871 2542 origenianorum,
888 2473 937 2542 ut,
958 2465 1053 2528 unius
1075 2482 1150 2527 cnm
1165 2464 1271 2526 altero
1292 2462 1465 2525 collatione
1482 2458 1519 2520 ta·

415 2571 481 2637 cto,
497 2563 570 2642 quis
584 2564 730 2627 sincerus
751 2572 908 2646 appareat
934 2565 1047 2630 mentia
1063 2563 1212 2646 Origeuis
1228 2564 1327 2628 ιιιιιι
1348 2572 1466 2626 custos.
1481 2559 1521 2622 lta

415 2682 555 2744 namque
578 2665 675 2727 tradit
696 2663 858 2729 Hoetins:

495 2761 609 2829 «Sunt
628 2763 780 2838 eunardi,
795 2765 853 2848 qui
873 2767 910 2828 de
923 2769 1036 2829 enutris
1056 2776 1144 2830 atero
1163 2765 1210 2827 ric
1230 2763 1522 2842 ominamurque

414 2865 454 2927 ad
476 2866 528 2928 ιιι
550 2865 607 2946 qai
623 2875 725 2946 poteri
744 2885 853 2947 cepere
876 2865 994 2947 cupiat.
1016 2867 1192 2946 Postquam
1215 2866 1311 2928 taleas
1331 2866 1425 2942 dues,
1447 2880 1522 2946 quae

415 2971 448 3030 in
469 2967 557 3055 huna
570 2969 681 3031 iocum
703 2969 930 3048 proterantur,
944 2968 1174 3048 explicationes
1189 2976 1263 3031 aute
1277 2984 1363 3040 eam,
1378 2985 1460 3046 qnae
1473 2984 1522 3028 oo·

414 3067 462 3129 1ιιι
483 3067 522 3128 ιι
548 3085 661 3130 serum
685 3067 813 3130 videtur
834 3069 968 3148 propius
989 3068 1162 3140 accedere,
1187 3069 1474 3146 proposuerimus,
1493 3073 1520 3126 ιι

415 3183 469 3228 ιιι
483 3166 597 3228 ιιιιιι
612 3185 672 3245 pro
692 3165 777 3230 virili
799 3166 1077 3230 coniuraverimua
1085 3186 1097 3246 3
1118 3175 1155 3229 ut
1170 3170 1255 3230 omni
1277 3168 1421 3230 devitato
1435 3167 1520 3238 iniis,

415 3284 500 3344 quae
514 3265 670 3341 dicemus,
686 3283 813 3341 errore,
831 3267 998 3330 meliorem
1016 3267 1229 3345 transigamus
1247 3269 1358 3342 vitam,
1375 3269 1402 3330 ιι
1418 3283 1520 3329 ιιιιιι

418 3367 515 3448 huius
536 3367 600 3430 loci
621 3385 750 3430 sensum
774 3367 932 3436 [norimus
954 3367 1092 3430 assecuti
1104 3386 1116 3447 3
1139 3369 1181 3430 ita
1205 3369 1308 3448 parati
1330 3374 1363 3431 ot
1384 3367 1520 3431 instructi

389 3470 618 3547 ,propositum
639 3469 878 3548 aggrediamur.
903 3467 985 3534 Cum
1007 3469 1090 3531 euim
1112 3468 1238 3534 duabus
1260 3470 1519 3542 castrationibus,

417 3586 498 3646 quas
519 3570 604 3630 cirea
627 3585 747 3648 corpus
768 3568 916 3632 exerceri
940 3568 1106 3643 ridemus,
1129 3587 1329 3648 consequens
1349 3589 1419 3634 esse
1439 3577 1523 3649 pota-

419 3675 489 3729 rent
510 3669 669 3742 nonnulli,
685 3677 723 3730 ut
745 3669 837 3731 tertia
860 3685 992 3746 qnoque
1013 3657 1052 3728 ad
1074 3684 1193 3747 corpus
1214 3669 1404 3746 pertineret,
1425 3668 1521 3747 seipsi

419 3784 496 3845 prae
519 3765 576 3829 Dei
592 3769 707 3832 timore
728 3775 761 3829 at
781 3768 965 3831 inconsulto
982 3775 1016 3830 et
1038 3775 1158 3830 temere
1176 3771 1364 3832 castratioui
1385 3770 1521 3849 priorum

418 3869 513 3932 simili
534 3870 744 3950 subjecerunt
754 3889 767 3948 3
782 3877 880 3949 atque
903 3869 944 3932 ita
966 3887 1000 3931 se
1021 3869 1169 3934 consitiis
1190 3870 1400 3950 appetendos,
1417 3871 1519 3932 tortas·

417 3987 451 4032 se
466 3977 497 4032 et
512 3971 683 4049 ignominia
699 3969 882 4034 afficiendos
903 3987 965 4032 noo
985 3969 1098 4033 alionis
1113 3989 1130 4032 ι
1147 3970 1208 4034 ιιι
1230 3971 1436 4035 solummodo
1456 3988 1520 4052 pro·

418 4068 582 4149 pluerunt,
596 4071 651 4132 sed
675 4073 712 4134 iis
732 4071 842 4143 ctiam,
858 4071 913 4149 qni
937 4087 987 4132 res
1003 4088 1112 4133 omnes
1136 4071 1291 4142 humanas
1314 4071 1518 4152 indulgentius

419 4169 507 4232 terre
518 4171 637 4244 sciunt,
653 4189 751 4249 quoru
776 4189 894 4234 sonunt
911 4168 968 4234 Dei
992 4171 1140 4234 timorem
1156 4173 1262 4234 animo
1284 4172 1476 4244 insidentem,
1491 4177 1519 4230 ιι

419 4270 667 4334 immoderatum
682 4271 833 4346 castitati,
850 4289 996 4335 amorem
1017 4271 1145 4336 labores
1167 4275 1346 4351 parientem
1367 4284 1398 4337 et
1416 4288 1517 4349 corpo·

420 4369 464 4430 ιιι
486 4370 733 4446 mutilationem,
749 4370 901 4450 etsiqoid
924 4372 1013 4434 aliud
1036 4374 1100 4453 pati
1124 4380 1239 4450 potest,
1253 4375 1310 4453 qui
1327 4382 1439 4437 tautam
1454 4387 1512 4432 ram

419 4470 507 4533 obiit.
533 4470 596 4534 dlii
618 4478 727 4534 antem
757 4489 833 4534 sane
855 4489 917 4536 non
940 4474 1032 4536 multi
1055 4473 1141 4538 haud
1178 4493 1332 4554 perpenso
1357 4473 1508 4537 verborum
