3375 5567
1178 673 1239 742 335

144 805 231 866 osone
249 788 290 850 ad
313 795 441 866 tempus
471 784 682 848 correctionis
707 783 855 862 impostis
883 787 943 846 eto.
967 799 983 836 s
1007 776 1100 858 Qnse
1127 787 1238 860 postes

142 892 258 951 mhorst
280 905 340 968 per
369 886 611 952 similitudinem
633 892 781 964 statano,
814 899 900 963 qnae
930 882 1021 961 print
1042 899 1083 944 ex
1105 881 1176 944 toto
1200 881 1242 946 sii

138 989 223 1052 donec
235 1008 278 1052 ex
293 1007 369 1050 aere
390 986 560 1059 condetur,
577 995 608 1048 et
625 985 685 1046 hoo
700 984 783 1057 insa,
801 983 989 1064 figmentum
1004 982 1092 1044 iiiios
1108 980 1236 1044 iniennt

140 1090 215 1153 nitro
234 1108 297 1152 tton
317 1091 499 1170 quaeritur.
528 1087 574 1148 ito
604 1087 726 1149 tactem
748 1093 818 1160 est,
848 1087 975 1165 inquit,
1007 1083 1046 1146 de
1069 1084 1129 1156 iis,
1153 1099 1239 1162 qnae

139 1193 165 1252 io
183 1189 262 1270 Lege
283 1195 422 1254 mosaica
444 1203 476 1252 et
497 1191 529 1252 in
551 1191 716 1269 prophetis
730 1196 817 1267 gesta
839 1196 928 1261 anot,
941 1187 1042 1249 donee
1067 1186 1152 1247 venit
1173 1186 1239 1263 tpso

140 1294 245 1356 trtiiex
267 1304 300 1354 et
321 1305 437 1356 auctor
457 1294 625 1361 otnninnt,
648 1304 679 1352 et
703 1290 843 1368 Legem,
865 1306 950 1369 qnae
971 1288 1120 1350 umbram
1144 1287 1240 1348 habe·

140 1397 185 1455 hat
205 1396 393 1457 interorum
416 1395 595 1462 honoram,
623 1392 788 1454 transtulit
808 1391 848 1452 ad
872 1391 972 1470 ipsam
996 1403 1106 1454 rerunt
1129 1389 1239 1466 imagi·

141 1515 213 1560 nem.
235 1494 278 1560 Et
300 1496 517 1559 hnemoximo
538 1492 754 1568 redncttntor,
769 1509 855 1572 qnto
878 1493 1052 1555 universim
1076 1489 1174 1551 tradit
1197 1487 1241 1550 0-

142 1597 256 1676 rigeoes
268 1595 308 1657 de
329 1611 499 1661 saorororn
516 1591 688 1657 Librorum
709 1610 817 1655 senso.
835 1591 1050 1655 Nthttomtnos
1069 1608 1144 1656 eum
1166 1589 1239 1670 pln-

139 1715 182 1758 res
197 1717 215 1759 o
228 1697 341 1778 priscis
356 1695 404 1758 oti
423 1714 466 1758 en
481 1694 715 1758 recentioribus
728 1691 961 1772 scriptoribus,
985 1691 1072 1755 iilius
1094 1691 1241 1755 immodi-

140 1817 205 1861 enns
219 1799 397 1876 allegorias
408 1813 504 1860 nsntn
519 1795 729 1876 exprobrent,
742 1796 848 1874 ipsnrn
865 1792 1039 1874 aliqnando
1050 1798 1239 1866 assorsntut.

139 1918 256 1964 norom
271 1899 447 1962 littoralem
463 1897 730 1978 pessumdedisse,
745 1913 866 1977 operae
883 1897 1023 1976 pretium
1038 1902 1132 1974 poto,
1144 1911 1242 1973 quas·

139 1999 203 2060 hin
222 2017 338 2062 eornm
359 1998 628 2078 exprobrationes
647 1998 842 2076 expendere.

206 2097 345 2163 Garoias
367 2098 510 2162 Deisrne
523 2101 555 2161 in
572 2095 776 2161 Praefatione
797 2095 890 2160 'fonti
907 2095 946 2160 ΙΙ.
969 2094 1138 2181 synopsim
1152 2112 1239 2160 oom-

139 2202 215 2279 pepit
226 2201 370 2264 methodi
383 2200 648 2281 origenianam
663 2197 910 2279 Soriptnrarnnt
927 2197 1238 2279 interpretationem,

139 2300 188 2364 ahi
208 2302 380 2382 praecipue
400 2303 434 2363 in
462 2299 612 2364 onmdent
634 2300 821 2376 invehitur,
843 2298 931 2379 qnod
957 2298 1046 2376 ipse,
1068 2285 1240 2378 'reportato

138 2397 262 2461 tittersii
281 2417 391 2477 sensu,
413 2399 453 2460 ad
475 2399 665 2478 allegoriam
692 2415 808 2477 magno
828 2397 937 2461 studio
959 2396 1188 2477 transferetur,
1210 2409 1242 2462 nt

138 2500 212 2562 inter
225 2511 333 2564 cetera
354 2503 460 2577 ipsam
475 2501 695 2580 reprehendit,
716 2499 805 2580 qnod
827 2499 900 2562 ideo
917 2496 1058 2562 Homiiia
1078 2497 1133 2562 Xl.
1152 2518 1183 2561 n.
1206 2498 1239 2566 2.

138 2599 168 2660 in
191 2598 351 2673 liemon,
372 2607 405 2663 ei
426 2598 567 2664 Romilia
589 2598 660 2663 Vii.
687 2619 718 2662 o.
741 2597 770 2663 5.
793 2598 829 2660 in
849 2595 1022 2662 daviticam
1041 2600 1137 2680 Juxta
1160 2600 1242 2667 hene

140 2702 319 2766 methodum
333 2703 456 2765 doonitz
470 2723 486 2762 s
500 2699 568 2766 Neo
589 2703 695 2765 minus
707 2709 832 2782 aperte,
850 2703 952 2780 inquit
977 2699 1131 2778 Deiarne,
1144 2718 1241 2780 quana

140 2801 176 2863 ihi
196 2821 233 2866 ea
253 2803 294 2865 de
315 2820 351 2865 re
372 2812 511 2866 mentem
532 2802 676 2865 declarat
697 2803 745 2864 his
770 2803 894 2866 rerhis:
910 2799 937 2864 si
957 2800 1100 2882 puisest,
1120 2801 1179 2882 qui
1200 2803 1242 2864 ts·

138 2901 349 2984 pentssoptem
361 2915 537 2968 murmuret
549 2905 701 2967 diosus
714 2923 797 2975 eum,
812 2914 839 2967 et
852 2903 1017 2983 displiceat
1031 2903 1061 2966 ei
1074 2902 1149 2978 iso,
1162 2922 1243 2984 puae

139 3006 298 3066 amomum
322 3004 461 3069 litteram
479 3005 602 3085 scripta
628 3016 672 3068 ssi
684 3050 697 3081 ,
717 3007 804 3086 quod
830 3006 866 3068 in
887 3005 997 3069 muttit
1026 3000 1089 3070 nori
1117 3005 1242 3068 videtur

138 3123 249 3170 temore
274 3105 554 3188 consequentiam,
572 3109 707 3170 ostendit
728 3108 770 3172 eis
792 3106 912 3185 Moyses
931 3116 1077 3186 petram,
1098 3125 1178 3186 puae
1198 3115 1243 3171 est

142 3202 287 3280 &ristun
303 3217 332 3271 et
350 3206 482 3272 adducit
500 3226 570 3272 eum
589 3210 633 3271 ad
653 3208 771 3288 ipsam,
786 3220 820 3270 at
835 3207 908 3270 inda
928 3208 1011 3271 diist
1024 3217 1052 3270 et
1069 3207 1189 3286 reficiat
1200 3207 1243 3271 si·

139 3306 190 3368 tim
207 3328 308 3372 ruam.
344 3307 464 3372 Verntn
486 3326 562 3374 eoos
581 3327 624 3372 ex
653 3308 792 3372 ttomttts
819 3307 889 3370 vti.
911 3307 946 3370 in
975 3306 1143 3372 devitiarum
1163 3310 1243 3372 nite·

142 3424 207 3470 rntn
226 3409 337 3472 ionum
357 3409 453 3490 longo
473 3409 605 3489 majoris
626 3409 792 3471 andaciae.
824 3406 861 3470 Si
881 3408 1102 3483 assideamus,
1123 3410 1240 3489 inqnit,

140 3506 263 3584 titteras,
283 3521 312 3572 et
333 3511 504 3573 semndum
524 3508 582 3571 tos
601 3509 650 3571 oei
669 3511 753 3589 quod
768 3508 912 3589 judaeis,
932 3510 979 3572 oei
998 3507 1032 3572 id
1046 3510 1129 3590 qaod
1148 3509 1263 3590 vaips,

139 3607 264 3686 ridetur,
284 3607 478 3691 accipiamur
498 3630 577 3691 puae
597 3607 632 3672 in
653 3608 731 3690 depe
749 3611 871 3688 scripto
889 3618 978 3681 sant,
1000 3609 1143 3672 eradendo
1163 3609 1245 3672 diae·

141 3725 169 3770 re
185 3721 212 3773 et
230 3710 373 3794 confiteri
392 3709 471 3790 puio
489 3711 567 3774 taire
588 3712 668 3796 depes
687 3710 805 3774 dederit
827 3708 918 3773 Dias.
953 3707 1141 3774 Videbuntut·
1160 3709 1244 3774 enim

141 3808 232 3888 napis
250 3812 403 3892 alapantes
416 3817 445 3872 ei
464 3809 668 3874 rationabiles
681 3809 844 3874 hominnm
865 3811 959 3890 depet,
971 3810 1056 3873 nerii
1072 3808 1182 3889 pratia
1194 3812 1243 3872 uei

140 3926 350 3982 romanarum,
369 3910 417 3970 oei
436 3908 682 3984 atheniensium,
702 3911 750 3972 oei
769 3909 1082 3973 lacedaemoniorum.
1106 3929 1123 3968 s

212 4009 328 4086 Quoad
359 4012 499 4088 primurn
522 4012 740 4074 testimoninm
763 4012 939 4075 notandum
961 4019 1020 4086 est,
1044 4007 1243 4076 Christianos

142 4107 256 4188 sttoqnt
276 4109 464 4189 Origenem,
487 4110 594 4174 vertiti
616 4112 763 4192 dpostoii
786 4113 955 4174 instantem
978 4113 1009 4173 in
1039 4108 1181 4192 Epistola
1202 4109 1243 4172 ad

140 4204 295 4274 Hebraeos
316 4229 347 4275 o.
371 4209 443 4274 Vii.
465 4212 522 4274 nhi
542 4212 588 4275 ait
607 4212 646 4274 de
668 4209 753 4293 Lege
775 4213 900 4296 Moysi:
921 4211 1098 4291 reprobatio
1117 4209 1243 4291 quidem

140 4309 171 4383 iit
184 4312 394 4388 praecedentis
414 4312 572 4388 mandati,
587 4323 718 4395 propter
738 4314 952 4394 infirmitatem
965 4315 1045 4395 ejus,
1065 4323 1094 4377 et
1116 4313 1244 4377 taorttt-
1285 4301 1287 4306 ¹

140 4417 235 4472 tatem
252 4410 335 4476 nihii
354 4414 439 4476 enim
456 4417 500 4478 ad
517 4415 687 4494 perfeetum
705 4414 835 4479 adducit
857 4413 935 4481 tros
956 4411 1150 4478 introductio
1170 4431 1242 4476 nera

140 4511 267 4576 melioris
286 4514 375 4596 spei,
392 4533 566 4594 perquam
585 4514 999 4594 proximantium
1032 4517 1151 4595 qnippe
1165 4513 1241 4594 finis

256 4613 317 4677 iot.
342 4614 387 4677 ΙΙ.
1083 4613 1122 4679 24
