3375 5567
443 817 525 881 scito
545 814 634 897 quod
655 816 681 880 sl
704 832 851 897 eousque
873 812 1037 896 peccando
1059 811 1250 896 profeceris,
1266 812 1407 879 discedet
1422 832 1438 878 a
1456 823 1485 880 te
1505 830 1551 879 re·

441 918 495 981 lus
515 915 608 999 ejus.
623 964 630 977 .
645 964 653 980 .
669 965 676 980 .
694 916 766 981 lloc
780 926 828 980 cst
840 916 1000 991 terribile,
1019 918 1081 979 lroc
1103 926 1302 993 extremum,
1319 934 1392 980 cum
1406 918 1472 999 jam
1493 936 1550 980 nou

444 1022 644 1102 corripimur
660 1039 720 1101 pro
742 1022 893 1100 peccatis,
909 1037 983 1082 curn
998 1019 1065 1100 jam
1081 1038 1144 1080 nou
1160 1020 1357 1100 corrigimur
1372 1021 1551 1101 delinquen·

443 1130 500 1186 tes.
523 1120 615 1186 Tunc
642 1125 725 1185 enirn
749 1142 823 1185 cum
855 1122 1090 1185 excesserimus
1117 1122 1268 1201 peccandi
1293 1123 1446 1198 modum,
1473 1119 1553 1183 Dens

441 1223 550 1286 zelans
565 1234 691 1287 avertet
707 1242 724 1284 a
741 1224 832 1285 nobis
854 1224 961 1285 zelum
976 1230 1037 1283 etc.
1056 1242 1072 1278 a
1092 1220 1194 1285 Paulo
1211 1231 1281 1302 post
1297 1223 1336 1285 de
1352 1223 1481 1285 diabolo
1496 1222 1550 1292 ait,

438 1321 532 1386 illum
546 1320 715 1386 secessisse
726 1320 882 1403 peccandi
896 1323 1040 1395 modum
1056 1322 1195 1403 ideoque
1207 1342 1265 1385 nec
1281 1326 1494 1402 poenitentiae
1510 1323 1552 1383 lo·

440 1440 515 1486 cnm
537 1428 567 1487 ei
583 1425 654 1487 lore
670 1441 776 1504 neque
797 1442 883 1486 nuuc
899 1440 956 1484 nec
978 1424 1009 1485 in
1032 1422 1145 1486 laturo
1162 1424 1295 1503 seculo;
1310 1424 1404 1487 sicuti
1427 1423 1466 1485 de
1487 1440 1553 1503 pee-

440 1526 607 1587 catoribus
628 1525 735 1599 docet,
758 1526 818 1588 nisi
839 1527 870 1586 in
893 1524 954 1587 hac
977 1524 1039 1585 vita
1065 1525 1272 1604 resipuerint,
1296 1528 1326 1587 in
1348 1526 1456 1586 altero
1477 1540 1552 1585 aero

439 1625 565 1686 unllam
586 1636 794 1688 assecuturos
817 1643 834 1686 a
858 1622 926 1687 Deo
944 1623 1219 1699 misericordiam,
1241 1626 1296 1687 sed
1312 1624 1433 1687 diaboli
1454 1624 1552 1687 socios

443 1728 558 1802 laetos,
574 1746 648 1789 cum
665 1746 705 1790 eo
725 1729 937 1807 sempiternas
958 1726 1100 1788 luituros
1123 1744 1249 1805 poenas.
1267 1725 1362 1802 Quod
1378 1736 1411 1789 et
1425 1726 1461 1789 r'n
1485 1723 1554 1804 lipi-

440 1828 552 1891 erotem
566 1829 610 1890 ed
623 1826 782 1891 Romanos
804 1826 903 1890 Libro
925 1824 996 1888 vlt.
1014 1846 1044 1888 u.
1062 1825 1113 1891 12.
1137 1847 1314 1907 exponens:
1337 1846 1434 1909 neque
1454 1824 1553 1907 nnpclr'

439 1946 538 2009 neque
549 1925 763 2009 principatur.
779 1976 786 1991 .
805 1975 812 1988 .
824 1926 943 2013 peterit
964 1946 1023 1990 ons
1035 1946 1183 2009 separare
1196 1948 1217 1990 u
1230 1928 1384 1992 stentare
1394 1928 1468 2001 net,
1483 1930 1553 1990 item

440 2030 575 2092 scribite
599 2051 615 2087 n
633 2026 667 2091 ln
690 2040 844 2109 promptu
868 2037 928 2104 est,
945 2030 1018 2091 illos
1032 2031 1163 2110 angelos
1178 2031 1360 2111 intelligere
1376 2028 1551 2109 (Paulum),

439 2129 560 2209 quibus
582 2131 662 2210 ignis
684 2138 835 2193 aeternus
856 2129 1062 2195 aSalvatore
1083 2150 1157 2196 cum
1174 2132 1304 2195 diabolo
1325 2122 1448 2195 dicitur
1469 2146 1555 2212 prae·

439 2237 628 2312 paratus.»

520 2328 644 2395 Verum
666 2330 755 2412 quod
769 2332 909 2414 amplius
930 2351 991 2415 pro
1006 2334 1196 2415 quaestione
1219 2342 1328 2396 nostra
1346 2332 1435 2409 lacit,
1460 2351 1499 2396 ex
1519 2348 1554 2394 eo

439 2429 627 2509 deducitur,
649 2433 738 2513 qnod
760 2443 873 2496 contra
892 2433 1061 2498 Basilidem
1083 2438 1194 2516 arguit
1213 2434 1390 2515 Origenes,
1406 2432 1555 2515 apostoli·

438 2546 510 2594 cam
534 2536 724 2597 sententiam
748 2535 963 2616 investigans:
990 2553 1045 2616 epo
1065 2536 1205 2598 eiusdem
1234 2532 1303 2597 eine
1326 2536 1392 2615 ispe
1411 2534 1556 2615 aliqum

435 2630 486 2693 dn.
504 2629 624 2714 Aiebat
644 2632 861 2699 llaereticns:
882 2644 1050 2718 antequam
1066 2636 1103 2698 ie
1123 2634 1209 2699 istud
1229 2652 1343 2715 corpus
1356 2633 1510 2709 venirem,
1523 2633 1555 2695 in

435 2750 473 2792 ee
493 2728 592 2810 specie
612 2732 756 2815 corporis
778 2733 861 2810 vixi,
877 2756 956 2817 puae
969 2738 1025 2799 sud
1047 2739 1110 2817 lege
1131 2754 1195 2799 non
1216 2746 1301 2811 essct,
1321 2733 1454 2816 pecudis
1474 2731 1556 2798 scili-

436 2836 483 2891 cet
502 2840 532 2895 st
550 2831 632 2897 noir.
665 2832 709 2897 Et
731 2835 793 2898 lroe
812 2837 998 2899 statuebant
1020 2834 1174 2901 Basilides
1205 2836 1342 2917 ejusque
1363 2839 1498 2899 comites
1517 2834 1553 2897 ad

436 2931 553 3012 dogma
574 2932 810 2999 adstruendum
831 2934 1155 3027 μετενσωματώσεως,
1179 2938 1261 3001 idest
1280 2936 1367 3019 quod
1383 2939 1510 2999 animae
1524 2938 1553 2998 in

435 3031 499 3094 alia
521 3039 627 3113 atquc.
640 3035 703 3097 alia
724 3053 863 3116 corpora
882 3037 1160 3100 transiundantur.
1182 3038 1242 3103 Cui
1257 3039 1455 3119 respondens
1471 3038 1553 3100 Ada-

436 3135 576 3197 mantius
596 3137 662 3197 ait:
686 3156 702 3195 u
725 3133 848 3198 Verum
871 3134 1025 3200 Basilides
1047 3145 1079 3200 et
1105 3140 1190 3218 siqui
1212 3156 1286 3203 curn
1310 3141 1380 3218 ipso
1402 3140 1466 3202 lroc
1485 3156 1552 3201 sen·

439 3235 543 3311 tiunt,
560 3237 591 3297 in
606 3255 664 3299 sua
677 3238 842 3320 impietate
858 3240 1096 3319 relinquantur.
1109 3237 1177 3304 Nos
1191 3252 1300 3302 autem
1317 3240 1466 3322 Apostoli
1487 3258 1555 3303 seu·

435 3353 508 3397 surn
522 3338 701 3399 secuudum
717 3338 868 3418 pietatem
891 3339 1099 3403 ecclesiastici
1119 3339 1277 3420 dogmatis
1292 3341 1513 3403 advertamus.
1535 3356 1551 3396 a

437 3434 486 3497 Ac
502 3435 557 3498 ubi
572 3437 732 3514 quaedam
747 3440 844 3503 diluit
858 3441 897 3503 dc
912 3441 949 3503 iis
967 3442 1092 3503 verbis:
1106 3459 1161 3521 epo
1174 3440 1314 3503 vinciam
1327 3438 1395 3503 rinc
1412 3442 1478 3521 ispe
1495 3438 1553 3505 ati·

435 3536 576 3617 punem,
590 3546 702 3599 contra
714 3557 769 3602 cos
781 3540 889 3617 instat,
901 3544 957 3622 qui
970 3543 1041 3605 inde
1054 3540 1171 3622 Legem
1183 3540 1289 3625 Moysi
1301 3544 1554 3622 interpretaban-

382 3650 387 3658 ·
437 3647 511 3715 tur3
528 3654 567 3699 ae
587 3638 630 3700 ite
647 3641 853 3719 praeclarum
875 3642 915 3705 de
928 3646 1121 3706 aeternitate
1142 3660 1320 3724 poenarum
1341 3645 1482 3707 adstruit
1503 3660 1553 3705 rr·

434 3747 637 3817 gementum,
654 3743 741 3820 quod
759 3742 853 3806 valde
869 3745 1001 3807 roborat
1014 3744 1168 3809 ductoris
1183 3745 1214 3805 in
1230 3745 1291 3808 hoe
1306 3745 1457 3824 dogmate
1477 3762 1551 3809 enm

435 3836 579 3901 Ecclesia
595 3838 762 3904 Catholica
781 3862 982 3909 consensum.
999 3844 1118 3909 Scribit
1132 3846 1214 3906 enim
1227 3864 1236 3905 e
1249 3866 1265 3903 n
1277 3842 1338 3907 Sed
1354 3847 1484 3909 utillud
1503 3864 1554 3908 rc·

433 3938 492 4000 lim
514 3940 594 4018 (nisi
616 3938 690 4020 plus
707 3943 798 4024 lusto
819 3948 986 4009 curiosum
1011 3946 1160 4025 videtur)
1183 3946 1368 4026 inquirere,
1391 3964 1431 4009 ua
1454 3947 1551 4021 iurte,

434 4037 614 4103 emendum
635 4057 711 4118 eos,
738 4046 795 4123 qui
818 4043 1054 4129 MopsiLegem
1077 4046 1108 4108 in
1130 4046 1178 4109 his
1200 4046 1336 4127 intelligi
1358 4046 1475 4109 volunt
1496 4062 1554 4127 per

434 4136 509 4214 lruc,
531 4140 619 4219 quod
641 4141 730 4218 dicit,
742 4155 907 4223 mucetum
924 4154 1028 4208 autern
1049 4162 1114 4207 nen
1127 4143 1320 4225 imputatur,
1338 4164 1410 4209 cnm
1424 4148 1477 4209 tex
1491 4164 1554 4208 non

432 4237 488 4311 n't,
502 4240 675 4306 rideantur
689 4247 786 4307 etiam
799 4246 960 4323 diabolus,
976 4257 1009 4310 et
1022 4249 1126 4328 augeli
1141 4248 1212 4328 eins
1226 4248 1364 4324 absolvi,
1380 4250 1407 4311 si
1426 4250 1481 4311 ubi
1496 4249 1553 4310 lex

433 4354 497 4403 uon
517 4350 588 4416 eat,
611 4354 781 4424 peccatum
801 4364 866 4410 non
886 4355 1069 4429 reputatur.
1088 4346 1129 4411 Et
1149 4349 1314 4429 quomodo
1335 4360 1409 4413 aute
1432 4348 1550 4429 Legem

435 4438 542 4524 Mopsi
558 4446 610 4507 rel
630 4464 763 4527 serpens
776 4448 1007 4514 condemnatus
1027 4462 1091 4531 est3
1109 4453 1160 4515 rel
1178 4452 1296 4516 invidia
1318 4452 1438 4515 diaboli
1460 4466 1550 4513 mors

433 4542 580 4608 introivit
601 4547 632 4609 iu
652 4550 766 4612 orbern
801 4559 965 4615 terrerum
977 4550 995 4617 ἱ)
1024 4550 1198 4629 Quomodo
1218 4556 1314 4618 etiam
1336 4555 1424 4635 quod
1445 4548 1552 4615 ludas
