3375 5567
1174 696 1233 749 ιιι

173 828 227 887 ca,
251 826 339 901 quse
367 826 390 877 a
417 804 558 901 graecis
587 800 806 878 Pericrclton
833 798 887 879 lle
916 798 1111 901 Principiis
1139 801 1236 879 dicu

172 944 250 1017 som,
279 944 542 1030 persequentes
569 928 896 1006 confutabimus.s

257 1056 311 1131 lix
331 1059 388 1134 bis
412 1060 535 1158 itoqoo
563 1059 670 1134 dictis
693 1058 845 1157 quisque
875 1057 988 1145 videt,
1006 1058 1236 1139 Clementem

171 1185 399 1261 tantummodo
412 1186 515 1286 Opus
542 1186 747 1280 hujusmodi
775 1186 984 1284 promisisse
991 1208 1005 1275 3
1029 1212 1116 1265 num
1145 1214 1231 1267 vero

168 1314 335 1408 pmmissie
356 1316 516 1395 steterit,
534 1321 733 1411 ignoratur.
762 1309 950 1411 Quotquot
968 1314 1066 1389 enim
1096 1317 1232 1415 perlegi

169 1452 312 1515 veterum
331 1442 539 1517 testimonia
554 1442 649 1515 circe
677 1438 879 1515 Clementis
898 1439 1048 1538 scripta,
1067 1444 1143 1517 sive
1163 1444 1233 1518 cir·

167 1586 266 1651 caca,
282 1590 377 1665 quae
406 1568 525 1643 adbuc
550 1580 761 1667 supersunt,
794 1578 859 1642 aut
886 1566 931 1641 de
961 1568 1107 1655 ceteris,
1136 1594 1230 1667 quae

166 1691 338 1790 aliqnando
370 1697 553 1779 extitere,
585 1718 682 1770 nnnc
711 1693 934 1791 deperditis3
962 1718 1092 1781 nemo,
1126 1698 1232 1772 sicuti

165 1818 316 1916 detegere
342 1824 461 1919 potui,
484 1822 596 1898 libros
615 1820 833 1897 Periorclroa
862 1819 931 1897 sub
956 1823 1118 1913 ejusdem
1151 1820 1234 1899 Cle-

165 1947 281 2021 mentis
304 1950 450 2023 nomine
474 1950 578 2023 citet.
598 1946 843 2037 Quamobrem
872 1947 977 2022 valde
992 1946 1231 2023 dubitandum

165 2086 220 2156 cst,
237 2072 462 2153 Clementem
480 2075 697 2175 quibusdem
715 2074 760 2148 de
778 2076 899 2149 causis
920 2098 1006 2149 num
1031 2075 1127 2150 istud
1148 2099 1230 2174 per-

164 2195 273 2273 fecerit
290 2200 404 2300 Opus:
424 2218 488 2279 aut
505 2202 613 2279 aliter
626 2201 823 2277 tenendum
842 2201 929 2277 illud
958 2202 1104 2301 Origeni
1124 2226 1227 2279 cnm-

162 2328 349 2415 roendssse,
364 2352 521 2428 suesque
535 2330 655 2404 eidem
668 2330 997 2404 communicantem
1014 2344 1232 2429 conceptus,

161 2450 258 2527 relati
286 2454 463 2553 discipulo
495 2457 723 2554 magistrum.
762 2453 811 2531 Et
836 2453 885 2530 ob
922 2455 992 2531 boc
1018 2456 1230 2555 improban-

160 2575 231 2652 lnm
256 2596 317 2657 est
352 2582 448 2681 quod
475 2584 529 2658 ait
562 2581 755 2659 llnrccllus
787 2581 1001 2681 Ancyranus
1030 2582 1093 2683 (in
1121 2607 1230 2683 quem

160 2705 269 2781 siritu
297 2706 499 2807 Eusebius)
528 2708 727 2785 arbitratus
754 2709 949 2809 origenem
977 2709 1014 2785 in
1046 2710 1104 2785 bis
1131 2710 1233 2786 libris

159 2826 306 2909 Platonis
333 2836 466 2935 placite
489 2838 671 2911 imitatum
701 2858 796 2911 csse:
823 2859 906 2913 curn
934 2836 1056 2935 potius
1084 2851 1231 2913 secutus

157 2973 241 3034 esset
253 2961 483 3038 Clementem
502 2978 773 3037 antecessorem
792 2986 899 3037 suum
919 2963 964 3037 nd
984 2963 1129 3037 eosdem
1145 2988 1232 3039 con·

156 3080 313 3163 lutandos
340 3089 576 3189 philosophos
598 3116 616 3161 u
635 3087 732 3180 Qui,
760 3105 801 3164 ut
828 3090 882 3163 ait
913 3090 949 3164 in
981 3088 1228 3167 admonitione

154 3210 194 3282 nl
210 3210 352 3297 Gentes,
375 3238 397 3289 a
417 3213 550 3302 Persis,
575 3242 595 3289 a
620 3217 811 3298 Sarmatis,
834 3229 874 3289 et
894 3214 1006 3313 blagis
1024 3216 1229 3293 didicerunt

155 3316 370 3436 impietatem
390 3342 651 3419 venerabilium
671 3343 739 3415 sibi
750 3343 1008 3440 principiorum
1026 3343 1224 3441 principem
1326 3410 1328 3415 .

155 3468 305 3544 omnium
335 3469 567 3553 effectorem,
589 3484 629 3545 et
659 3471 820 3568 ipsorum
835 3471 1096 3567 principiorum
1119 3470 1227 3567 opill-

154 3612 236 3679 uem,
254 3596 467 3692 ignorantes
486 3597 616 3677 Deum
643 3598 704 3695 qui
733 3612 834 3670 caret
861 3595 1049 3692 principio.
1082 3620 1099 3664 s

247 3719 443 3798 Praeterea
478 3749 525 3799 ex
566 3725 704 3809 eisdem
738 3723 938 3797 Clementis
969 3720 1230 3798 obtestationi-

153 3839 230 3929 bus,
258 3870 393 3946 scopus
423 3873 566 3948 quoque
604 3850 771 3945 Origenis
807 3847 1165 3944 comprehenduntur
1191 3863 1230 3923 ct

155 3972 320 4048 moinus
335 3975 375 4050 in
393 3975 462 4050 boc
491 3973 708 4051 Perinrcbon
726 3976 845 4073 Opere
873 3973 1112 4071 auspicando:
1132 3976 1229 4071 quod

153 4110 241 4172 certo
269 4099 375 4175 valde
395 4102 543 4197 prodest
565 4103 818 4199 quaestionum
843 4099 1116 4195 intelligentiae,
1135 4121 1228 4198 quae

153 4218 181 4291 in
198 4223 253 4298 bis
272 4240 543 4323 pertractantur
565 4228 679 4301 libris.
705 4226 797 4301 Cum
821 4239 969 4309 autem,
992 4226 1044 4299 uti
1068 4248 1115 4299 ex
1135 4223 1227 4301 Pro·

154 4340 223 4441 logo
254 4354 573 4447 praenotavimus,
601 4354 654 4427 ait
691 4353 890 4451 Origenes,
919 4376 957 4425 se
989 4350 1119 4424 ibidem
1147 4350 1227 4424 illos

155 4474 329 4553 confutare
348 4480 522 4567 maxime,
540 4481 601 4580 qui
625 4483 694 4557 etsi
721 4482 756 4555 in
785 4480 971 4555 Christum
991 4500 1029 4551 sc
1053 4477 1227 4575 proliten-
