3375 5567
439 769 471 831 iu
495 767 619 832 vineam
642 766 821 836 renuebant
841 773 1010 849 exhibere,
1032 793 1106 838 cum
1129 765 1267 841 Domino
1290 779 1394 842 vineae
1415 791 1526 860 respon·

441 868 559 933 derint:
583 889 669 936 neme
690 890 748 937 noe
769 875 935 938 conduxit.
958 874 1060 938 Otiosi
1082 877 1211 957 quidem
1233 889 1325 943 extra
1351 885 1465 944 niueam
1483 885 1526 940 dr·

442 973 570 1052 gabant,
592 973 739 1038 laborem
771 982 876 1038 tamen
898 991 972 1042 nou,
992 978 1167 1041 abnuentes
1180 999 1190 1058 ;
1214 981 1350 1062 ideoque
1384 983 1528 1043 volontas·

441 1076 685 1156 operabantur,
707 1079 763 1158 qui
783 1096 819 1140 se
842 1087 994 1141 vocarent
1015 1081 1234 1145 attendentes:
1257 1101 1396 1164 quorum
1426 1085 1529 1164 patien-

443 1179 506 1240 tiae
516 1177 612 1240 labor
625 1179 806 1258 praemium
827 1198 961 1260 quoquc
975 1183 1116 1259 optabat.
1141 1180 1254 1263 quue
1270 1186 1379 1262 magis,
1392 1202 1460 1246 eum
1475 1191 1528 1243 tan·

441 1276 514 1340 dem
538 1281 642 1341 vocati
664 1280 842 1342 nullimode
865 1281 1023 1343 vocationi
1047 1283 1233 1362 restiteriut;
1256 1284 1310 1345 sed
1332 1284 1478 1345 alacriter
1496 1285 1531 1341 ri·

443 1399 534 1442 neam
556 1381 711 1446 adeuntes
732 1399 814 1461 opus
835 1385 976 1462 aggressi
998 1391 1073 1446 sunt
1103 1390 1134 1445 et
1155 1395 1428 1448 consummarunt.
1459 1382 1531 1460 Qua·

443 1489 579 1560 propter
599 1499 693 1561 parca
710 1483 841 1558 ceteris,
864 1484 920 1563 qui
944 1490 1008 1545 tota
1031 1484 1082 1545 die
1105 1494 1320 1563 portaverunt
1340 1504 1421 1547 onus
1440 1485 1494 1547 diei
1508 1493 1533 1544 et

443 1590 564 1660 aestus,
588 1584 768 1649 mercedem
789 1585 910 1648 laboris
932 1587 1089 1666 recepisse
1111 1587 1188 1648 dicit
1212 1586 1427 1667 Evangelista.

523 1682 647 1748 interca
669 1704 743 1749 cum
765 1687 811 1748 sic
833 1686 1016 1766 parabolica
1048 1688 1145 1749 rerba
1168 1688 1346 1767 explanare
1376 1689 1535 1750 intendere!

441 1784 622 1866 Origenes,
644 1787 743 1867 buius
762 1789 965 1867 oppositores
981 1789 1252 1867 interpretationis
1273 1797 1379 1868 rogat,
1403 1797 1438 1852 ut
1456 1789 1536 1850 aliter

442 1906 622 1954 sermonem
640 1887 766 1954 Domini
788 1889 962 1968 explicent,
978 1900 1009 1952 et
1025 1883 1066 1953 ita
1087 1891 1252 1970 inquiens,
1268 1892 1418 1954 subditzr
1433 1889 1505 1953 Nam
1517 1891 1536 1950 sl

360 2017 368 2026 ·
444 2007 507 2052 una
524 2008 599 2053 curn
614 2001 753 2069 corpore
768 1990 872 2051 anima
898 1999 965 2052 sata
982 1997 1041 2065 est,
1058 1991 1222 2071 quomodo
1242 2001 1306 2053 tota
1323 1992 1376 2054 die
1398 1995 1539 2054 steterunt

444 2088 557 2154 otiosi?
578 2089 637 2152 Vel
660 2098 747 2153 certe
768 2090 876 2152 dicant
888 2091 989 2166 uobis,
1007 2092 1083 2171 quid
1100 2094 1139 2154 sit
1163 2102 1249 2154 totus
1264 2093 1319 2154 ille
1335 2092 1416 2164 dies,
1436 2093 1540 2151 ranae·

442 2211 507 2272 que
529 2210 590 2272 pro
613 2193 710 2254 rariis
732 2193 820 2253 boris
842 2195 1069 2272 operariorum
1086 2195 1268 2256 vocationes
1283 2192 1360 2257 ete'?
1372 2215 1388 2250 n
1402 2192 1494 2269 Quasi
1507 2211 1539 2253 ex

443 2293 493 2370 bis
514 2294 674 2354 insisteret
696 2291 919 2364 Adamantius,
941 2297 966 2356 si
991 2314 1046 2357 ros
1067 2297 1175 2358 nolitis
1197 2281 1284 2369 huic,
1307 2315 1407 2376 quana
1429 2294 1540 2364 tradidi,

442 2396 701 2473 interpretationi
715 2396 756 2458 de
777 2396 887 2457 otiosis
903 2401 966 2458 tota
983 2395 1046 2471 die,
1064 2409 1203 2475 corpora
1218 2415 1333 2476 nempe
1356 2396 1475 2468 otiosis,
1490 2395 1542 2454 aui-

445 2515 496 2560 rua
514 2515 593 2560 vcro
613 2505 646 2559 et
661 2505 766 2560 mente
785 2497 932 2561 sollicitis
947 2506 978 2560 et
999 2499 1038 2559 ad
1054 2498 1199 2561 laborem
1223 2499 1382 2578 promptis
1404 2497 1526 2576 obsequi
1533 2515 1541 2571 ;

445 2596 610 2678 quomodo
634 2604 741 2660 ratum
763 2597 955 2671 habebitur,
976 2599 1116 2660 unimam
1138 2613 1213 2661 curu
1242 2616 1383 2678 corpore
1406 2592 1543 2660 conseri?

446 2696 495 2760 Ae
515 2699 541 2762 si
557 2698 691 2763 diceret:
715 2699 740 2760 si
755 2701 859 2760 aalma
881 2717 1005 2779 exque
1026 2700 1156 2778 corpori
1174 2700 1298 2770 unitur,
1323 2701 1468 2779 quotidie
1482 2715 1543 2777 ope·

445 2807 562 2876 ratur,
585 2818 624 2864 ae
643 2819 809 2881 nunquam
830 2803 966 2864 otiosum
987 2819 1021 2865 se
1044 2803 1146 2880 gerit,
1169 2815 1233 2881 qua
1257 2803 1385 2863 ratione
1406 2803 1501 2862 otiose
1518 2817 1545 2859 se

442 2902 573 2983 penitus
589 2903 774 2979 habuerint,
791 2911 856 2964 tota
880 2904 930 2965 die
945 2904 976 2963 in
999 2903 1072 2965 loro
1084 2901 1221 2966 stantes?
1236 2901 1469 2966 Verumtamen
1484 2919 1545 2963 cuo

444 3005 551 3067 anima
573 3024 614 3067 ex
636 3022 702 3084 quo
724 3005 854 3083 corpori
873 3004 1044 3084 iungitur,
1068 3022 1232 3083 uunquam
1255 3005 1357 3066 otiosa
1386 3005 1482 3077 viril,
1501 3003 1545 3064 sed

446 3114 616 3184 operatum
638 3123 779 3184 cumque
798 3107 923 3184 pariter
942 3115 1068 3168 constet
1086 3107 1227 3168 animam
1252 3109 1386 3184 corpori
1409 3109 1548 3168 consenti·

445 3207 531 3284 aari;
552 3223 629 3268 sane
650 3206 775 3270 admitti
796 3209 908 3287 nequit
929 3225 984 3269 eos
1005 3209 1036 3270 in
1062 3206 1133 3269 loro
1154 3215 1285 3280 stantes,
1315 3216 1468 3287 tanquam
1490 3223 1548 3267 rea·

444 3323 504 3386 pse
524 3309 644 3371 otiosos
673 3309 783 3370 baberi
795 3328 806 3386 ;
829 3309 1028 3387 quinimmo,
1052 3309 1180 3371 eosdem
1201 3325 1333 3388 quoque
1355 3309 1504 3386 operari,
1524 3311 1549 3364 et

445 3408 506 3471 uisi
528 3417 625 3484 actu,
649 3410 888 3472 meateaaltem
911 3419 943 3472 et
966 3409 1152 3483 voluntate,
1175 3409 1312 3472 sollicite
1335 3419 1548 3490 expectantes,

447 3511 504 3590 qui
524 3526 560 3572 se
581 3510 614 3572 io
637 3511 761 3573 vineam
786 3519 918 3584 recent,
943 3519 993 3585 ut,
1014 3529 1098 3591 quae
1119 3513 1151 3575 in
1171 3512 1278 3573 animo
1301 3510 1445 3586 babeat,
1468 3511 1549 3572 etiarn

445 3611 573 3674 actione
594 3611 771 3692 perliciaut.

530 3715 588 3776 Ast
608 3712 780 3776 difficultas
799 3719 940 3780 maxima
963 3735 1004 3778 ex
1026 3716 1235 3796 sequentibus
1255 3717 1417 3790 occurrit,
1440 3713 1491 3775 ubi
1515 3710 1552 3769 dl·

444 3814 554 3877 citur:
579 3811 680 3894 «Ego
710 3815 840 3893 quidem
863 3826 895 3878 et
916 3817 1013 3888 loca,
1034 3835 1118 3896 quae
1139 3825 1214 3879 sunt
1235 3811 1327 3879 eitra
1354 3817 1477 3876 vineam
1493 3829 1553 3892 per-

451 3915 594 3994 vestigo,
618 3916 648 3976 in
669 3916 788 3995 quibus
806 3918 951 3996 operarii
973 3918 1014 3979 ab
1033 3937 1086 3990 eo,
1109 3919 1165 3997 qui
1188 3917 1226 3978 ad
1244 3917 1470 3980 conducendos
1490 3912 1553 3972 illos

447 4017 541 4087 exiit,
562 4019 788 4095 reperiuntum
810 4025 842 4080 el
862 4026 974 4080 utrurn
995 4019 1089 4081 lucus
1110 4021 1290 4080 animarum
1313 4035 1398 4097 quae
1421 4037 1442 4082 π
1464 4011 1553 4080 danie

451 4114 517 4194 (rel
539 4117 646 4195 potius
664 4110 725 4200 ἔξω
737 4121 843 4196 extra)
866 4128 1123 4199 corpusculum,
1148 4120 1203 4181 ille
1222 4120 1379 4182 habeatur
1399 4119 1490 4178 locas
1506 4129 1555 4174 ea·

446 4225 499 4279 tra
524 4218 648 4278 vineam
671 4219 861 4298 perpendo;
884 4228 916 4281 et
936 4239 976 4280 aa
1000 4221 1088 4282 vinea
1112 4221 1301 4284 nonaullam
1326 4239 1376 4281 res
1398 4217 1494 4297 trojus
1516 4213 1554 4270 ri·

449 4326 514 4408 tae,
535 4318 590 4380 aed
613 4326 751 4398 atquae
772 4327 865 4382 extra
888 4338 1008 4401 corpus
1030 4332 1127 4392 suut»,
1150 4321 1306 4400 significet
1319 4339 1330 4400 ς
1354 4320 1407 4382 abi
1430 4323 1507 4398 puto
1524 4329 1553 4372 o·

444 4432 625 4500 passuum
648 4419 755 4483 lacere
776 4422 944 4499 operarios
967 4431 1026 4484 etc.
1052 4442 1067 4478 »
1088 4419 1169 4483 lllnc
1185 4437 1298 4483 resera
1321 4418 1495 4500 quidquam
1509 4429 1553 4472 ar·

450 4530 603 4599 qumanlo
625 4530 735 4584 uestro
753 4521 897 4584 alliciens
917 4524 1037 4596 oritur,
1060 4523 1136 4584 dum
1154 4521 1310 4602 Origenes
1330 4521 1500 4600 exquirere
1517 4513 1553 4572 tl·
