3375 5567
445 807 514 869 luna
536 826 610 871 cum
631 810 698 873 suis
720 810 794 875 liliis
814 821 847 875 ει
875 814 1067 878 animalibus
1089 815 1120 876 iu
1141 831 1217 877 arca
1239 822 1426 878 serratum:
1457 816 1551 878 eonsi-

448 907 525 969 dera
547 908 712 987 quomodo
733 919 805 988 post
825 911 987 975 diluvium
1008 932 1156 993 egressus
1176 915 1229 990 sit,
1251 922 1284 977 et
1305 915 1497 995 plantaverit
1512 916 1551 975 ri·

446 1025 552 1083 neam,
573 1010 814 1088 quodammodo
838 1014 970 1077 secundi
994 1032 1110 1079 rursus
1139 1015 1227 1078 orbis
1252 1023 1382 1079 creator
1410 1016 1551 1077 existens.

447 1106 534 1172 Talis
554 1118 604 1173 est
620 1110 752 1191 justns3
777 1113 856 1175 vidit
879 1114 1034 1177 muudum
1055 1123 1129 1177 ante
1150 1116 1324 1189 diluvium,
1343 1116 1404 1179 boc
1424 1124 1471 1177 εει
1486 1122 1552 1175 ante

445 1212 778 1275 consummationem:
803 1214 882 1276 vidit
904 1216 1060 1278 mundum
1088 1217 1118 1278 iu
1141 1215 1266 1278 diluvio
1288 1218 1319 1277 in
1350 1214 1551 1295 corruptione

447 1317 480 1372 et
500 1310 633 1373 interitu
666 1320 898 1391 peccatorum,
921 1332 1005 1394 quoe
1027 1318 1059 1377 in
1079 1316 1130 1379 die
1150 1326 1226 1380 suut
1247 1326 1404 1381 eventura
1423 1316 1550 1397 judieii:

449 1428 582 1474 rursum
598 1412 716 1475 ridebit
742 1414 897 1477 mnndum
921 1417 952 1476 in
981 1417 1220 1479 resurreetione
1247 1418 1391 1479 omnium
1416 1422 1553 1494 peceato·

450 1530 535 1575 rum.
547 1532 566 1570 a
578 1510 659 1576 ltem
673 1535 716 1578 ex
729 1516 861 1579 llauielo
873 1516 962 1591 dicit,
977 1518 1032 1596 qui
1052 1519 1112 1580 tria
1127 1524 1270 1597 tempora
1285 1518 1363 1581 vidit
1375 1524 1449 1579 aute
1463 1518 1554 1595 capti·

452 1615 595 1688 ritatem,
619 1618 650 1677 iu
671 1617 870 1696 captivitate,
887 1625 918 1680 et
941 1622 1242 1698 postcaptititatem
1264 1619 1354 1681 etsie
1375 1618 1415 1680 de
1429 1615 1492 1679 lob
1511 1616 1552 1677 lo

450 1715 581 1793 quitur3
603 1724 635 1778 et
656 1717 795 1797 denique
814 1719 997 1782 concludit:
1022 1740 1037 1778 a
1061 1717 1136 1781 'l'ria
1170 1720 1275 1781 rideat
1292 1719 1372 1800 justi
1403 1720 1553 1797 tempora,

451 1834 601 1893 praeseus
612 1820 764 1880 nimirum
781 1828 925 1901 tempus:
943 1822 1203 1883 commutationis
1220 1831 1361 1901 tempus,
1373 1818 1554 1900 quaedoju·

450 1917 618 1982 dicaturus
635 1931 685 1983 est
707 1919 813 2000 llens;
829 1931 861 1984 et
878 1923 1026 1985 iuturum
1049 1931 1175 2002 tempus
1197 1932 1268 2003 post
1290 1923 1553 1984 resurrectionem

452 2028 679 2094 mortuorum,
709 2021 790 2084 idest
814 2023 898 2085 ritae
933 2020 1081 2084 coelestis
1103 2022 1351 2102 perpetuitatem
1381 2022 1414 2083 in
1435 2020 1555 2085 Christo

451 2117 532 2183 Jesu
553 2140 581 2180 a.

533 2220 728 2303 Huiusmodi
751 2226 862 2303 positis
883 2224 922 2287 de
945 2224 1048 2286 tribus
1066 2232 1203 2287 naturae
1226 2224 1386 2286 humanae
1407 2220 1556 2291 statibus,

452 2339 635 2402 eorumque
648 2326 789 2404 inspecta
811 2324 1004 2398 diliereutin,
1017 2342 1116 2405 quam
1139 2343 1217 2404 prae
1231 2325 1337 2387 oculis
1350 2320 1496 2403 quotidie
1506 2320 1556 2381 ba·

454 2422 526 2484 buit
539 2420 710 2503 Origenes,
724 2425 789 2487 bne
802 2444 906 2505 nequo
920 2424 1127 2488 statuendum
1143 2432 1202 2499 est,
1219 2424 1451 2502 expiationem,
1467 2434 1556 2499 quam

450 2523 563 2585 docuit
583 2526 764 2587 necessario
792 2525 982 2588 humanitati
1005 2527 1176 2610 universae
1197 2523 1409 2597 inferendam,
1433 2538 1470 2583 ao
1492 2519 1553 2579 lou·

452 2622 534 2702 pieri
557 2623 609 2684 tel
629 2624 746 2687 minori
767 2624 942 2689 intervallo
964 2624 1155 2705 explendam
1178 2632 1250 2704 post
1273 2624 1411 2697 obitum,
1434 2619 1473 2683 ad
1498 2637 1557 2680 me·

452 2720 543 2786 diurn
556 2723 624 2786 sire
645 2725 684 2787 ad
698 2725 878 2789 secuudum
900 2734 1026 2805 tempus
1042 2727 1216 2805 pertinere,
1235 2725 1318 2787 etad
1342 2723 1422 2786 illud
1437 2736 1555 2800 reapse,

450 2822 540 2901 quod
561 2826 706 2888 mortiet
723 2826 848 2907 jndicio
863 2835 1028 2907 postremo
1048 2825 1230 2900 intercedit,
1249 2832 1283 2888 et
1303 2838 1506 2906 nequaqnam
1521 2817 1556 2881 ed

451 2922 701 3003 subsequentem
712 2924 836 3007 judicio
857 2934 1006 2990 aetatem.
1023 2926 1069 2988 ar
1091 2924 1259 2988 ideonibil
1274 2924 1347 2986 iude
1361 2918 1557 3003 arguendum

452 3033 513 3103 est,
536 3025 583 3088 uti
607 3026 707 3089 veiint
736 3028 934 3099 adversarii,
958 3024 1186 3089 adamantium
1209 3024 1383 3088 terminum
1408 3020 1556 3103 reprobo·

452 3144 526 3189 rum
549 3128 660 3206 poenis
679 3126 839 3191 definiisse
860 3127 892 3189 in
911 3146 970 3198 eo,
991 3126 1079 3207 qnod
1109 3127 1155 3188 ait
1174 3124 1215 3188 de
1231 3124 1455 3205 puliapeneriu
1477 3138 1559 3200 rege·

451 3230 631 3301 uenatione,
647 3244 706 3291 seu
720 3228 935 3308 apocatnrtori
956 3228 1204 3303 restauratione,
1223 3227 1318 3289 sicuti
1340 3225 1381 3289 de
1397 3223 1557 3287 lustratio·

453 3326 547 3390 uibus
561 3337 698 3390 naturae
712 3337 840 3391 nostrae
855 3337 1032 3408 corruptae
1047 3328 1244 3390 necessariis.
1264 3326 1346 3389 letae
1362 3342 1501 3405 namquo
1515 3323 1560 3384 ln·

450 3427 622 3490 strutiones
643 3444 702 3507 per
721 3428 843 3508 ignem,
863 3436 895 3491 et
916 3430 984 3509 ipse
1005 3428 1083 3489 dicit
1103 3445 1143 3490 eo
1165 3427 1389 3490 tautummodo
1419 3432 1557 3495 vertunt,

453 3535 490 3589 ut
510 3527 786 3607 incorruptionem
807 3538 839 3591 et
854 3528 1130 3591 immortalitatem
1153 3537 1289 3591 naturae
1306 3529 1337 3589 in
1355 3525 1481 3591 eldamo
1494 3542 1560 3605 pec·

453 3629 566 3690 eutrici
585 3645 625 3690 cc
646 3628 791 3707 perditae
812 3629 999 3705 conterant,
1029 3629 1177 3692 omuibus
1199 3628 1340 3691 malitiae
1377 3624 1561 3707 vestigium

454 3728 584 3791 bomine
603 3730 728 3804 deletis,
753 3738 789 3792 ut
810 3731 841 3791 in
863 3738 1032 3792 aeteruum
1056 3732 1154 3791 vivat.

533 3827 725 3909 etquidem
746 3848 822 3893 sanc
842 3830 993 3909 Origenia
1021 3832 1140 3910 scripta
1162 3831 1321 3902 ineamus,
1343 3839 1376 3893 et
1401 3826 1561 3909 speciatim

452 3930 624 3992 sententiaa
637 3929 885 4011 perscrutando,
898 3931 952 3991 ubi
964 3948 1015 4006 eo,
1025 3947 1125 4009 qnam
1135 3933 1233 3993 statui
1245 3930 1493 4002 distinctionem,
1505 3926 1562 3987 cir·

454 4045 492 4089 ea
514 4038 649 4093 naturae
671 4032 831 4093 humanae
845 4032 1061 4111 expiationem
1078 4038 1151 4091 ante
1163 4029 1276 4110 judicii
1299 4030 1462 4093 novissimi
1483 4026 1562 4087 diem

456 4130 675 4208 explendam,
696 4131 835 4212 patetlet.
860 4130 901 4194 lit
923 4134 1028 4211 primo
1053 4128 1208 4192 audiatur
1228 4132 1259 4191 iu
1282 4132 1331 4204 iis,
1347 4146 1432 4210 qnae
1452 4124 1563 4189 scribit

456 4240 567 4294 contra
601 4232 780 4295 baereticae
801 4234 841 4296 de
872 4249 1048 4313 corporum
1080 4233 1321 4293 resurrectione
1342 4250 1384 4293 er
1418 4224 1560 4307 Apostoli

456 4333 574 4395 rerbisr
597 4330 665 4393 ulio
686 4350 762 4396 curo
781 4332 958 4408 volueram,
981 4328 1049 4394 ulie
1060 4329 1216 4410 pierium.
1235 4378 1241 4392 .
1261 4376 1268 4391 .
1287 4330 1373 4393 .etin
1392 4328 1498 4410 utorio
1516 4342 1561 4386 ro·

454 4430 588 4506 lir,elr'u
600 4432 707 4512 pierio
722 4432 1068 4511 temereternere
1083 4432 1245 4494 stellarum
1257 4441 1313 4495 ete.
1328 4430 1399 4495 iude
1415 4428 1560 4510 probam,

457 4535 580 4598 cunctis
601 4532 640 4595 ad
661 4532 934 4597 resurrectionem
952 4531 1163 4607 venientibus,
1176 4531 1321 4613 cujusvis
1335 4540 1369 4594 et
1388 4528 1560 4610 proborum
