3375 5567
453 623 617 808 {fiontius
632 727 919 811 argumentationis
935 725 1041 794 ordini
1055 725 1284 805 adaequatum.
1300 721 1412 794 Adnue
1425 739 1544 802 nanque

456 829 561 908 graeci
581 837 688 893 textus
706 826 920 908 fragmentum
942 825 1174 908 superessent
1196 825 1306 892 eadem
1323 825 1416 890 verba
1437 823 1546 904 inpone

453 937 606 994 exerceat
627 936 842 1011 potentatum,
860 931 902 998 itn
919 929 1154 1010 explanantntr
1176 922 1252 1000 ’Eoi
1274 918 1310 995 δέ
1331 922 1388 996 οὐκ
1411 921 1491 996 darn
1505 920 1545 994 ὅτε

457 1024 681 1125 παντοκράτωρ
704 1025 761 1096 ins
785 1015 837 1113 ἦν,
862 1022 911 1103 ἀεὶ
936 1029 1024 1105 inat
1049 1025 1097 1100 tsi
1120 1031 1223 1102 ταῦτα
1243 1026 1279 1102 ii
1303 1021 1326 1098 ἃ
1345 1021 1547 1127 παντοκράτωρ

452 1131 531 1217 icti,
554 1132 615 1205 nni
638 1128 684 1201 ἀεὶ
708 1120 748 1216 ἦν
772 1129 819 1208 ὑπ’
842 1131 939 1206 ἀυτῶ
965 1131 1200 1235 npnsou'pota,
1221 1130 1358 1233 ἄρχοντι
1382 1130 1461 1227 ἀντῷ
1478 1133 1550 1232 χρώ-

455 1264 547 1332 μενα.
563 1239 656 1316 Quae
676 1241 715 1318 ad
733 1243 873 1309 litteram
892 1260 982 1310 versa
1008 1242 1194 1324 hujusmodi
1209 1251 1342 1306 sonant:
1367 1238 1415 1302 Ex
1435 1259 1495 1319 quo
1508 1257 1549 1298 ne·

458 1361 497 1406 ru
518 1351 672 1417 tineent,
699 1361 772 1408 eunt
794 1345 996 1422 omnipotens
1018 1361 1082 1409 non
1104 1343 1204 1407 tuerit
1226 1341 1358 1421 (Dens)
1379 1357 1497 1420 semper
1514 1339 1548 1416 tin

463 1446 543 1522 ipso)
565 1460 634 1504 esse
655 1451 785 1523 oportet
797 1461 848 1520 en,
872 1454 1008 1523 propter
1028 1463 1112 1524 quan
1135 1447 1416 1524 omnipotenso,
1437 1451 1466 1504 ei
1483 1458 1549 1501 aror-

462 1561 521 1622 per
542 1542 676 1605 inerunt
696 1543 736 1605 nb
756 1562 796 1607 eo
818 1562 982 1624 possesso,
1007 1547 1088 1608 idest
1110 1547 1141 1606 in
1161 1563 1220 1611 sua
1242 1551 1401 1624 potestate
1421 1551 1450 1603 et
1468 1541 1504 1600 ab
1520 1558 1549 1602 en

460 1644 606 1723 principe
626 1646 814 1710 exercitata.
837 1664 855 1702 o
880 1643 1014 1710 Perinde
1035 1665 1073 1709 ae
1093 1648 1119 1709 si
1141 1646 1284 1710 diceret:
1308 1644 1464 1724 Sapientia
1486 1639 1547 1712 ttei,

463 1742 604 1810 Verbum
620 1743 677 1815 net
691 1747 892 1826 omnipotens
913 1765 982 1811 esse
997 1747 1120 1826 nequit,
1137 1748 1195 1810 uisi
1212 1746 1309 1810 simut
1325 1745 1439 1808 habeat
1452 1753 1481 1805 et
1496 1759 1550 1822 pos

459 1846 577 1921 sitient,
599 1864 685 1926 qnae
704 1847 884 1917 neeesorto
905 1855 981 1915 suut
1003 1849 1051 1923 ei,
1075 1857 1112 1912 nt
1132 1857 1284 1916 exeroeat
1304 1845 1548 1924 omnipotentiam

458 1946 527 2009 siue
553 1953 777 2026 potentatnm3
803 1947 886 2016 idest
908 1949 966 2016 nisi
991 1949 1101 2014 eadem
1131 1949 1248 2012 hebeat
1273 1947 1430 2010 attributa
1455 1943 1548 2016 Filius,

459 2064 544 2127 qnae
565 2047 714 2111 habetet
735 2049 765 2110 in
787 2049 906 2128 quibus
929 2049 1030 2128 pollet
1054 2049 1160 2112 Pnter.

542 2145 582 2213 Et
595 2148 735 2229 amplius
749 2150 856 2228 siquis
878 2151 958 2215 nnec
973 2159 1133 2228 postrema
1154 2149 1249 2211 rerba
1263 2170 1271 2210 a
1289 2166 1407 2228 semper
1420 2165 1454 2208 en
1466 2141 1552 2206 onorio

460 2246 498 2312 nit
518 2245 587 2326 iptn
603 2266 745 2328 portento
764 2257 793 2310 at
806 2247 845 2316 nd
865 2249 934 2328 t'pan
954 2261 1105 2330 tunquam
1119 2247 1264 2330 principe
1277 2248 1461 2318 exereitntn,
1478 2262 1552 2306 aenn-

460 2359 529 2410 rate
545 2349 732 2428 perpendat,
749 2369 823 2416 enm
836 2351 876 2415 ad
894 2352 1036 2416 univerit
1063 2353 1228 2414 materians
1253 2351 1295 2411 sb
1316 2358 1446 2412 aeterno
1465 2345 1550 2410 eonii

463 2455 527 2510 tam
543 2451 601 2512 ista
618 2448 742 2519 reterre
766 2451 920 2525 notuerit,
941 2453 994 2514 six
1019 2452 1183 2532 explicare
1206 2451 1326 2529 poterit
1351 2449 1428 2531 quid
1447 2451 1484 2510 sit
1501 2463 1551 2504 na·

462 2545 546 2611 teria
562 2566 705 2627 petrem
723 2569 744 2610 n
766 2547 852 2626 Dsn,
874 2560 902 2613 et
922 2550 960 2614 ot
981 2551 1050 2631 t'psn
1074 2551 1220 2630 principe
1248 2548 1434 2613 exercitato.
1463 2545 1498 2610 Et
1518 2547 1551 2606 in·

460 2666 562 2728 super
582 2648 749 2728 explicatu
765 2649 938 2728 difficilius,
961 2653 1047 2731 quod
1070 2652 1168 2731 paoto
1189 2661 1263 2713 ante
1284 2652 1380 2726 dixit,
1397 2646 1549 2712 anundum

465 2747 536 2812 iore
554 2751 583 2815 si
613 2748 700 2814 [iens
722 2769 784 2816 nnn
807 2753 1004 2833 possideret,
1029 2771 1087 2814 nee
1108 2752 1241 2816 haberet
1263 2753 1365 2831 ipsnm
1388 2750 1549 2818 materiam,

463 2850 582 2930 qnippe
597 2851 724 2931 dignam
739 2849 797 2914 liei
820 2854 1030 2932 possessione,
1042 2853 1316 2932 quemadmodum
1339 2850 1500 2914 dicendum
1517 2863 1552 2906 er·

464 2959 525 3024 sut,
547 2960 677 3032 aceepta
699 2952 965 3018 adversariorum
984 2955 1258 3033 interpretatione.

544 3051 577 3116 Si
598 3062 708 3124 autern
729 3053 877 3131 origenis
910 3062 1046 3116 mentem
1069 3055 1100 3116 in
1129 3071 1165 3115 ea
1189 3053 1342 3132 pericope
1371 3053 1464 3114 atiter
1481 3065 1549 3111 eune

462 3152 735 3232 prehendentem
750 3154 872 3220 dixeris
887 3171 997 3218 omnes
1012 3154 1135 3217 divinoe
1152 3153 1368 3232 perfectiones
1383 3172 1399 3214 a
1415 3147 1550 3231 Sapientia

463 3249 521 3317 uei
534 3252 575 3314 ab
590 3262 722 3315 aeterno
744 3271 904 3332 possessas
920 3253 1030 3327 inisse,
1045 3255 1140 3332 eique
1162 3264 1321 3332 perpetuu
1344 3253 1505 3321 adstitisse,
1522 3262 1550 3306 tt

463 3372 592 3433 semper
611 3354 652 3418 sis
673 3373 712 3416 eo
725 3355 931 3430 exercitatos,
954 3365 986 3417 ot
1007 3355 1048 3416 ots
1071 3355 1132 3416 hoe
1153 3355 1293 3418 divinata
1316 3354 1501 3435 Sapientiam
1518 3347 1552 3408 ii·

464 3456 493 3520 ci
513 3452 647 3533 ptnrinm
678 3454 834 3534 sinenrptn
854 3453 1075 3534 omnipotentia
1099 3453 1174 3526 nei,
1209 3465 1285 3518 tuno
1306 3457 1402 3532 piane
1421 3449 1551 3516 sermonis

465 3556 546 3621 ordn
566 3556 734 3632 eonteseit;
756 3574 814 3618 nee
836 3557 908 3619 tude
929 3557 1069 3636 amptius
1092 3558 1258 3619 snaterinrn
1282 3553 1352 3618 Deo
1373 3563 1550 3620 ooaetsroan

463 3655 691 3734 auspicandum
716 3667 765 3719 est
783 3656 948 3722 admisisse
968 3654 1153 3735 Origenetn.
1181 3653 1268 3718 tineo
1290 3673 1392 3734 porro
1413 3653 1552 3716 ittuatrao·

469 3766 523 3818 tur
543 3758 583 3820 eb
604 3757 865 3822 antecedentibus
886 3775 916 3818 n.
940 3753 969 3822 9.
993 3757 1047 3820 uni
1072 3757 1198 3820 virtutis
1221 3754 1277 3818 Dei
1302 3774 1452 3835 snpere-
1478 3755 1549 3812 tecti

467 3858 679 3936 sapientium:
698 3878 713 3914 n
732 3855 938 3936 totottigeono
956 3868 1003 3920 est
1018 3874 1095 3936 erpo
1113 3857 1214 3920 virtus
1231 3853 1300 3930 Dei,
1317 3874 1383 3935 qna
1402 3858 1489 3934 viget,
1501 3863 1550 3928 qut

467 3962 572 4025 osrrnia
597 3959 730 4020 risibilia
753 3968 785 4021 et
805 3958 975 4022 intisibttin
1009 3957 1058 4020 vei
1081 3959 1237 4030 institnit,
1264 3957 1313 4020 tei
1335 3959 1491 4024 eontinet,
1513 3947 1549 4008 sot

466 4061 624 4139 gubernat
632 4077 644 4134 3
665 4077 750 4136 quae
770 4057 811 4120 ad
832 4059 938 4120 omnia
959 4057 1120 4122 suffioiens
1140 4067 1211 4129 est,
1241 4074 1386 4135 quornm
1409 4051 1552 4136 providen-

469 4164 543 4227 tiam
565 4162 660 4236 tinnit,
675 4160 793 4237 quihus
817 4160 906 4222 solut
929 4161 997 4236 nni,
1019 4161 1060 4222 ita
1083 4162 1231 4223 omnibns
1252 4159 1354 4222 adut.
1376 4177 1392 4216 n
1414 4155 1452 4220 tn
1472 4147 1550 4234 penio

467 4272 537 4342 post
550 4261 637 4324 addit
646 4279 677 4322 n.
690 4258 741 4326 ttt
756 4284 771 4320 e
786 4260 847 4325 Per
855 4263 1047 4342 Sapientiam
1057 4263 1152 4338 euim,
1165 4269 1307 4340 quaeest
1317 4259 1470 4330 Christus,
1483 4257 1548 4314 tenot

469 4362 556 4426 Deus
576 4364 721 4427 omnium
742 4373 955 4442 potentatum,
979 4382 1041 4428 oon
1060 4363 1168 4428 sotum
1190 4363 1381 4426 dominantis
1399 4356 1547 4422 auetorita-

466 4473 509 4531 to,
534 4477 646 4531 serunt
667 4461 762 4533 etinsn
783 4461 1007 4542 subjectorum
1026 4469 1202 4539 spontaneo
1224 4460 1385 4522 tumulate
1396 4499 1478 4516 .....
1492 4449 1545 4514 iton
