3375 5567
405 640 450 711 90

853 741 1081 817 ΕΑΡΙΙΤ.,,Χ1.

319 948 328 963 ‘
418 943 460 1008 in
474 945 553 1008 idem
568 955 786 1026 argumentum
800 946 837 1009 de
850 946 1036 1011 neurattate
1047 962 1219 1027 poenomnt
1235 942 1336 1009 instet
1352 938 1512 1027 Origenes.

409 1184 508 1336 Quo
521 1249 619 1328 magis
633 1267 723 1313 arma
740 1250 831 1313 nobis
852 1249 1101 1330 suppeditantur
1116 1268 1176 1330 pro
1198 1248 1345 1331 Origenis
1366 1248 1521 1313 orthodo-

411 1353 463 1413 xia
478 1353 510 1411 in
527 1352 650 1429 incepta
667 1353 877 1430 quaestione3
894 1368 933 1413 eo
947 1352 1048 1430 magis
1063 1350 1266 1415 imminuitur
1279 1352 1521 1415 adversantium

411 1455 527 1513 virtus.
553 1449 695 1532 ideoque
710 1463 890 1531 pergentes,
916 1454 1097 1516 invenimus
1112 1452 1289 1517 ductorem
1305 1452 1522 1531 disputantem

407 1552 504 1633 juxta
532 1553 670 1631 priscam
694 1552 963 1632 philosophorum
991 1556 1247 1617 controversiam
1272 1554 1311 1617 da
1340 1556 1522 1617 animarum

410 1653 700 1732 transmigratione.
726 1652 808 1717 Cum
830 1655 914 1715 enim
936 1654 968 1715 in
995 1655 1083 1717 hunc
1103 1672 1250 1719 errorem
1278 1655 1404 1735 lapsum
1426 1656 1525 1718 inisse

409 1753 583 1833 Origenern
606 1765 731 1818 veteres
752 1756 902 1819 nonnulli
922 1754 1097 1835 scriptores
1119 1758 1374 1831 autumaverint,
1390 1776 1418 1819 s.
1438 1755 1527 1818 Pani·

410 1856 519 1936 pinitus
531 1865 658 1941 martyr
671 1857 703 1918 in
715 1855 859 1938 ejusdem
874 1856 1046 1936 Apologia,
1063 1857 1160 1919 esuis
1174 1855 1302 1936 scriptis
1314 1856 1408 1936 plura
1424 1854 1527 1917 deleri

409 1967 614 2036 argumenta,
630 1959 749 2037 quibus
765 1957 944 2021 nullimode
960 1975 999 2020 ac
1020 1974 1186 2037 nunquam
1202 1957 1376 2038 origenem
1399 1959 1431 2018 in
1448 1957 1526 2017 itanc

411 2058 451 2121 de
467 2056 721 2122 Metensosnotosi
735 2060 909 2121 decessisse
923 2060 1112 2123 seutentiam
1127 2058 1297 2138 probatur.
1314 2055 1438 2119 Verum
1453 2074 1525 2129 cnm
1559 2088 1565 2097 ·

410 2159 597 2241 ltnjnsmodi
618 2160 768 2239 quaestio
790 2176 936 2238 maguam
958 2159 1078 2221 habeat
1097 2157 1282 2221 affinitatem
1304 2158 1412 2233 alteri,
1428 2174 1525 2237 quam

410 2262 551 2339 agimus,
572 2261 613 2321 de
633 2260 824 2321 aeternitate
846 2277 1024 2343 poenarum
1054 2260 1085 2322 in
1108 2260 1228 2321 mundo
1252 2258 1387 2333 lutnrc,
1411 2256 1525 2323 sedulo

411 2361 643 2440 disquiramus,
657 2378 743 2440 quae
759 2360 800 2421 ibi
816 2359 932 2424 doceat
945 2360 1157 2423 Adamantius
1172 2358 1329 2423 adsersus
1344 2378 1413 2435 eos,
1431 2359 1524 2422 talem

413 2463 512 2526 tuitos
534 2463 715 2525 animarum
733 2462 1046 2541 transmigrationem
1069 2462 1101 2523 in
1115 2460 1219 2525 aliena
1241 2478 1393 2539 corpora,
1411 2459 1526 2525 Christi

413 2563 511 2627 rerba
534 2564 785 2642 interpretatus:
805 2560 895 2625 Elios
907 2561 976 2644 jum
997 2562 1093 2627 cessit:
1111 2582 1127 2621 a
1142 2560 1185 2625 Et
1198 2559 1285 2642 quod
1307 2558 1525 2635 aScrsatore,

411 2667 538 2746 inquit,
562 2664 675 2727 deinde
695 2662 822 2727 dictum
842 2672 913 2739 cst,
937 2665 977 2725 ad
998 2662 1155 2728 ioannem
1188 2660 1366 2742 Baptistam
1390 2663 1527 2753 relatum

411 2786 482 2831 esse
510 2768 764 2832 intellexerunt.
781 2813 788 2827 .
803 2812 832 2827 ..
857 2764 891 2829 ln
914 2767 962 2830 liis
993 2766 1124 2847 quidem
1147 2785 1206 2847 per
1235 2766 1341 2830 Elium
1363 2784 1426 2829 nou
1452 2763 1527 2827 milri

412 2871 543 2932 videtur
557 2871 660 2930 aniana
683 2868 869 2949 significari,
886 2886 924 2930 ne
948 2868 1032 2930 torte
1047 2870 1079 2930 in
1094 2868 1231 2930 alienam
1247 2868 1287 2929 ab
1311 2865 1455 2929 Ecclesia
1472 2862 1528 2927 Dei

410 2973 453 3034 de
467 2972 692 3049 migrationes
707 2987 847 3050 corpore
867 2970 899 3030 in
913 2987 1032 3048 corpus
1047 2970 1248 3044 sententiam,
1268 2987 1373 3048 neque
1387 2968 1429 3029 ab
1446 2966 1528 3046 dpo·

411 3074 503 3136 stolis
520 3071 681 3145 traditam,
698 3090 803 3151 neque
819 3072 942 3150 uspiam
956 3072 987 3132 in
1003 3070 1179 3151 Scriptnris
1194 3070 1367 3150 prolatam,
1378 3068 1526 3132 incidam.

413 3172 499 3237 Huic
527 3174 611 3235 enim
632 3174 828 3234 adversatur
850 3172 936 3252 quod
965 3172 1218 3252 scriptumest,
1241 3171 1363 3233 caduca
1385 3186 1422 3232 ea
1446 3186 1528 3239 esse,

412 3293 497 3355 quac
521 3276 688 3346 sidentur,
711 3282 743 3336 et
773 3283 1031 3336 consummatum
1066 3274 1105 3334 iri
1136 3274 1284 3347 seculum
1317 3274 1398 3351 hnc;
1420 3270 1476 3333 sed
1499 3275 1530 3329 et

413 3376 495 3437 illud
512 3375 651 3454 impleri:
669 3372 791 3438 coetum
805 3385 832 3435 et
847 3384 932 3436 terra
949 3371 1143 3436 transitum:
1158 3372 1306 3453 praeterit
1315 3374 1421 3454 figure
1436 3372 1529 3453 itatius

415 3475 549 3545 mund&
564 3474 642 3538 coeti
650 3473 809 3557 peribunt,
825 3494 900 3537 cum
916 3475 952 3537 iis
968 3494 1053 3555 quae
1071 3484 1264 3556 sequuntur.
1278 3474 1317 3539 Et
1333 3475 1431 3557 paulo
1448 3480 1527 3553 post:

416 3576 535 3653 Quod,
558 3578 643 3658 siqui
667 3578 835 3639 transitum
853 3577 1038 3641 animarum
1061 3576 1196 3638 lunaria
1219 3594 1358 3656 corpora
1377 3577 1530 3638 invehunt

414 3679 547 3751 ethnici,
565 3687 679 3759 utpote
698 3686 909 3739 consentanea
927 3678 1092 3739 doctrinae
1116 3677 1192 3739 ltuic
1210 3678 1426 3751 adstruentes,
1443 3692 1530 3737 mun·

420 3780 453 3842 di
470 3782 636 3843 interitum
652 3780 833 3842 necessario
848 3798 911 3841 non
932 3780 1119 3854 admittunt,
1134 3788 1280 3859 superest
1297 3787 1345 3851 ut,
1363 3785 1529 3859 postquam

418 3882 596 3961 Scripturis
618 3882 728 3942 mundi
751 3899 903 3944 occasum
926 3881 1144 3943 asserentibus
1165 3880 1272 3960 palam
1294 3879 1448 3959 refragati
1466 3878 1532 3941 iuc-

419 3984 495 4057 rint,
520 3981 570 4044 sel
595 3981 690 4043 tidem
711 3984 749 4044 iis
772 3999 834 4043 non
859 3982 1010 4057 habeant,
1035 3983 1085 4043 sol
1103 3981 1199 4044 verba
1222 3985 1399 4061 reperiant,
1416 3980 1531 4061 quibus

418 4096 470 4159 ca,
492 4100 577 4163 quae
597 4080 637 4143 ad
667 4083 978 4145 consummationem
999 4083 1180 4164 pertinent,
1203 4083 1370 4163 explicare
1390 4083 1529 4164 possint:

417 4187 505 4267 quod
529 4183 637 4245 lacere
658 4184 848 4263 neutiquam
870 4185 1022 4265 poterint,
1048 4185 1171 4246 etiamsi
1196 4184 1345 4247 velint.»

502 4283 536 4347 ln
561 4285 610 4347 lais
635 4302 727 4364 ergo,
749 4284 775 4347 si
801 4291 957 4349 accurate
976 4284 1125 4364 Origeuis
1154 4302 1283 4348 sensum
1310 4290 1530 4365 perscrutatus

422 4388 543 4461 tueris,
567 4395 637 4448 tuns
659 4386 689 4447 id
712 4386 889 4467 percipies,
911 4387 998 4466 qtsod
1021 4386 1225 4449 ethnicorum
1254 4404 1383 4451 errores
1406 4386 1445 4447 da
1469 4379 1532 4446 dit·

421 4484 622 4552 tensomntost'
634 4488 866 4567 mulctaverit,
888 4506 926 4551 ac
942 4504 1003 4551 una
1025 4488 1124 4551 simul
1140 4488 1293 4571 implicite
1313 4488 1441 4565 saltem,
1456 4485 1528 4563 dog·
