3375 5567
444 776 547 854 Patri‚
570 775 666 839 nteit
688 774 770 838 oeus
781 773 890 838 omnio
911 773 946 837 io
967 773 1122 839 omnibus.
1140 774 1182 840 Et
1204 773 1266 838 boe
1278 773 1463 838 adamussim
1482 779 1534 848 eet,

444 877 531 956 quod
546 877 624 940 dicit
644 877 675 940 in
690 877 793 941 citatis
818 875 924 940 verbis
939 873 1096 957 Origenes
1117 877 1156 939 de
1167 885 1305 958 paterno
1325 875 1436 958 pieria,
1450 894 1536 956 quam

442 972 685 1060 consequentur
705 979 812 1042 omnia
833 979 865 1042 iu
887 980 1165 1044 consummatione
1184 979 1287 1044 seculi
1310 996 1369 1060 per
1387 995 1538 1058 regenera-

443 1082 582 1158 tionem,
605 1100 678 1144 rem
697 1080 811 1144 sederit
836 1078 943 1144 Fertur
963 1078 1099 1144 bortrinis
1119 1079 1156 1144 r'o
1176 1081 1243 1144 sede
1270 1078 1439 1160 majestatie
1456 1097 1536 1142 mor:

444 1181 534 1245 «Ob
555 1199 626 1244 eam
647 1199 778 1246 causam
800 1198 935 1261 magnus
957 1191 1006 1245 est
1029 1182 1179 1246 Pontifex
1203 1180 1376 1260 (Christus)
1406 1180 1540 1262 queniam

444 1301 543 1365 reguo
559 1284 663 1347 Patris
679 1284 828 1347 restituet
844 1283 965 1360 omnia,
988 1284 1108 1348 iaciens
1123 1303 1159 1347 ea
1177 1283 1311 1365 repleri,
1329 1299 1414 1363 qoae
1434 1283 1462 1344 iu
1476 1299 1540 1344 ouo·

445 1405 579 1467 quoque
600 1386 787 1448 mortalium
810 1385 938 1461 desunt,
962 1394 999 1448 ut
1021 1388 1148 1466 capiant
1171 1391 1338 1464 paternam
1361 1382 1531 1462 gloriam.»

524 1486 571 1550 De
591 1489 734 1568 reliquo,
758 1487 925 1568 quomodo
946 1493 979 1548 et
999 1488 1031 1548 in
1052 1505 1119 1567 quo
1141 1485 1293 1549 consistat
1316 1486 1414 1565 buius
1434 1491 1544 1548 creatu·

445 1610 501 1654 roe
517 1590 706 1664 materiatis,
721 1589 831 1668 (quam
848 1590 945 1651 etiam
967 1589 1160 1652 rationalem
1180 1587 1286 1664 vocat)
1310 1587 1483 1668 redemptio
1496 1603 1543 1666 per

443 1691 609 1755 Christum
631 1687 808 1772 efficienda,
830 1696 864 1751 et
884 1688 1015 1767 quaudo
1045 1689 1111 1768 ipsa
1133 1687 1199 1763 iiet,
1222 1686 1426 1752 luculentius
1449 1687 1544 1765 expia·

443 1800 541 1854 uatur
562 1792 593 1852 in
615 1788 713 1852 Libro
736 1786 760 1851 l.
789 1806 818 1851 o.
842 1785 914 1850 vir.
945 1807 976 1850 u.
1006 1786 1037 1852 5.
1063 1787 1283 1876 Periarobeo,
1306 1789 1393 1852 nude
1415 1787 1543 1852 similiter

443 1891 530 1957 baud
548 1891 625 1973 jure
645 1891 758 1955 odensi
778 1898 855 1955 suut
869 1898 994 1954 veteres
1020 1899 1053 1954 et
1068 1891 1264 1956 recentiores
1285 1892 1487 1971 interpretes,
1499 1887 1545 1950 ni·

443 1994 618 2074 nusprobe
632 1993 780 2072 Oripeuis
794 2010 923 2056 sensum
946 1995 1153 2072 perscrutati.
1171 1990 1238 2058 Nos
1255 1998 1363 2056 tamen
1380 1992 1427 2055 bis
1442 1997 1474 2055 et
1486 1987 1544 2052 aliis

444 2095 508 2158 buo
529 2095 610 2159 iiiuc
630 2094 749 2175 sparsis
770 2092 811 2155 de
831 2094 892 2155 bae
915 2110 950 2156 re
975 2093 1176 2158 documentis
1195 2092 1294 2156 simui
1321 2092 1459 2168 collatis,
1487 2100 1542 2154 tun

442 2195 501 2257 sibi
522 2196 772 2268 consectarium,
792 2202 860 2257 tura
876 2211 934 2256 uec
954 2194 1094 2275 emplius
1109 2201 1272 2258 errantem
1296 2195 1474 2274 reperimus
1489 2190 1543 2254 iiu-

442 2306 578 2360 ctorem.
594 2293 638 2358 iit
654 2295 680 2358 si
691 2294 890 2358 obscuritate
905 2294 1046 2374 quodam
1062 2295 1182 2375 scripta
1197 2311 1256 2360 sua
1268 2294 1418 2359 involuta
1434 2291 1546 2372 reliquit

441 2394 639 2475 aliquando,
662 2394 739 2456 aiibi
761 2402 866 2458 umen
889 2394 1049 2474 patentius
1076 2396 1220 2459 illustrat
1239 2393 1337 2459 sicuti
1359 2397 1392 2458 in
1411 2391 1539 2475 ementi

441 2514 601 2559 sermone.
626 2495 802 2576 Postquam
831 2495 916 2558 euim
943 2495 1027 2558 coeii
1058 2502 1146 2558 astra
1167 2497 1310 2558 animata
1337 2483 1543 2576 uudeuprrit3

443 2614 483 2660 ao
513 2598 645 2678 insuper
672 2596 841 2660 animabus
874 2597 1040 2660 bominum
1067 2583 1235 2676 praestaie
1266 2595 1413 2660 siderum
1443 2595 1544 2658 ruina

381 2746 384 2751 Α
445 2697 690 2777 quodammodo
706 2693 845 2777 conjecit
865 2700 942 2777 (qua
961 2714 1039 2760 vero
1060 2713 1157 2760 eausa
1174 2696 1255 2760 baec
1276 2697 1376 2773 dicat,
1392 2697 1480 2769 latet,
1494 2693 1546 2756 ior·

447 2807 530 2862 tasse
551 2801 628 2878 quia
649 2798 850 2879 passionibus
875 2801 1041 2878 corporeis
1062 2797 1203 2861 obnoxia
1225 2800 1267 2862 sit
1296 2799 1435 2863 bominis
1455 2797 1542 2861 ruina

445 2897 524 2961 dum
545 2899 577 2960 in
598 2899 659 2960 bac
689 2898 754 2961 rita
776 2897 884 2977 degit)
907 2916 925 2960 e
945 2897 1123 2978 scripturis
1144 2897 1258 2962 deiude
1285 2899 1396 2976 bauo,
1416 2915 1477 2981 qua
1500 2915 1544 2978 po·

444 3002 572 3064 tiuntur
585 2999 742 3074 homiues,
759 2999 916 3061 rationem
932 3001 1034 3064 astris¹
1044 2997 1195 3073 vindicat,
1220 3001 1268 3063 uti
1284 3001 1544 3081 praenotavimus:

448 3099 588 3166 Voaitoti
607 3121 659 3166 ex.
683 3119 712 3180 g.
734 3107 884 3163 creature
903 3099 1042 3181 sabjecta
1063 3109 1107 3162 ert
1127 3118 1192 3163 aon
1214 3102 1322 3166 coiens
1343 3112 1401 3166 cte.
1423 3120 1492 3167 nora
1504 3117 1546 3162 er·

438 3200 575 3282 protetio
595 3210 759 3265 camarae
780 3199 998 3264 revelationem
1017 3200 1161 3281 fitiorum
1177 3199 1233 3264 Dei
1253 3213 1411 3283 expectet:
1434 3221 1493 3266 noa
1509 3218 1547 3263 rc·

444 3303 510 3366 tum
530 3312 634 3366 nutem
655 3321 725 3374 nor,
746 3303 799 3366 ard
818 3301 889 3381 ipro
910 3311 1059 3364 creatura
1078 3301 1278 3381 concessissit
1298 3312 1358 3368 etc.
1386 3302 1465 3368 Hinc
1486 3317 1545 3366 eoo·

444 3404 558 3469 ciudit.

524 3526 541 3565 r
563 3503 649 3570 Huic
669 3525 749 3587 erpo
773 3506 905 3569 vanitati
928 3513 1081 3570 ereatura
1103 3507 1248 3590 subiecta
1269 3516 1340 3586 est,
1365 3509 1421 3571 iiia
1441 3503 1544 3590 praeei-

444 3614 689 3686 pueoreatura,
713 3625 799 3688 quae
814 3610 929 3688 utique
951 3610 1129 3672 maximum
1145 3610 1176 3672 in
1198 3610 1260 3674 boc
1276 3611 1412 3686 mundo,
1433 3615 1546 3686 eterra

445 3708 539 3788 giam
552 3710 660 3789 operis
678 3709 729 3772 sui
746 3708 870 3772 obtinet
885 3709 1100 3789 principatum
1116 3709 1210 3788 (idest
1222 3711 1284 3787 soi,
1300 3711 1381 3775 luna
1396 3717 1429 3774 et
1441 3703 1545 3780 stellari

444 3809 577 3872 vanitati
598 3809 744 3888 subjecta
763 3809 898 3886 dicitur,
916 3810 1109 3890 corporibus
1131 3810 1244 3886 indita,
1260 3817 1362 3892 atque
1384 3812 1422 3875 ad
1444 3806 1545 3874 iiluui·

444 3907 540 3972 nandi
555 3906 860 3973 odiciumbumauo
873 3910 981 3990 generi
998 3909 1164 3989 deputata:
1187 3921 1216 3972 et
1233 3928 1299 3974 noo
1312 3913 1432 3988 aciem,
1446 3907 1544 3990 iuquit,

443 4018 592 4074 ereatura
612 4009 693 4072 boec·
705 4008 846 4073 uocitati
866 4009 1003 4091 subjecto
1019 4018 1075 4074 eet.
1098 4009 1172 4078 Non
1187 4011 1271 4075 euim
1292 4004 1545 4076 voiuntaiaerbi·

442 4109 589 4174 bendum
611 4109 752 4190 suscepit
774 4109 987 4174 ministerium
1012 4111 1160 4190 renitati;
1182 4110 1413 4191 sedquoniam
1436 4103 1544 4170 roiebd

442 4211 514 4287 ilie,
537 4213 594 4292 qui
614 4208 820 4292 subjiciebat,
844 4219 980 4291 propter
1008 4229 1096 4288 eum,
1119 4211 1175 4292 qui
1197 4212 1350 4294 subjecit,
1372 4209 1540 4293 promitter-

445 4319 511 4375 tem
532 4311 593 4388 bia,
613 4311 670 4391 qui
691 4326 755 4373 oon
778 4311 948 4376 voluntate
976 4312 1106 4375 rauitati
1128 4312 1374 4389 subdebantur,
1397 4306 1477 4392 quod
1496 4321 1542 4368 οι·

384 4428 391 4438 ·
444 4411 534 4492 pieto
554 4411 714 4492 magnifici
736 4412 843 4491 operis
866 4412 1043 4475 ministeriu
1065 4410 1294 4476 liberabuntur
1314 4413 1356 4476 ab
1376 4412 1433 4476 bae
1451 4401 1538 4471 uerri·

446 4519 517 4578 tute
537 4514 755 4594 corruptionis
769 4523 803 4578 et
822 4513 983 4591 venturis,
1007 4529 1082 4578 oum
1097 4512 1326 4596 redemptionis
1340 4511 1457 4595 giorim
1470 4503 1540 4569 iiiio-
