3375 5567
1207 740 1247 811 ⁵1
1306 731 1309 737 ,

162 837 239 901 reluti
266 838 293 899 in
313 838 475 901 actionum
506 837 664 916 pravitate
685 837 916 913 consortibus,
937 837 969 898 in
991 844 1187 917 perpetuum
1212 844 1247 898 et
1379 917 1382 924 .

161 938 256 1015 absque
275 938 331 1001 dne
352 955 470 1018 poenae
499 937 666 1001 subituros
688 938 919 1018 praedicarunt
939 944 973 1000 et
993 936 1135 1016 ampiina
1160 954 1244 1017 quo·

160 1038 298 1101 dammodo
312 1039 543 1117 explanavere,
559 1039 664 1118 siquid
681 1039 830 1115 dubium,
846 1037 898 1101 rel
913 1038 1092 1101 obscurum
1105 1037 1136 1099 in
1153 1056 1247 1118 prae·

160 1139 231 1199 ritate
250 1141 432 1217 quaestione
454 1139 603 1201 relictum
629 1147 722 1203 esset.
747 1139 873 1222 lieapoe
895 1139 989 1203 diana
1012 1138 1170 1215 Procius,
1188 1141 1247 1221 qni

161 1246 350 1317 posteaquam,
373 1240 547 1301 humanam
570 1248 720 1302 naturam
742 1240 774 1301 in
796 1239 967 1319 pristinum
987 1244 1124 1312 etatum,
1143 1256 1245 1319 quoa

159 1334 208 1399 beo
227 1340 342 1402 condita
376 1340 451 1415 iuit,
476 1341 690 1403 revocandam
713 1358 771 1420 per
803 1340 1089 1415 resurrectionem,
1111 1341 1246 1403 acideo

161 1446 234 1499 totam
247 1441 449 1504 humanitatis
472 1458 607 1505 massam
625 1441 760 1503 diversio
782 1440 965 1503 vitiositatis
990 1439 1247 1521 turpitudinibus

159 1539 297 1616 pottutam,
314 1559 374 1620 per
395 1542 612 1621 expiationem
629 1542 800 1605 reformari
816 1548 971 1620 oportere
984 1540 1245 1604 docuitrdeindc

158 1637 230 1703 ete.
242 1641 365 1714 ibidem,
384 1639 569 1705 Hieremiae
590 1644 686 1705 rerba
704 1645 937 1722 interpretatus
956 1640 1001 1714 ei,
1016 1641 1063 1702 oei
1083 1658 1161 1703 utrm
1174 1660 1249 1723 que·

159 1738 323 1801 ooduodoor
342 1742 465 1819 fipnim
486 1740 576 1821 ipae,
601 1760 665 1805 ocu
683 1753 792 1821 potere
819 1743 876 1805 doc
893 1744 997 1819 loom
1016 1739 1114 1817 vebia,
1136 1742 1251 1810 domuc

159 1834 253 1901 iooei?
272 1839 348 1902 Ecce
370 1844 475 1905 dutum
495 1843 590 1923 fipeii
608 1862 662 1905 voe
682 1841 755 1907 ertio
776 1842 811 1906 iu
836 1841 982 1907 menibus
1005 1840 1095 1917 meio,
1117 1843 1249 1923 adjicit:

161 1941 320 2005 rdttcndas
341 1948 442 2019 enim,
467 1948 512 2008 uti
535 1946 621 2020 dixi,
642 1947 807 2026 quomodo
830 1955 902 2025 post
924 1945 1061 2008 bominia
1080 1946 1252 2023 pracvari-

158 2042 293 2117 cationem,
316 2046 428 2123 ingens
450 2064 562 2109 manus
583 2064 665 2127 opus
687 2066 784 2110 annm
802 2053 955 2126 tanquam
975 2045 1198 2109 adulterinum
1216 2046 1249 2105 ira

158 2148 219 2201 bata
232 2146 423 2207 contumeiia
447 2146 632 2226 relinquere
648 2148 807 2222 uoluerit,
830 2166 906 2211 cum
926 2146 1007 2209 tttot
1030 2146 1175 2209 neiarina
1189 2146 1247 2207 bo·

158 2242 198 2303 etis
218 2264 254 2306 er
273 2248 392 2308 invidia
419 2247 581 2311 violasset.
602 2246 662 2311 Sed
687 2267 802 2311 rurane
826 2250 1023 2328 eiiqnatnm,
1040 2254 1073 2309 ct
1093 2247 1248 2309 intutum

158 2342 295 2407 aubertum
311 2348 405 2427 figuli
423 2366 513 2411 more
526 2349 689 2427 reiecerit3
707 2358 742 2411 nt
757 2368 793 2411 ca
808 2348 1051 2423 reformatione,
1066 2347 1248 2426 quodcum·

156 2462 202 2521 qne
219 2447 244 2506 io
261 2467 299 2509 eo
320 2449 491 2512 toeneium
514 2449 588 2525 init,
614 2467 653 2511 ac
674 2451 909 2513 contumeliose
937 2448 1170 2522 deformatum,
1193 2465 1249 2527 po·

158 2544 221 2606 nitus
239 2550 422 2613 tolleretur:
445 2568 484 2613 ac
506 2552 605 2631 ipsius
626 2550 791 2631 opiticiuna
815 2560 921 2615 totum
940 2549 1125 2631 jucundum
1140 2547 1249 2611 denuo

159 2662 185 2703 ac
201 2648 446 2725 reprehensionis
467 2668 584 2729 erpere
606 2652 770 2715 evaderet.
792 2649 845 2713 du
866 2668 932 2726 noro
960 2647 1049 2711 babet
1067 2655 1253 2728 potestatem

157 2744 245 2821 &dar
256 2747 315 2811 toti
327 2769 369 2811 ea:
390 2751 498 2812 eodem
511 2769 616 2814 morso
632 2751 805 2830 securene
819 2750 913 2813 uliud
925 2749 969 2812 od
982 2748 1147 2823 bonorem,
1159 2746 1255 2811 otior

157 2845 187 2903 od
201 2849 431 2913 contemeliam?

214 2945 328 3023 «Quod
348 2968 430 3013 sane
450 2958 500 3015 eet
519 2951 594 3029 (boe
614 2953 699 3016 enirn
712 2953 894 3033 significare
914 2951 993 3015 mibi
1016 2949 1147 3013 vitietur
1161 2947 1251 3028 Apo·

156 3043 242 3123 abins)
260 3051 406 3132 nunquid
429 3059 621 3132 potestatem
642 3072 705 3117 non
727 3054 824 3117 babet
845 3053 990 3117 Demea
1011 3051 1125 3116 eadem
1139 3049 1252 3156 cuiqn-

156 3160 202 3223 qna
213 3152 334 3215 materia
349 3153 557 3232 singulorum
573 3154 710 3218 iormam
727 3156 918 3219 reficieneet
935 3157 1130 3227 instaurans,
1147 3150 1250 3213 alium
1324 3189 1332 3207 ι

156 3245 184 3305 rd
200 3248 340 3315 bonorem
363 3261 515 3316 nostrum
528 3263 560 3317 et
579 3256 717 3333 gloriam
731 3250 968 3330 resuscitandi,
982 3254 1088 3317 atium
1101 3252 1140 3315 ad
1160 3251 1251 3331 ipae·

156 3348 255 3415 ninum
268 3360 297 3415 et
312 3355 578 3419 damnationem?
595 3357 644 3419 Ad
660 3357 868 3437 ignominiam
890 3356 1019 3436 quidem
1036 3354 1123 3429 iilos,
1138 3351 1196 3432 qni
1218 3352 1252 3413 in

157 3460 266 3529 uenatio
287 3464 433 3543 turpiter
455 3464 630 3543 aixernot5
651 3466 691 3529 ad
715 3465 874 3527 bonorem
902 3479 978 3525 arne
998 3461 1094 3535 alios,
1130 3458 1187 3539 qni
1219 3457 1252 3519 ia

102 3640 103 3643 Ἴ
154 3552 247 3630 jutitia
263 3564 359 3627 eitam
375 3564 548 3641 degerunt:
571 3566 845 3645 quemadmodum
861 3584 878 3625 a
896 3563 1029 3627 Daniele
1042 3580 1072 3626 a.
1088 3558 1163 3623 Xii.
1183 3575 1251 3621 roa·

102 3717 103 3735 ,
156 3658 309 3731 attestatum
331 3676 399 3731 eat:
420 3666 579 3745 Quoniam
601 3670 695 3735 motti
715 3668 941 3733 dormientium
961 3667 998 3731 iu
1017 3678 1121 3730 terroe
1141 3682 1253 3746 appare

102 3796 103 3803 ¹
155 3776 303 3847 intimat,
318 3767 354 3829 to·
368 3770 415 3832 od
427 3769 527 3833 eitum
546 3782 727 3846 aeternnm,
742 3782 771 3835 et
785 3772 820 3834 to·
839 3772 883 3834 od
898 3769 1053 3848 proteum
1073 3777 1102 3830 et
1121 3768 1251 3829 dedecor

102 3866 103 3879 ¹
155 3862 357 3939 accpiter-uum.
384 3868 438 3943 Et,
461 3870 520 3950 qui
539 3871 735 3952 incertiorem,
757 3870 1019 3953 suipeberataieut
1039 3869 1186 3947 splendor
1195 3868 1252 3946 pr·

102 4024 103 4041 ,
156 3966 282 4029 morab.
311 3967 347 4030 in
371 3969 464 4032 uobis
485 3972 568 4033 enim
593 3980 653 4046 eet,
675 3990 738 4035 non
762 3972 905 4034 redicem
927 3970 1143 4049 improbitatis
1163 3967 1252 4047 peni·

102 4052 103 4103 3
159 4064 195 4121 itta
210 4067 344 4131 eredere
356 4090 369 4147 3
386 4070 441 4131 sed
464 4077 502 4133 ut
523 4089 563 4133 ne
583 4073 723 4151 amptius
743 4072 833 4137 itiam
856 4085 1049 4133 excrescere
1069 4076 1102 4131 et
1122 4068 1251 4129 irnotna

159 4154 238 4225 iacere
255 4170 411 4231 ainamua.
435 4169 594 4234 Absoluta
617 4189 756 4251 namque
776 4172 867 4235 iilius
891 4170 1073 4233 vitiositatis
1093 4166 1250 4230 radicitus

158 4268 367 4352 indigatione
390 4278 561 4353 interitus,
584 4296 603 4342 a
623 4277 693 4341 Deo
716 4287 784 4341 tum
803 4296 899 4353 cum,
921 4278 1016 4341 sicuti
1038 4274 1242 4348 dictumest,

102 4390 103 4393 ’
158 4368 321 4445 doctarum
344 4383 449 4447 inerit
469 4402 605 4465 corpus,
626 4386 805 4466 perficitur.
830 4382 926 4461 Quod
956 4392 1065 4445 autem
1087 4400 1130 4444 ex
1154 4386 1249 4461 parto

160 4466 194 4543 it,
211 4487 240 4541 nt
257 4484 382 4548 aciticet
401 4503 420 4547 a
443 4486 636 4565 pntlolando
658 4493 863 4561 coerceatur,
885 4500 986 4565 super
1000 4500 1059 4545 noa
1080 4489 1138 4544 ert.
1157 4480 1249 4545 ideo·

160 4588 217 4651 tte,
234 4584 285 4662 qni
306 4586 427 4649 malam
449 4586 540 4651 iilam
561 4588 695 4667 stirpem
716 4586 755 4650 ad
773 4583 1019 4667 amptitudinem
1039 4600 1078 4648 ac
1093 4581 1251 4662 magatia*
