3375 5567
1203 694 1265 763 159

172 799 243 882 qual
261 799 324 879 ipse
342 814 406 860 aon
426 796 560 861 docuits
578 796 609 858 in
624 796 686 861 boe
707 812 841 877 quoqne
856 792 1025 859 Halloixlo
1042 797 1168 876 putarit
1187 811 1263 861 con·

170 904 272 975 traire,
299 901 355 981 qni
380 906 534 963 accurate
565 897 748 962 Adamantii
775 898 921 981 ejusdem
952 915 1064 963 sanem
1093 906 1261 963 scrutatus

169 1010 227 1082 ⁶¹3
244 1010 339 1083 atque
367 1001 411 1065 de
429 1000 620 1081 angelornm
651 999 916 1080 doemonamqne
948 998 1080 1063 locutus
1111 1000 1214 1080 proba
1241 1016 1260 1061 a

168 1103 356 1183 possibilitate
370 1103 486 1167 'actum
507 1104 540 1164 in
563 1119 598 1167 re
620 1100 777 1183 sejunxit.
810 1099 890 1165 dlibi
913 1101 1023 1182 itaqua
1044 1100 1165 1175 studio,
1194 1117 1263 1181 qun

167 1206 262 1285 beepi,
282 1222 389 1285 eoque
411 1205 526 1284 mans,
546 1222 623 1267 eum
645 1222 706 1284 pro
728 1222 779 1267 me
801 1211 849 1266 tet
872 1211 1024 1284 tantaque
1046 1202 1153 1267 adbuc
1175 1210 1260 1266 stent

167 1326 284 1385 expenso
300 1310 496 1382 testimonis,
506 1307 764 1371 luculentissime
785 1306 956 1370 abeodem
970 1304 1110 1385 Origene
1127 1305 1258 1379 tradita,

167 1408 282 1487 ejusque
294 1408 504 1471 vehementer
514 1426 589 1469 cnm
602 1404 664 1467 lide
679 1406 838 1468 catholica
855 1422 1044 1469 consensum
1058 1423 1262 1485 propugnan-

165 1510 196 1569 tia
208 1510 243 1572 de
258 1511 349 1573 nulla
373 1526 518 1588 uuquam
530 1509 726 1571 doemonum
742 1507 1025 1587 reproborumque
1039 1506 1259 1584 redemptione

165 1607 281 1688 latura;
304 1608 383 1670 mibi
405 1607 521 1681 liceat,
544 1610 688 1686 iuquam,
712 1608 744 1668 iu
765 1607 919 1687 praelatis
936 1606 1089 1670 elucteris
1106 1603 1149 1667 De
1168 1604 1262 1668 Priu-

163 1708 238 1787 ripr'is
256 1710 503 1773 excussionibus
525 1710 725 1789 perscrutari
746 1728 808 1771 cur
829 1718 862 1771 et
891 1708 1055 1788 quomodo
1077 1707 1120 1768 ibi
1150 1706 1261 1771 docuit

163 1820 216 1873 tum
234 1810 374 1889 Spiritus
394 1810 551 1873 coelestes
571 1810 710 1871 arbitrio
731 1809 867 1871 donatos
889 1807 928 1869 ed
952 1810 1027 1881 ima,
1048 1826 1105 1871 seu
1128 1807 1167 1868 ad
1190 1807 1259 1871 cul-

161 1928 218 1987 pam
235 1911 343 1973 delabi
362 1910 436 1973 lieri
457 1929 562 2005 posse,
586 1919 655 1973 tum
679 1911 853 1973 doemones
876 1926 935 1989 per
956 1909 1107 1973 eumdem
1122 1909 1260 1971 arbitra·

161 2020 214 2071 tum
232 2011 262 2072 in
282 2030 352 2091 que
376 2020 561 2085 versantur,
587 2011 822 2091 resipiscentes,
844 2011 884 2072 ad
908 2011 1028 2073 bouum
1058 2028 1092 2073 se
1118 2016 1255 2072 vertere.

161 2106 191 2171 llt
207 2130 242 2173 co
270 2113 414 2192 amplius
436 2113 497 2175 bne
519 2129 651 2191 geram,
674 2112 764 2193 quod
785 2111 943 2191 Origenes
965 2112 1031 2192 ipso
1053 2110 1197 2191 apertius
1217 2112 1257 2171 sd
1343 2184 1349 2197 .

158 2212 259 2275 anioos
284 2232 367 2275 snos
387 2212 616 2276 alexandrinos
639 2214 807 2286 scribens,
830 2213 1010 2295 obtestatus
1035 2212 1096 2285 sit,
1122 2229 1156 2273 se
1178 2228 1259 2273 nun·

157 2328 236 2389 qnam
257 2314 336 2376 talia
356 2315 513 2389 sensisse,
529 2333 589 2377 nec
610 2314 759 2379 docuisse
774 2316 815 2379 do
836 2314 949 2379 lutura
964 2314 1084 2377 diaboli
1103 2321 1135 2377 et
1154 2312 1259 2376 secio·

159 2428 375 2479 tensaurum
395 2415 513 2479 salute.
631 2458 634 2461 -

220 2512 298 2577 Tres
321 2533 425 2595 porro
443 2517 621 2580 sententiae
642 2534 683 2579 ox
706 2518 812 2597 primo
827 2513 925 2579 Libro
945 2523 1033 2592 suut,
1049 2534 1136 2598 quae
1159 2518 1259 2579 maxi-

157 2632 229 2677 uum
252 2617 423 2696 negotium
446 2614 643 2679 adversariis
674 2615 845 2680 iacessunt.
870 2615 1011 2680 Primam
1045 2616 1197 2682 deferunt
1217 2636 1259 2683 ox

157 2730 179 2775 e
198 2714 231 2779 t.
247 2736 277 2781 o.
298 2715 332 2788 d.
356 2716 503 2799 ejusdem
526 2714 614 2779 Libri
627 2736 640 2799 3
663 2718 718 2783 ubi
742 2718 953 2781 Adamantius
981 2716 1159 2784 Ezechielis
1182 2720 1260 2784 voti·

156 2819 258 2881 &aar
289 2820 547 2899 interpretatus,
567 2818 630 2883 sub
659 2820 789 2883 uomina
816 2820 968 2900 principis
994 2816 1072 2901 Tyri
1104 2820 1258 2886 virtutem

156 2921 312 2997 qnamdam
340 2923 548 3000 superiorem
568 2921 814 3001 comprehendit
843 2922 971 2985 divinae
994 2922 1152 2985 voluntati
1183 2922 1261 2988 rasi·

154 3030 273 3085 stentem
287 3041 328 3085 ae
350 3021 445 3087 coelo
465 3022 639 3103 telensem.
666 3020 759 3087 Unde
781 3030 815 3088 et
834 3023 933 3088 inlert
955 3023 1165 3105 exemplum:
1185 3042 1257 3099 rep

155 3140 208 3201 qao
226 3122 501 3200 manifestissime,
522 3125 581 3198 ait,
603 3124 846 3192 demonstretur
867 3126 1046 3190 contrarias
1068 3126 1144 3189 istas
1166 3123 1259 3189 mali·

153 3242 278 3305 pesque
301 3216 442 3290 virtutes
456 3243 519 3289 uon
541 3232 657 3292 natura
675 3226 755 3291 tales
776 3245 845 3290 esse
860 3228 1021 3302 conditas,
1042 3247 1100 3291 sen
1117 3234 1255 3305 creatam

153 3326 196 3386 sed
215 3329 252 3389 de
283 3327 476 3392 melioribus
501 3327 622 3393 venisse
644 3328 677 3389 iu
698 3328 812 3409 peius,
833 3336 933 3409 atquo
964 3329 997 3391 iu
1018 3329 1160 3391 deterius
1188 3346 1258 3391 esso

154 3446 323 3493 eanrersas:
348 3430 459 3493 beatas
480 3446 613 3509 quoqne
633 3430 707 3495 illas
730 3432 879 3505 virtutes,
903 3448 965 3493 nou
987 3448 1056 3493 esse
1078 3432 1150 3494 talis
1166 3440 1258 3493 uetu-

155 3546 210 3604 ηε,
230 3550 318 3611 quae
339 3532 542 3594 contrarium
565 3531 712 3609 recipere
734 3549 796 3593 aon
809 3532 924 3611 possil,
946 3533 972 3594 si
992 3531 1081 3606 velit,
1104 3550 1143 3595 ae
1158 3532 1257 3611 negli-

154 3639 206 3709 μη
225 3644 256 3696 et
269 3642 378 3695 status
391 3632 442 3695 sui
459 3631 689 3697 lentitudinem
705 3651 769 3698 uon
782 3637 870 3698 omni
891 3634 1019 3697 cautela
1036 3635 1241 3700 custodiat.»

217 3730 343 3795 Sedulo
363 3732 510 3812 quisquis
532 3732 563 3793 ia
585 3734 666 3799 baec
688 3734 785 3797 rerba
813 3735 956 3797 animum
980 3735 1146 3807 intendat,
1172 3734 1256 3797 velle

156 3832 320 3897 duetorem
332 3834 516 3906 ostendere,
530 3834 698 3914 percipiet,
708 3836 871 3914 angelicas
885 3838 1021 3900 virtutes
1033 3836 1258 3899 immaculatas

154 3936 269 4011 quidem
290 3936 392 3999 luisse
422 3952 439 3996 a
463 3932 531 3999 beo
551 3943 689 4009 creatas,
713 3936 849 3997 arbitrio
872 3944 977 3999 tamen
1006 3946 1171 4015 compotes
1199 3955 1257 3999 seu

156 4030 276 4110 liberas,
300 4037 384 4099 adeo
406 4044 443 4099 ut
463 4037 568 4116 primo
587 4054 667 4098 suae
688 4036 879 4101 conditionis
902 4045 1046 4114 tempore
1067 4056 1085 4099 e
1109 4038 1193 4099 bono
1215 4039 1254 4099 ad

157 4136 261 4199 nalum
283 4138 449 4202 divertere
470 4145 609 4217 possent,
630 4140 770 4205 sicutne
793 4140 825 4199 iu
848 4138 931 4201 bend
953 4154 1176 4216 perseverare:
1203 4156 1254 4201 re·

158 4232 206 4295 lati
220 4238 377 4318 tegetes,
393 4234 471 4320 Tyri
493 4240 654 4319 princeps,
666 4241 723 4317 qui
734 4239 765 4301 ia
776 4238 963 4319 superbiam
978 4238 1099 4310 elatus,
1110 4238 1254 4319 deiectus

158 4346 194 4396 est
211 4340 241 4399 iu
261 4340 473 4419 perditionem
497 4349 687 4419 perpetuom
704 4340 772 4402 nlla
792 4340 861 4402 sino
876 4358 932 4418 spe
955 4339 1200 4401 restaurationis
1221 4339 1252 4402 iu

158 4438 311 4511 pristinum
332 4450 468 4517 statum,
484 4443 530 4505 uti
547 4442 677 4522 saepius
692 4441 768 4503 alibi
789 4440 929 4505 adirmat
942 4439 1099 4519 Origenes
1120 4446 1183 4511 eta
1202 4460 1251 4507 me

158 4549 368 4611 pnenetatnnr
390 4554 448 4608 est.
471 4540 594 4607 Deinde
614 4560 631 4603 a
655 4542 726 4623 pari
747 4541 837 4616 dicit,
859 4540 1000 4613 subdens
1023 4541 1160 4605 virtutes
1171 4560 1252 4623 quo·
1276 4618 1281 4625 ,
