3375 5567
627 808 766 878 CAPUT
792 811 829 875 V.
1246 713 1285 782 57

249 1014 318 1080 ’tiss
335 967 470 1080 sessuro
490 1015 642 1079 numm
663 1014 814 1081 lisseium
832 1015 922 1080 sisso
943 1014 1091 1098 Oripessis
1106 1015 1286 1082 doctrines»

287 1127 384 1183 storo
404 1117 599 1199 onpslorssm.

366 1421 551 1488 iiioiiotlioo
563 1439 701 1503 pergens
715 1420 855 1488 Boetius
876 1423 1033 1488 euvenus
1046 1422 1221 1505 Origenem
1243 1421 1286 1486 oh

85 1559 129 1624 i,
391 1543 436 1586 un
466 1525 653 1604 inscriptum
673 1527 857 1606 opinionem
880 1527 919 1589 do
941 1527 1129 1610 transitione
1153 1527 1285 1608 ungulo·

416 1643 448 1686 ιιι
469 1643 623 1708 eorporu,
639 1645 681 1689 ex
697 1624 799 1690 Tomo
817 1624 890 1690 xit.
914 1645 944 1689 o.
959 1624 1011 1695 30.
1027 1627 1064 1690 iu
1075 1625 1283 1702 liutitiorum,

429 1724 516 1788 s's'ros
534 1723 701 1788 susstitots
714 1737 745 1788 st
756 1724 988 1790 illustrioribus
1002 1746 1024 1789 o
1041 1727 1103 1791 Deo
1123 1729 1216 1792 donis
1235 1747 1288 1792 or·

301 1828 421 1908 ,epotos
433 1843 498 1889 ssss
512 1824 647 1890 eredidit
669 1825 831 1908 Oripsssss.
844 1846 862 1884 s
877 1826 939 1892 isio
955 1845 1056 1910 porro
1070 1831 1225 1911 supponit
1244 1849 1287 1894 ux

185 1931 381 2013 ,quentihus
394 1931 496 2011 ipsius
519 1929 626 1994 surhis
639 1951 648 1993 ε
662 1951 680 1990 o
692 1927 776 1995 Num
788 1913 892 1993 Filios
908 1930 1044 1994 hominis
1067 1941 1224 1995 venturus
1239 1938 1289 1994 est

167 2035 199 2097 in
219 2032 393 2114 mnisstste
416 2030 520 2095 Petris
552 2032 626 2108 sni,
652 2048 716 2095 noo
745 2033 859 2108 solos,
881 2031 936 2096 seii
968 2049 1042 2094 eom
1064 2031 1185 2112 ungulis
1206 2031 1286 2096 sois.

164 2133 207 2200 lit
226 2135 256 2198 si
274 2132 457 2212 intelligere
477 2141 569 2214 potes
583 2151 695 2197 omnes
714 2122 925 2215 ooopersrios
941 2130 1053 2209 Verbi,
1076 2134 1163 2215 quoi
1186 2135 1218 2197 io
1237 2151 1289 2198 su·

165 2237 288 2319 pientio
303 2234 558 2311 demonstrator,
570 2235 658 2316 quoti
679 2244 728 2299 est
748 2233 916 2312 Christus,
931 2237 1157 2301 convenientes
1177 2237 1221 2312 ei,
1244 2238 1291 2300 ri·

165 2337 259 2404 dehis
279 2334 447 2417 quomodo
469 2337 556 2400 vsoit
586 2334 691 2401 Filios
712 2336 850 2400 hominis
870 2337 902 2399 io
923 2337 1091 2419 mejesiotu
1112 2337 1218 2402 Petris
1238 2339 1290 2403 sui

164 2457 245 2506 unm
265 2439 388 2520 ungulis
408 2438 488 2502 sois.
513 2436 630 2519 singuli
651 2437 736 2502 soins
761 2439 851 2504 illius
871 2448 948 2503 sunt
968 2439 1202 2521 prophetorum
1222 2459 1290 2506 ser·
1321 2431 1326 2440 ’

165 2559 282 2606 mones
293 2585 390 2605 .....
413 2539 505 2604 Siout
523 2546 633 2604 entem
656 2539 744 2605 venit
765 2537 869 2604 Filios
890 2539 1028 2603 hominis
1050 2540 1081 2602 in
1104 2539 1207 2622 glorio
1231 2540 1291 2606 Pu·

165 2645 226 2709 tris
245 2644 314 2718 sni,
329 2645 376 2709 sie
393 2643 628 2724 prophetsrorn
649 2657 815 2707 sermones
835 2640 941 2722 sepeli
957 2641 1045 2719 loeti,
1063 2644 1194 2708 veniunt
1214 2660 1290 2709 corn

165 2763 208 2810 eo
236 2743 418 2823 sturione
441 2748 566 2809 ratione
587 2761 667 2808 rero
698 2741 838 2808 liueiios
859 2759 959 2806 ansus
979 2744 1021 2807 sit
1052 2745 1106 2808 hio
1126 2753 1289 2811 errantem

163 2865 309 2929 urguere
335 2844 511 2929 Oripuoem
541 2864 604 2910 non
627 2845 730 2910 sileo.
766 2843 838 2927 lpse
858 2847 905 2908 uit
925 2843 1103 2924 Origenes,
1125 2862 1290 2912 sermones

166 2949 407 3031 prophetarum
427 2950 568 3013 erosisso
587 2948 732 3028 ungulos,
755 2965 819 3012 non
835 2965 915 3012 vero
935 2946 1067 3027 ungulos
1089 2945 1191 3013 lectos
1213 2965 1289 3029 pro·

166 3052 301 3134 phetes,
323 3049 458 3115 illorum
480 3058 595 3114 ustura
625 3050 763 3132 spirituli
783 3051 815 3113 in
836 3066 1030 3130 corporeum
1062 3057 1289 3114 trsosmnists.

167 3152 270 3217 Atius
291 3154 376 3218 enim
397 3161 446 3218 ssi
465 3153 528 3218 snh
548 3152 758 3234 metsphorue
777 3153 884 3233 speeie
906 3151 1014 3216 dicere
1039 3155 1101 3230 (nt
1123 3151 1193 3215 snit
1213 3150 1290 3217 Ori·

168 3252 286 3336 genes)
307 3255 543 3337 prophetsrom
565 3253 713 3318 rutieiniu
734 3253 901 3335 praeiisse,
918 3253 1010 3332 qnasi
1032 3251 1177 3334 ungulos,
1195 3251 1291 3318 Chri·

170 3356 212 3419 sti
233 3354 402 3430 sireoini,
423 3361 457 3421 et
475 3356 523 3420 sis
542 3373 618 3420 som
639 3373 686 3418 eo·
701 3362 857 3418 venturos
881 3355 913 3417 in
938 3354 1125 3435 mejestot03
1147 3358 1181 3418 et
1200 3351 1290 3419 eliud

170 3463 223 3521 est
244 3464 363 3537 potore
379 3457 566 3539 prophotas,
588 3458 722 3538 propriu
747 3461 884 3530 inntstu,
906 3455 1096 3520 coelestium
1115 3455 1291 3538 spirituum

169 3575 302 3623 suniero
320 3566 484 3633 nsiurssn,
505 3557 867 3640 ungulosqnoursiere.
890 3556 1044 3622 Ceterum
1058 3576 1133 3622 oum
1154 3559 1214 3622 isio
1230 3575 1289 3637 per

170 3676 205 3722 se
219 3664 362 3738 potsunt,
377 3656 417 3720 sti
439 3657 538 3720 sliam
561 3665 762 3722 trunseonsns
777 3654 888 3721 liuuiii
910 3656 1094 3720 illusionum
1115 3656 1290 3738 Origenem

170 3757 398 3837 redarguentis
411 3757 455 3822 oh
467 3775 505 3822 es
518 3774 604 3839 qous
618 3757 771 3840 exposuit
781 3754 884 3821 Toron
895 3754 965 3819 XV.
978 3773 1009 3818 ιι.
1021 3753 1072 3822 nii.
1086 3754 1138 3822 ht.
1155 3757 1186 3820 io
1201 3775 1292 3822 eum·

171 3860 245 3924 ism
267 3858 506 3941 Evangelistsin
528 3878 570 3924 ux
584 3857 705 3926 Christi
724 3859 902 3924 sententie:
922 3855 1018 3920 multi
1038 3855 1120 3922 enim
1140 3866 1218 3922 sont
1238 3875 1292 3922 so-

53 3937 60 3960 ⁸
171 3958 252 4037 soti,
266 3960 367 4040 posset
384 3977 457 4023 sero
476 3958 577 4024 slssti.

251 4056 343 4123 iisse
356 4062 442 4124 enim
464 4059 562 4124 verbo
580 4057 746 4123 resimis
758 4075 820 4139 pro
834 4073 927 4121 more
947 4073 1009 4122 suo
1025 4056 1202 4139 explenoos
1217 4053 1292 4128 Ori·

172 4176 284 4242 genes,
304 4161 436 4226 scribite
460 4159 565 4227 «Non
583 4177 695 4224 omnus
714 4159 810 4240 primi
825 4166 923 4223 oront
943 4157 1122 4233 novissimi,
1144 4175 1203 4220 neo
1223 4172 1292 4220 οιιι-

173 4277 229 4324 nes
248 4261 415 4324 novissimi
436 4269 534 4325 erunt
553 4260 662 4341 primi.
685 4257 768 4324 Sunt
787 4259 874 4323 euim
894 4260 951 4339 qui
973 4259 1068 4339 primi
1090 4257 1237 4334 luerunt,
1258 4265 1291 4322 ut

174 4360 386 4426 nihilominus
405 4370 596 4444 permanent
615 4362 733 4443 primi,
754 4360 840 4425 sioni
861 4358 1009 4441 Apostoli
1031 4358 1164 4438 Christi,
1185 4359 1243 4441 qui
1265 4359 1290 4421 i·

172 4462 325 4527 srnuiitsu
346 4460 441 4527 iners
454 4463 496 4528 ie
514 4463 636 4528 sunnine
651 4460 818 4528 hhrohsn
832 4461 890 4542 oni
904 4461 1001 4526 etism
1016 4479 1101 4527 nono
1117 4461 1212 4544 primi
1233 4461 1290 4524 hs·

175 4561 314 4630 hentors
336 4570 370 4630 st
383 4572 461 4630 sont
474 4564 640 4630 novissimi
653 4561 864 4628 nihilominus
879 4568 1116 4643 permanentes,
1128 4563 1184 4645 qni
1207 4561 1291 4628 mule
