3375 5567
1199 678 1262 750 aba

569 781 708 852 caius
729 783 845 850 XXiV.

175 983 258 1052 Nouis
282 985 396 1051 additia
423 983 617 1066 nrpemaatis
637 987 674 1048 da
693 985 811 1066 tutam
833 985 865 1048 iu
887 982 1088 1049 blattisaeum
1113 984 1263 1069 Oripasis

209 1084 419 1152 ammam
430 1105 488 1168 per
504 1088 703 1166 innuptarum
721 1103 882 1167 praeeunt,
897 1084 1112 1164 mse-diter,
1133 1103 1214 1170 qttee
1226 1089 1263 1152 t's

206 1187 265 1270 ipro
280 1201 363 1254 temtos
382 1207 495 1271 prom
514 1189 686 1269 leputatur,
707 1198 736 1251 st
755 1185 791 1250 t'tt
814 1185 912 1250 ostem
932 1185 1192 1268 impressione
1210 1192 1262 1252 da·

203 1288 391 1366 dimum,
412 1288 500 1354 aeno
522 1289 708 1369 moturos
737 1289 896 1352 mmm
920 1286 987 1351 aios
1013 1288 1262 1370 resipiscentium

202 1391 256 1458 rita
266 1390 495 1456 mmmmm
507 1390 545 1456 ie
562 1390 689 1469 melisa,
700 1407 904 1472 emmaum
915 1386 1049 1472 Oripaat'
1058 1389 1258 1472 immede,

200 1495 247 1557 ted
264 1494 447 1574 Ansam,
468 1492 526 1574 pot
545 1493 583 1556 da
601 1511 661 1557 sato
680 1492 763 1556 iotae
791 1491 983 1556 depretiem
1003 1491 1173 1556 iuravere
1196 1493 1263 1574 opt'·

199 1594 322 1673 masam,
343 1605 403 1660 oet
421 1593 560 1672 similia,
577 1595 615 1658 de
634 1593 745 1676 queo·
765 1592 845 1658 olidi
866 1593 1098 1676 dixoptubitatr.

166 1839 267 1965 Nota
282 1915 398 1966 rursus
412 1900 444 1963 in
459 1901 520 1964 bae
534 1899 757 1980 disquisitione
769 1908 953 1966 occurrunt
964 1898 1172 1977 admmmotn,
1188 1902 1261 1981 qni·

164 1999 215 2065 ius
234 2011 320 2066 retus
343 2000 571 2081 interpretatio
593 2000 745 2064 tirmatur
771 2002 896 2065 sineere
917 2010 1030 2065 eontra
1053 2000 1259 2086 anonymum

163 2099 388 2168 dioasatorame
412 2105 445 2167 iu
464 2102 583 2183 unibus
613 2101 755 2184 primum
776 2102 946 2177 ouourrlt,
966 2102 1055 2183 quod
1077 2103 1121 2165 ait
1142 2103 1174 2164 in
1198 2101 1260 2166 io·

161 2219 206 2266 uo
224 2200 289 2266 XV.
311 2219 342 2266 n
364 2197 416 2269 ll.
439 2219 480 2266 ex
503 2200 622 2266 Christi
644 2201 808 2267 mandato:
828 2200 943 2282 ditiora
961 2200 1146 2282 proximam
1168 2211 1258 2266 tettae

161 2302 233 2366 riaat
250 2304 390 2384 asprum.
416 2300 452 2366 ln
473 2303 631 2366 basanim
651 2303 850 2368 discussione
864 2302 1005 2368 iiuetins
1027 2310 1152 2368 textum
1167 2320 1259 2383 grae·

159 2421 223 2470 tum
234 2413 386 2481 mutos,
397 2405 505 2486 ipsum
518 2405 562 2466 ita
573 2403 792 2467 deformatum
807 2403 974 2468 ooulesaus
988 2412 1049 2480 est,
1062 2415 1112 2477 ut,
1127 2405 1187 2468 uisi
1206 2423 1258 2469 re·

159 2513 204 2569 tra
217 2505 440 2586 interpretatio
452 2503 634 2585 suppleret,
650 2518 779 2567 sensnm
792 2503 913 2566 eiioere
926 2503 987 2567 sibi
1001 2504 1199 2584 impossibiie
1212 2506 1259 2567 ri·

158 2604 286 2672 deretur.
300 2605 532 2670 Verumtamen
546 2622 610 2668 oon
624 2605 655 2666 tu
673 2613 798 2669 tentum
810 2608 1013 2687 propositum
1031 2606 1140 2690 iurat,
1156 2613 1259 2686 quant

159 2717 217 2772 um
235 2725 319 2790 quae
339 2708 455 2772 deinde
475 2707 600 2774 notarit
620 2705 778 2788 Origenes
798 2709 886 2772 eirea
906 2703 1189 2788 Eranpeiistarnm
1203 2725 1259 2772 ra·

159 2811 290 2874 rietatem
312 2811 344 2872 iu
365 2811 402 2874 iis
421 2810 515 2874 dietis
536 2807 702 2872 domiolois
723 2808 916 2871 recitandis:
939 2805 1052 2888 ditipas
1073 2805 1256 2887 praelatum

156 2921 233 2974 uass
244 2909 646 2991 mttetpsumqnornm
661 2906 1257 2989 praeterilnttbaoum,nuilamentio
1367 2915 1371 2920 '

156 3014 229 3095 apud
249 3015 362 3078 ditum
382 3011 533 3078 blancum
554 3021 588 3076 et
602 3010 735 3076 Luuam.
760 3009 879 3074 voleus
893 3011 1004 3092 itaque
1023 3011 1181 3091 Origenes
1195 3012 1255 3073 bu·

154 3113 196 3192 jua
208 3115 384 3180 omissionis
400 3114 558 3178 rationem
572 3113 722 3187 reddere,
736 3113 816 3176 bueo
827 3112 888 3176 sibi
899 3112 1134 3192 praemittenda
1146 3112 1252 3176 duale

535 3311 621 3379 Vates
647 3314 870 3396 interpretatio

156 3517 318 3584 ailuitam
340 3517 424 3582 euim
445 3517 587 3598 (legitur
606 3519 640 3580 in
664 3519 765 3580 reteri
789 3515 1078 3597 interpretatione)
1099 3516 1252 3584 diuersa..

156 3619 218 3684 tum
237 3621 324 3684 inter
344 3619 543 3700 exemplaria
557 3618 751 3694 invenimus,
768 3618 837 3682 stre
852 3632 911 3700 per
929 3617 1156 3699 negligentiam
1170 3620 1250 3684 aerl-

156 3712 298 3796 bmtium,
319 3723 390 3784 sire
408 3739 450 3783 es
472 3721 655 3782 temeritate
677 3718 910 3800 quorumdam,
931 3718 1001 3783 sire
1021 3727 1159 3800 propter
1178 3737 1247 3797 eos,

155 3823 198 3897 qui
211 3821 377 3903 negligant
389 3821 562 3884 emendare
574 3819 774 3902 Sotipturas,
792 3820 843 3884 rel
860 3818 996 3901 propter
1009 3836 1078 3900 eus,
1093 3821 1251 3903 quiquod

154 3923 213 4001 ipsis
226 3924 370 4000 vitietur,
391 3925 423 3988 in
439 3920 715 3988 emendationibus
731 3923 784 3985 vel
797 3921 966 4004 adjiciunt,
987 3923 1248 3988 veisubdueunt.

157 4021 189 4086 tt
203 4025 233 4088 in
247 4023 491 4105 exemplaribus
511 4023 641 4104 quidem
655 4020 781 4088 Veteris
800 4020 1008 4098 Testamenti,
1023 4041 1251 4106 quaecumque

156 4123 272 4193 luerunt
292 4124 557 4202 inconsonantia,
579 4121 648 4190 lieo
669 4131 868 4206 praestante,
888 4133 1042 4206 coeptare
1059 4127 1248 4206 potuimus,

155 4231 262 4292 utentes
280 4225 408 4310 judicio
428 4232 633 4291 caeterarum
654 4226 843 4292 editionum.
868 4225 915 4292 lla
936 4228 1034 4305 euim,
1056 4245 1142 4309 quae
1163 4229 1251 4292 ride-

155 4323 257 4393 bantur
283 4326 373 4410 apud
393 4325 601 4408 Septuaginta
625 4328 724 4393 dubia
744 4345 814 4394 esse
842 4321 979 4410 propter
1007 4332 1248 4394 oomonsnttam

155 4429 437 4510 exemplariorum,
460 4423 612 4492 umentes
638 4427 797 4511 judicium
819 4447 861 4493 ex
889 4429 1083 4494 editionibus
1112 4430 1247 4511 reliquis

156 4532 356 4596 amtemeutia
372 4529 582 4595 mutavimus.
594 4527 637 4594 Et
649 4529 808 4611 quaedam
818 4530 949 4611 quidem
961 4531 1144 4595 notavimus
1154 4535 1246 4613 quast
