3375 5567
1144 703 1230 757 xxrn

176 803 228 901 ipsi
244 806 520 902 praetendebant
538 807 715 883 adversus
733 806 953 905 apostolicas
972 806 1232 883 institutiones.

173 928 375 1031 Quapropter
406 937 523 1012 sicubi
546 958 612 1011 nos
640 950 680 1010 et
707 936 803 1011 tituli
829 934 959 1033 Operis
985 935 1177 1020 rationem,
1196 950 1235 1009 st

173 1058 418 1137 haeresiarchas
447 1087 645 1162 eorumque
679 1077 823 1151 errato,
862 1063 897 1136 in
925 1086 1020 1161 quae
1048 1063 1236 1137 dimicavit

173 1186 343 1284 Origenes,
372 1204 498 1288 aperte
526 1192 779 1289 dignovimus3
809 1191 926 1290 decipi
956 1213 1026 1265 non
1054 1189 1234 1276 videmur,

171 1328 369 1402 intuentes,
394 1318 430 1391 in
458 1316 673 1395 Periorcbon
703 1319 806 1393 libris
830 1318 1030 1397 studiosam
1057 1318 1235 1393 contineri

170 1444 431 1521 uolutationem
464 1468 609 1535 sorum,
641 1470 734 1546 qnos
767 1447 978 1523 summatim
1009 1460 1113 1523 eruta
1149 1458 1236 1522 suut

169 1592 204 1643 ex
231 1572 334 1645 trium
364 1573 631 1650 baereticorum
656 1596 779 1649 senso.
805 1572 1033 1672 Proindeque
1063 1574 1158 1651 baud
1178 1596 1238 1649 ar·

169 1697 259 1772 dnum
284 1700 431 1775 ridetur
453 1701 641 1777 criterium
654 1707 796 1795 iustum
815 1703 861 1777 de
889 1702 1027 1777 eisdem
1043 1702 1235 1779 instituere

170 1822 263 1910 libris,
288 1827 406 1925 deque
436 1829 545 1902 variis
574 1828 864 1927 expositionibus
892 1828 939 1903 ab
973 1828 1130 1903 Auctore
1161 1829 1237 1906 ola·

169 1948 285 2027 boratis
316 1976 366 2029 ex
384 1954 595 2053 Scripturis,
625 1979 671 2031 ox
692 1954 885 2030 traditione
913 1968 1018 2029 etex
1043 1978 1130 2029 sana
1157 1956 1238 2054 phi-

171 2076 313 2178 losophia
351 2094 479 2157 contra
510 2084 671 2180 ipsorum
704 2096 925 2157 commento.
959 2078 1060 2171 Quae
1092 2082 1238 2181 quidem

104 2213 105 2294 ἦ
171 2227 224 2281 cen
250 2209 288 2282 io
320 2212 462 2307 mopnir
487 2223 523 2285 ct
548 2213 587 2285 in
613 2210 783 2285 mwimis
810 2234 833 2283 o
863 2210 1012 2286 veritate
1038 2210 1239 2294 discordia,

173 2333 329 2432 Origenes
349 2352 456 2413 vocat
482 2339 575 2438 [olan
591 2338 759 2425 absurdo,
781 2352 936 2425 omento,
954 2338 1097 2426 stolido,
1114 2340 1239 2439 impio,

104 2471 105 2504 ³
170 2462 409 2540 meoticas
433 2466 535 2564 fidei,
554 2464 697 2565 Deopoc
717 2465 905 2565 injurioso,
933 2489 976 2541 oc
1001 2468 1145 2542 nautici
1168 2468 1241 2565 spi·

104 2785 105 2806 ,
170 2734 283 2809 nymue
309 2715 425 2792 seculi
453 2715 514 2791 Vl.
548 2718 584 2791 in
611 2714 859 2817 confutatione
886 2718 1066 2794 haereseos
1087 2717 1242 2794 Praedo·
1405 2796 1410 2809 ,

168 2588 242 2668 ritus
269 2590 551 2689 depr-ocutiones.
588 2590 691 2667 Unde
719 2592 906 2692 sapienter
937 2592 1122 2692 praelatus
1154 2616 1242 2667 ano·

168 2843 362 2919 tinctorium
392 2842 499 2919 Libro
532 2844 560 2917 Ι.
589 2868 623 2919 c.
648 2838 715 2919 21.
744 2846 811 2919 aits
842 2871 859 2915 u
893 2842 1139 2930 Marcionitae,
1159 2866 1241 2918 eum

104 3003 105 3066 p
169 2969 397 3045 universalem
416 2971 576 3047 Orientis
599 2970 801 3046 Ecclesiam
818 2972 1058 3056 macularent,
1087 2970 1133 3045 ab
1162 2970 1240 3046 Ori·

168 3115 243 3188 pene
272 3101 449 3196 superati,
468 3098 646 3175 confutati
673 3113 712 3173 et
741 3097 999 3198 persingulas
1032 3110 1118 3173 sunt
1150 3097 1240 3173 civi·

168 3234 251 3299 tates
276 3227 454 3303 damnati.
484 3254 501 3298 s

104 3355 105 3378 ³
260 3353 502 3431 Nihilominus
531 3382 601 3433 non
631 3374 716 3434 suut
743 3358 1088 3457 praetermittendae
1108 3360 1168 3433 hlc
1200 3373 1238 3434 et

168 3477 305 3555 aliorum
331 3482 556 3581 suspiciones
580 3484 625 3559 de
654 3486 794 3561 sincera
824 3485 990 3583 Origenis
1016 3484 1085 3559 lide
1115 3488 1150 3559 in
1185 3485 1242 3561 bis

168 3610 427 3707 compingendia
458 3610 584 3696 libris,
618 3628 697 3688 tum
733 3612 781 3686 ob
818 3636 885 3696 ea,
919 3636 1013 3709 quae
1051 3610 1243 3689 Marcellus

167 3730 369 3832 Ancyranus
384 3737 589 3815 haereticus
609 3740 843 3837 exprobrarit
860 3740 1022 3827 ductori,
1042 3742 1143 3837 quasi
1165 3743 1243 3838 ipse

166 3859 353 3963 disciplinis
378 3866 599 3942 secularibus
618 3868 831 3952 instructus,
852 3868 1028 3965 quaedam
1051 3869 1169 3943 minus
1185 3892 1243 3942 re·

170 4000 218 4063 tte
239 3994 459 4091 scripsisset:
489 4022 507 4066 s
538 4017 585 4069 cx
613 4020 650 4094 g.
680 3994 842 4069 Platonis
871 3996 1080 4091 dogmatum
1108 4008 1147 4068 et
1182 4019 1245 4069 vo-

170 4112 293 4193 tiorum
321 4126 400 4214 ejus
427 4122 683 4220 principiorum
705 4144 865 4208 memor,
888 4122 1019 4197 librum
1051 4121 1243 4218 quemdam

173 4234 342 4342 inscripsit
377 4245 429 4320 Dc
463 4247 654 4345 Principiis
672 4260 744 4321 etc.
772 4272 791 4315 s
823 4261 902 4323 tum
924 4246 972 4321 ob
1001 4269 1042 4321 eo
1063 4268 1155 4343 quae
1178 4245 1246 4319 bu·

169 4364 312 4449 iunoni
332 4370 489 4448 Marcelli
514 4373 681 4449 sensibus
699 4374 826 4459 ceteri,
845 4373 1011 4471 Origenis
1036 4370 1243 4469 inculpandi

176 4508 284 4583 musa,
303 4498 536 4587 addiderunt;
555 4501 607 4575 uti
637 4511 795 4575 testator
819 4498 1048 4599 Pamphilus,
1076 4498 1122 4574 ab
1151 4498 1249 4596 Apo-
