3375 5567
159 800 214 863 stt,
232 792 333 873 inquit
354 795 385 855 in
406 812 435 857 c.
457 788 497 855 V.
519 788 549 859 1.
571 790 602 859 2
625 789 791 873 Epistolne
813 790 879 856 ll:
902 788 1026 855 Scissm
1047 789 1152 867 esim,
1174 810 1251 873 poo-

156 892 230 957 sisss
241 892 271 956 si
282 892 441 957 terrestris
453 894 564 957 domm
577 903 688 958 nostro
707 894 804 975 iujos
819 890 1029 957 habitationis
1042 889 1251 966 dissolvetur,

157 994 226 1072 stoi
235 992 483 1074 aedificationem
495 1013 536 1056 sss
553 992 614 1057 llso
626 994 785 1069 memus,
799 996 925 1059 dom
936 1010 1001 1055 non
1020 994 1250 1074 montfortem,

155 1104 294 1157 istm
307 1095 345 1157 iss
365 1092 572 1159 codicilari
589 1103 619 1157 st
638 1093 676 1157 iss
689 1094 747 1157 soc
765 1092 1015 1175 inperitissimos,
1029 1092 1252 1157 limiensem

156 1204 290 1269 morsm,
311 1212 397 1273 quos
414 1196 453 1258 de
473 1198 556 1257 coslo
576 1208 634 1268 sst,
654 1195 844 1277 superindui
862 1192 1030 1276 sopientes.

221 1294 376 1371 Quamvis
390 1314 492 1377 porro
509 1296 686 1377 Apostolus
698 1300 746 1363 sic
768 1298 914 1371 locutus,
931 1296 1098 1361 credentes
1112 1296 1144 1359 in
1161 1296 1254 1359 curt-

157 1405 227 1460 stom
250 1396 403 1462 siderius
423 1398 589 1479 speciatim
604 1398 879 1479 comprehendere
886 1418 898 1479 3
916 1406 1021 1461 moneo
1042 1398 1149 1478 quood
1172 1396 1254 1460 hune

157 1496 254 1561 tonos
280 1499 530 1563 dissolutionem
550 1508 585 1563 et
604 1501 868 1576 renovationem,
895 1516 959 1561 nno
980 1498 1086 1563 solum
1109 1499 1254 1562 lidelinm

157 1598 199 1660 ssd
217 1606 248 1661 sl
265 1599 449 1663 infidelium
469 1616 611 1679 corpore
630 1599 835 1675 consident,
872 1602 933 1663 etsi
953 1608 1075 1664 sortem
1096 1600 1253 1680 imperem

157 1703 345 1764 oomecutmi
367 1703 443 1766 sint.
466 1699 690 1765 Diversimode
709 1702 881 1766 dicendum
903 1710 999 1778 esset,
1021 1702 1152 1765 excludi
1172 1718 1254 1763 sre-

155 1802 339 1865 surrectione
353 1820 468 1865 omnes
487 1802 658 1882 reprobos,
674 1800 762 1882 qnod
783 1810 873 1867 certe
894 1820 957 1866 non
974 1802 1045 1864 solt
1066 1801 1253 1881 Apostolos.

158 1899 213 1964 llisi
230 1903 317 1982 quod
340 1904 501 1983 cumipse
519 1904 655 1969 sentiret
669 1904 895 1969 tribulationes
909 1922 927 1966 o
948 1920 983 1967 se
997 1902 1045 1967 nti
1060 1920 1077 1963 s
1093 1903 1172 1977 suis,
1195 1902 1255 1965 tol·

157 2002 256 2065 lsrstss
275 2004 308 2067 in
323 2002 496 2084 Evangelii
518 2006 711 2081 ministerio,
723 2007 806 2071 odeo
825 2015 864 2069 ot
884 2004 1029 2086 quotidie
1043 2005 1075 2065 ln
1096 2004 1253 2067 discrimi-

157 2120 187 2163 ne
206 2105 265 2165 sits
277 2122 339 2166 sos
366 2111 569 2179 rerssretns,
584 2106 748 2170 conlidens
762 2107 879 2187 inquit,
894 2106 953 2169 etsi
969 2122 1088 2186 corpus
1103 2120 1254 2186 promens

157 2202 384 2269 tissolscndnrn
404 2206 460 2283 sit,
480 2223 541 2269 ceu
562 2206 680 2270 domos
700 2208 884 2283 terrestris,
907 2224 992 2287 quse
1013 2206 1249 2287 corrumpitur,

157 2321 203 2366 sec
214 2312 375 2387 perpetuo
391 2313 521 2385 ποιοί,
543 2307 752 2369 nihilominus
766 2306 903 2369 alterum
922 2304 1054 2369 domum
1069 2304 1152 2369 idest
1164 2303 1253 2367 eliud

157 2424 257 2485 sospos
269 2406 475 2471 induendum
489 2406 550 2469 sitsi
568 2424 652 2480 esse,
668 2407 800 2471 coelesti
816 2425 927 2482 mano,
947 2424 1009 2469 non
1026 2414 1154 2469 terrens
1168 2422 1255 2471 com·

157 2516 281 2581 poton,
302 2526 367 2571 nes
387 2524 534 2587 uoqusm
554 2506 848 2587 corrumpendum,
868 2508 1021 2587 qnippss
1043 2502 1112 2567 [leo
1134 2521 1255 2585 enpus-

157 2612 247 2680 prom
266 2607 310 2669 sb
323 2607 479 2670 humenis
499 2605 750 2669 infirmitatibus.
771 2604 813 2669 Bt
826 2608 859 2669 in
879 2606 927 2670 his
948 2606 1040 2670 dictis
1062 2623 1156 2667 omno
1169 2622 1257 2668 eom·

159 2707 310 2782 pretendit
330 2709 514 2773 homonum
534 2724 636 2787 penus
655 2706 717 2769 sub
738 2716 871 2787 peccem
893 2707 1055 2787 perditum
1077 2713 1109 2769 et
1131 2706 1204 2769 istnc
1225 2706 1256 2767 in

159 2822 277 2886 torpore
298 2808 530 2888 corruptibile.
556 2808 632 2872 ldeo
650 2808 760 2873 dicens
782 2808 910 2871 domum
933 2826 998 2870 nos
1021 2807 1251 2887 munufactum,

157 2916 297 2972 mersans
317 2908 357 2973 iss
375 2907 487 2982 coctis,
508 2910 567 2973 isto
583 2926 698 2989 nempe
722 2908 880 2973 vocabulo
902 2907 937 2971 in
957 2906 1050 2971 coslis
1070 2926 1134 2970 non
1156 2906 1258 2969 refert

158 3008 189 3068 sd
205 3010 349 3075 lomnes
372 3028 602 3091 quoscumque
622 3010 655 3071 in
674 3009 776 3073 coelis
795 3010 1025 3087 collocsndos,
1041 3010 1134 3091 qussi
1158 3009 1258 3072 bonos
1339 3056 1347 3065 .

159 3115 186 3170 et
200 3112 297 3177 nslos
327 3113 512 3177 indistincte
542 3111 586 3173 ilsi
609 3110 834 3191 hobitotoros3
860 3111 916 3175 sed
938 3110 1040 3175 relect
1060 3110 1100 3173 sd
1122 3110 1256 3173 domum

160 3226 207 3273 sen
223 3212 261 3273 sd
281 3230 422 3294 eorpus,
443 3210 545 3290 qnod,
566 3228 641 3275 cnm
664 3218 831 3275 terrenum
851 3210 915 3286 sit,
944 3219 976 3273 et
997 3228 1040 3273 en
1061 3217 1177 3272 nstnre
1199 3226 1258 3271 sus
1303 3262 1307 3269 .

103 3313 104 3400 ᾗ
159 3307 355 3386 dissolvatur,
373 3310 461 3374 istud
475 3312 581 3389 ipsum
597 3310 747 3383 tutorum
764 3311 818 3385 sit,
833 3318 872 3373 ut
886 3309 1019 3373 coelesti
1038 3326 1135 3373 monn
1152 3308 1261 3372 elslto·
1283 3387 1286 3394 Ι

103 3453 104 3476 ,
162 3418 252 3473 ntum
263 3414 403 3487 iterum,
420 3410 477 3473 tint
489 3428 610 3491 corpus
630 3410 782 3485 coeleste,
798 3428 815 3471 s
833 3409 901 3473 Deo
915 3427 978 3475 non
999 3410 1040 3473 ob
1061 3410 1189 3473 homine
1207 3426 1261 3471 ue·

161 3506 320 3577 liisstnm.
337 3510 428 3587 Sive,
444 3511 594 3575 interum
614 3517 682 3586 est,
698 3510 755 3586 sit,
771 3517 809 3574 nt
822 3528 944 3590 corpur
965 3512 998 3573 in
1018 3511 1260 3575 resurrectione

103 3621 104 3626 ’
161 3625 210 3671 son
227 3630 269 3677 ex
291 3621 404 3686 terra,
434 3618 521 3674 rste
543 3609 638 3676 coelo
659 3616 785 3689 repetet
815 3611 1112 3689 regenerationem
1143 3614 1176 3673 et
1197 3624 1260 3671 non

103 3715 104 3720 ’
162 3714 363 3787 quorumdem
385 3712 468 3776 idest
482 3710 629 3791 Apostoli
650 3718 847 3787 struerem,
870 3728 933 3773 non
955 3710 1100 3773 fidelium
1123 3716 1263 3773 tontum·

104 3829 105 3836 ¹
163 3812 254 3887 nodo,
273 3813 331 3877 sed
347 3814 449 3877 totius
469 3813 595 3891 poneris
616 3812 772 3876 humani:
795 3830 867 3875 com
879 3830 997 3886 omncs,
1010 3811 1120 3875 subdit
1135 3818 1259 3892 postes,

163 3926 206 3971 sos
222 3912 424 3995 msiscstori
440 3921 561 3992 oportet
572 3922 647 3976 onte
666 3912 811 3977 trilonol
826 3911 956 3989 Christi,
978 3922 1013 3975 stt
1030 3913 1146 3993 reserat
1167 3929 1265 3975 orsos·

163 4010 273 4091 psisqsoe
281 4011 423 4093 proprio
435 4011 590 4092 corporis,
601 4022 700 4093 prom
719 4012 828 4093 pessit,
841 4014 907 4089 sios
919 4012 1034 4075 ionum
1048 4011 1112 4075 sios
1131 4010 1262 4072 mnium.

165 4108 308 4179 sinon
330 4114 477 4195 praetore
498 4114 643 4177 elocutio
663 4112 701 4176 iss
713 4111 807 4177 coelis
828 4115 968 4179 obscum
982 4119 1141 4193 rppereot
1158 4129 1201 4174 ex
1215 4126 1264 4173 se·

167 4215 321 4287 sumtibus
339 4214 472 4295 pstefits
486 4212 569 4279 Nom
584 4222 615 4275 st
632 4214 670 4275 is
684 4214 757 4290 loe,
771 4216 833 4289 sit,
847 4210 1097 4295 iopsmiscimsss,
1117 4203 1155 4278 ro*
1177 4205 1266 4287 δικη-

167 4308 259 4411 ῖῆρισν
281 4311 393 4408 ,ἡμῖν
419 4310 458 4382 τὸ
477 4312 513 4397 ἐξ
532 4312 674 4416 o’opomio
701 4313 917 4379 lotisocotom
946 4325 1090 4380 nostrum
1118 4312 1203 4394 qood
1229 4310 1266 4373 ds

170 4416 234 4476 mo
251 4426 313 4493 est,
343 4416 536 4497 superindui
566 4418 735 4502 cupientes.
757 4414 991 4482 Hebitsculum
1013 4417 1097 4479 enim
1119 4422 1266 4476 nostrum

171 4510 201 4576 is
216 4518 303 4582 coelo
324 4521 466 4583 existens
487 4540 561 4585 eum
582 4522 678 4599 dicit,
700 4535 906 4600 emesenum
928 4526 1047 4583 stolum
1069 4524 1216 4581 nostrum
1233 4514 1263 4574 in
