3375 5567
453 700 513 773 tta

456 808 633 875 Verbi'llei
655 823 687 874 et
700 814 865 877 doctrinae
887 819 1092 898 evangelicae
1115 822 1371 901 purificationem
1393 825 1550 902 spreverit,

456 914 601 977 tristibus
622 924 655 978 et
676 917 866 995 poenalibus
881 918 1160 998 purificationibus
1180 926 1387 1005 semetipsum
1408 932 1550 997 reservat,

457 1028 493 1078 ut
514 1017 594 1095 ignis
608 1018 772 1097 gehenuae
793 1022 825 1081 in
839 1020 1039 1083 cruciatibus
1056 1034 1185 1103 purget,
1208 1041 1306 1104 quem
1321 1024 1551 1105 necapostolica

453 1117 599 1182 doctrina
616 1139 674 1183 uec
693 1123 901 1201 evangelicus
916 1140 1023 1185 sermo
1046 1128 1209 1204 purgavit,
1232 1127 1316 1189 sicut
1328 1127 1481 1207 scriptum
1500 1134 1551 1188 est:

452 1231 480 1283 et
498 1222 674 1302 purificabo
694 1232 722 1285 te
742 1221 813 1303 igni
827 1226 870 1288 cd
887 1243 1018 1305 perum.
1036 1223 1159 1290 Verum
1180 1229 1210 1290 in
1232 1229 1292 1292 hac
1313 1230 1380 1309 ipsa
1402 1228 1552 1309 purgatio·

452 1344 512 1398 ne,
534 1345 619 1405 quae
638 1346 699 1408 per
720 1346 855 1409 poenam
878 1330 957 1411 ignis
979 1331 1172 1406 adhibetur,
1193 1333 1322 1414 quantis
1344 1333 1552 1413 temporibus,

453 1430 625 1507 quantisve
644 1431 764 1493 seculis
785 1431 824 1494 de
847 1432 1073 1511 peccatoribus
1095 1434 1249 1512 exigatur
1269 1435 1455 1509 cruciatus,
1475 1432 1553 1495 solus

454 1528 538 1591 scire
560 1537 664 1607 potest
685 1530 760 1604 ille,
782 1531 835 1593 cni
859 1530 955 1594 Pater
974 1550 1064 1594 omne
1083 1530 1247 1613 judicium
1266 1532 1402 1598 tradidit
1410 1556 1421 1614 3
1443 1535 1496 1612 qui
1515 1534 1552 1595 ita

453 1630 558 1709 diligit
578 1640 763 1694 creaturam
786 1651 878 1697 suam
901 1643 937 1697 ut
960 1653 1019 1715 pro
1042 1636 1109 1716 ipsa
1130 1639 1340 1700 evacuaverit
1360 1638 1554 1716 semetipsum

453 1733 493 1794 de
515 1732 573 1796 llei
596 1733 713 1807 lorma,
736 1736 866 1798 etservi
891 1735 1029 1799 formam
1043 1738 1233 1816 susceperit,
1250 1737 1422 1801 humilians
1442 1738 1554 1799 semeti-

455 1853 548 1914 psam
572 1854 676 1913 usque
696 1835 737 1896 ad
759 1846 920 1912 mortem,
954 1839 1064 1901 volens
1084 1857 1186 1901 omnes
1208 1837 1344 1903 domines
1363 1840 1466 1903 salvos
1484 1835 1554 1918 fieri,

453 1948 481 1997 et
495 1937 529 1997 in
544 1935 735 2015 agnitionem
749 1936 891 2000 veritatis
906 1936 1020 2001 venire.
1035 1938 1219 2015 »Quemvis
1235 1958 1297 2003 non
1309 1941 1388 2001 latet
1405 1948 1467 2002 tam
1481 1938 1555 2015 dpu-

450 2039 572 2101 stolum
594 2038 650 2112 ibi,
674 2047 737 2101 tam
760 2039 934 2119 Origenem
961 2041 1058 2121 hujus
1083 2051 1220 2105 mentem
1243 2042 1501 2121 interpretatum,
1520 2037 1553 2099 ad

453 2138 599 2201 iutnram
615 2139 779 2202 intendere
790 2140 989 2221 judaeorum
1002 2142 1244 2205 couversionem
1253 2160 1264 2219 3
1280 2160 1322 2204 ex
1337 2160 1405 2221 qno
1420 2158 1437 2201 ι
1451 2138 1554 2203 Christi

452 2258 534 2301 aero
555 2241 692 2321 ejusque
713 2238 879 2304 Ecclesiae
900 2243 1002 2316 initio,
1022 2244 1161 2306 coecitas
1183 2245 1214 2307 in
1237 2242 1338 2306 lsrael
1365 2242 1505 2317 obvenit,
1523 2258 1556 2303 ac

453 2348 562 2421 gentos
577 2346 608 2405 iu
628 2363 743 2407 eorum
766 2345 876 2407 locum
899 2363 957 2424 per
974 2344 1069 2408 iidem
1089 2352 1323 2408 successerant.
1347 2342 1389 2409 Et
1412 2345 1471 2408 hoc
1492 2360 1555 2425 pro-

453 2444 508 2507 bat
528 2462 547 2506 e
567 2444 744 2526 Scripturis
765 2447 1019 2528 prophetarum:
1036 2444 1151 2522 veniet,
1167 2447 1332 2527 inquiens,
1348 2464 1389 2509 cx
1410 2443 1496 2522 Sica,
1509 2441 1556 2527 qui

451 2543 558 2608 liberet
578 2559 606 2609 et
625 2556 747 2611 euertat
766 2547 954 2629 impietatem
967 2548 1005 2611 cl
1019 2546 1125 2611 Jacob.
1149 2550 1277 2613 Avertit
1293 2558 1404 2613 autem
1427 2549 1557 2629 impieta·

452 2658 517 2711 tem
536 2649 578 2710 ab
598 2668 638 2713 ιο
658 2651 837 2714 secundum
860 2650 956 2726 illud,
979 2650 1067 2730 quod
1089 2653 1246 2730 scriptum
1270 2658 1341 2723 est,
1368 2652 1447 2731 qnia
1467 2648 1555 2713 diluet

453 2746 607 2812 Dominus
620 2752 725 2813 sordes
738 2750 881 2831 filiorum
901 2762 930 2814 et
948 2750 1096 2831 filiarum
1111 2748 1208 2825 stoa,-
1223 2760 1250 2813 et
1271 2750 1458 2831 scapeiaem
1476 2767 1555 2811 mua·

450 2850 537 2913 dudit
557 2853 593 2914 de
619 2852 720 2915 medio
739 2854 806 2935 ejus
825 2852 861 2917 ιιι
881 2851 999 2934 spiritu
1024 2851 1143 2935 judieii
1162 2863 1190 2916 et
1208 2851 1326 2933 spirim
1355 2852 1501 2917 ustionis.
1523 2847 1557 2913 m

451 2952 514 3015 hoc
537 2956 580 3017 ιιι
599 2954 668 3018 lieri
691 2964 918 3019 testamentum
932 2955 977 3018 eis
998 2962 1100 3018 erata
1124 2953 1205 3032 llen,
1226 2962 1263 3019 ct
1283 2952 1329 3019 sic
1350 2954 1455 3019 abeis
1474 2969 1555 3015 aver·

452 3060 601 3119 terentur
620 3057 821 3137 impietates,
855 3064 889 3120 et
908 3056 1121 3121 auferrentur
1151 3062 1293 3138 peccata.
1315 3074 1332 3113 s
1354 3053 1440 3122 Cum
1459 3055 1557 3132 itaque

453 3154 540 3220 dicat
560 3157 723 3237 inspiritu
740 3157 857 3239 indicii
869 3166 902 3222 ot
921 3158 1041 3238 spiritu
1056 3158 1192 3223 nationis
1212 3157 1325 3223 sordes
1344 3158 1416 3221 sive
1437 3160 1557 3238 peccata

448 3257 646 3339 judaeorum
667 3258 846 3323 infidelium
867 3259 994 3323 diluere
1005 3257 1199 3337 Dominum,
1216 3260 1313 3323 talem
1332 3262 1499 3344 mysticam
1518 3258 1557 3319 in·

452 3359 571 3440 telligit
590 3362 808 3441 expiationem
822 3361 992 3442 pertidum
1009 3379 1099 3438 sane,
1115 3380 1259 3442 quacum
1275 3361 1452 3442 aliquando
1466 3356 1556 3425 lsrael

449 3478 531 3523 suae
551 3460 706 3541 pertidiae
725 3472 882 3542 expertus
903 3463 1123 3543 ignominiam,
1138 3462 1278 3527 salutem
1300 3471 1504 3543 assequetur,
1523 3458 1558 3521 si·

452 3567 509 3623 cut
530 3570 562 3625 et
583 3570 712 3626 ceterae
731 3572 854 3643 gentes,
876 3566 902 3629 si
925 3571 1031 3628 tamen
1053 3563 1271 3643 crediderint;
1293 3562 1390 3627 aliter
1411 3563 1443 3625 in
1465 3557 1560 3643 perdi·

453 3662 571 3725 tionem
593 3663 696 3728 ibunt.
721 3663 864 3746 ldeoqne
885 3664 994 3740 addit,
1025 3664 1171 3727 omnium
1194 3680 1305 3727 rerum
1326 3662 1464 3726 instante
1483 3660 1558 3730 dus,

452 3774 616 3845 quotquot
639 3766 854 3848 Evangelicus
883 3784 992 3831 sermo
1013 3765 1236 3847 purificaverit
1257 3766 1289 3829 iu
1310 3774 1457 3845 tempore
1478 3779 1560 3845 prac-

450 3867 533 3928 senti
553 3865 622 3929 sive
642 3885 684 3930 ex
697 3866 825 3949 iudaeis
845 3868 915 3930 sive
937 3885 979 3930 ex
1001 3866 1165 3945 gentibus,
1180 3865 1317 3928 mundos
1340 3864 1421 3927 iore.
1445 3862 1485 3927 lit
1506 3863 1559 3923 hoc

451 3980 566 4041 reapse
586 3965 668 4030 illud
692 3970 832 4046 primam
865 3976 990 4048 tempus
1011 3968 1165 4048 respicit,
1198 3985 1265 4047 qno
1287 3966 1385 4031 homo
1406 3965 1560 4027 arbitratu

450 4067 586 4146 proprio
605 4068 702 4132 utem
718 4068 837 4135 Christi
854 4070 1072 4151 amplexatus,
1086 4068 1166 4133 colit
1186 4077 1219 4132 et
1232 4075 1362 4147 servat;
1384 4076 1417 4131 et
1438 4068 1470 4129 in
1492 4064 1558 4135 lide,

450 4184 629 4250 perquam
650 4170 790 4235 mundus
810 4171 915 4236 iactus
936 4180 996 4247 cst,
1021 4188 1124 4251 usque
1146 4170 1185 4233 ad
1209 4178 1347 4234 mortem
1367 4172 1556 4248 perseverat.

531 4266 567 4330 ln
589 4286 629 4333 eo
648 4278 758 4333 autam
780 4272 869 4352 quod
886 4271 968 4345 dicit
978 4270 1157 4351 Origenes,
1180 4267 1324 4333 Verbum
1349 4266 1407 4331 llei
1430 4266 1560 4348 sprevis-

448 4385 483 4432 ιι
498 4375 531 4431 ιι
544 4366 713 4452 Evangelii
728 4372 1000 4454 purificationem,
1025 4361 1227 4453 proindeque
1240 4371 1428 4451 semetipsos
1448 4369 1559 4431 lustra·

452 4469 592 4535 tionibus
612 4474 802 4552 poenalibus
822 4492 882 4538 nec
906 4492 970 4538 uou
990 4475 1154 4555 gehenuae
1179 4473 1259 4553 ignis
1282 4471 1482 4537 cruciatibus
1498 4483 1559 4531 ser·

453 4577 556 4649 ratos,
578 4572 758 4638 nullimode
778 4575 818 4639 ad
839 4576 1051 4644 novissimum
1075 4584 1221 4656 tempus,
1245 4574 1327 4637 idest
1348 4573 1387 4637 ad
1416 4572 1558 4638 lateran
