3375 5567
1181 689 1242 760 ἥδ

552 797 693 866 catut
718 796 806 863 XlX.

146 1008 299 1073 liurtim
316 1007 471 1088 quomodo
489 1005 712 1088 accipiendum
731 1003 786 1080 rit,
800 1003 887 1086 quod
908 1000 1061 1086 Oriprurr
1079 1004 1241 1088 ripuitiaa·

175 1111 215 1174 ait
232 1113 286 1175 arrd
303 1110 468 1178 oocadult'r
487 1111 670 1174 animarum
691 1109 864 1173 deeceueua
885 1115 921 1173 et
939 1123 1100 1173 utamur.
1172 1165 1177 1175 .

144 1355 251 1479 Plura
271 1418 381 1482 adluno
402 1422 532 1480 maueut
551 1416 629 1482 unic
649 1413 840 1480 dtrcurrioul
862 1414 967 1479 alliula
988 1414 1185 1480 exsolvenda
1200 1416 1241 1480 de

142 1519 265 1598 quadam
285 1517 436 1599 Origeuir
467 1517 609 1581 lormuln
630 1517 693 1580 cub
718 1517 815 1581 titulo
840 1516 1023 1582 animarum
1043 1535 1192 1581 arcentur
1212 1526 1242 1579 et

141 1623 300 1692 dicemur,
311 1640 369 1684 eeu
381 1623 490 1701 topcur
499 1628 528 1682 ct
542 1620 681 1693 reditun
694 1619 791 1696 uude,
803 1628 935 1700 praeter
945 1620 1126 1686 celebratos
1135 1619 1241 1686 Tlteu·

142 1725 263 1802 pttilum,
280 1719 517 1804 Hieronymum
545 1731 578 1786 et
602 1721 832 1803 Epiphaniam,
856 1717 1047 1800 Numerius,
1067 1741 1106 1788 ac
1126 1723 1240 1788 tlaiude

142 1827 324 1888 recentiores
348 1831 555 1905 praetextum
577 1832 772 1903 repererunt
797 1823 972 1904 origenem
1004 1833 1168 1889 errantem
1189 1843 1240 1890 re·

140 1927 312 2006 darpueudi.
337 1925 380 1989 Et
399 1927 553 2007 primum,
576 1927 608 1987 iu
629 1924 728 1989 Libro
745 1924 791 1988 De
807 1923 959 1988 Oratione
979 1944 1009 1989 n.
1029 1924 1081 1993 29.
1104 1929 1237 1992 ecmbit:

130 2049 154 2108 ,ι
171 2025 264 2096 Nolle
286 2043 366 2090 vero
389 2033 526 2106 propter
545 2023 664 2102 dubia,
688 2041 775 2105 quae
794 2026 957 2090 morimur
978 2026 1018 2089 de
1039 2027 1087 2088 hia
1110 2028 1237 2091 verbio:

139 2145 170 2189 rc
187 2147 241 2191 ror
259 2127 396 2191 inducor
409 2126 446 2192 iu
466 2124 739 2200 tentoriorum
759 2143 845 2207 quae
860 2129 956 2192 etiem
976 2127 1124 2208 Apostoli
1145 2147 1239 2193 rocca

139 2231 322 2295 inmedlum
342 2229 561 2306 rdduximur,
594 2211 863 2293 considerandum
885 2237 955 2303 eat,
976 2247 1016 2291 an
1038 2231 1238 2294 inveniamur

139 2329 236 2410 dignae
249 2347 379 2406 eorum,
394 2349 479 2412 qnae
497 2347 680 2410 repugnare
696 2329 860 2405 ridentur,
875 2329 1065 2394 solutiones.
1086 2329 1241 2395 Arbitror

138 2427 228 2497 llenm
249 2435 393 2514 ringulae
415 2433 589 2497 rationales
609 2434 732 2495 animae
752 2433 796 2494 ita
817 2431 1014 2512 dtopensare,
1039 2439 1076 2496 nt
1095 2435 1134 2496 nd
1156 2452 1239 2498 rem-

138 2535 284 2612 piteruam
304 2553 422 2599 eorum
444 2537 542 2597 ritem
564 2534 736 2612 respiciat3
770 2533 888 2595 nabent
908 2533 993 2596 enlm
1014 2534 1092 2598 illae
1111 2552 1240 2615 semper

137 2633 264 2698 liborum
280 2635 465 2710 arbitrium,
480 2643 514 2698 et
525 2641 639 2715 apoute
653 2635 704 2696 vel
722 2636 754 2695 in
774 2633 963 2698 melioribus
980 2643 1066 2710 suut,
1085 2645 1117 2699 et
1131 2653 1241 2700 aecen-
1260 2655 1263 2666 ·

137 2735 206 2798 dunt
226 2755 399 2818 usquequo
418 2737 458 2799 ad
481 2737 642 2800 bonorum
662 2737 787 2815 apicem
806 2735 1025 2815 pervenerint,
1049 2737 1101 2800 rel
1122 2738 1164 2801 ob
1183 2755 1238 2802 ne·

137 2838 308 2919 plipeutiam
325 2842 422 2903 rariia
436 2839 634 2902 descendunt
654 2839 756 2900 modia
769 2839 802 2899 iu
819 2845 942 2900 tantum
960 2839 1149 2903 vellentem
1173 2857 1239 2904 ma·

137 2939 214 3004 litiae
233 2943 415 3006 cumulum.
438 2940 520 3006 Cum
543 2942 643 3019 igitur
656 2941 797 3003 celerior
816 2946 851 3001 et
865 2939 1123 3018 compendiosior
1143 2959 1239 3005 cura·

138 3041 175 3102 tiu
186 3048 405 3121 contemplum
421 3041 613 3120 qutbuudam
629 3059 766 3104 suorum
788 3042 953 3119 ingeneret
969 3041 1173 3118 moriturum,
1189 3045 1236 3107 uli

136 3149 243 3206 turatu
261 3143 419 3217 lucilium,
433 3161 501 3223 quo
515 3143 564 3218 tlt,
578 3149 616 3204 ut
631 3143 732 3204 aauatl
747 3143 866 3203 iterum
880 3142 911 3203 iu
932 3140 1061 3204 eosdem
1076 3143 1235 3206 incidant:

136 3261 189 3306 uun
208 3262 228 3306 a
250 3246 375 3308 ratioue
394 3247 537 3307 alienum
558 3247 640 3320 erit,
662 3246 688 3306 oi
711 3244 865 3306 molitiem
887 3244 918 3305 in
940 3243 989 3306 hie
1005 3240 1116 3323 (Deua)
1132 3245 1239 3324 negle-

136 3347 224 3421 rerir,
245 3353 278 3408 et
297 3348 526 3426 contempserit
546 3361 708 3419 creauere,
729 3351 762 3405 et
783 3345 825 3404 ita
849 3342 999 3418 dilinudi,
1024 3353 1060 3406 nt
1081 3345 1238 3408 insanabi-

135 3441 168 3505 lis
186 3444 259 3519 liat,
274 3462 343 3525 quo
362 3443 486 3508 diutine
507 3445 667 3508 immorati
684 3444 783 3517 malo,
800 3453 832 3506 et
849 3455 981 3521 peccem
1002 3444 1175 3524 concupito
1195 3446 1235 3508 etl

136 3559 277 3608 nauteam
299 3560 403 3624 usque
419 3546 537 3621 ratiati,
551 3545 703 3606 damnum
720 3542 845 3605 taudem
860 3561 956 3608 enum
970 3545 1119 3625 aentlaut3
1134 3546 1237 3625 quud·

136 3661 192 3723 que
214 3649 306 3727 prius
326 3647 468 3727 amplexi
488 3655 576 3720 aunt,
592 3646 732 3720 oderint,
754 3647 916 3708 accurati
939 3646 1059 3724 possint
1080 3647 1237 3711 redditam

136 3747 307 3811 animarum
327 3749 495 3811 uanitatem
517 3746 642 3809 llrmius
665 3749 804 3809 retinere
825 3757 887 3809 etc.
911 3765 928 3803 u
1011 3801 1014 3809 .

205 3847 256 3913 lix
278 3850 328 3913 luit
348 3850 440 3912 diutia
460 3849 573 3912 odensi
595 3848 805 3922 recentiores,
827 3849 860 3907 iu
882 3848 944 3910 huc
965 3848 1052 3924 luco,
1074 3851 1236 3928 inquiunt,

136 3961 237 4026 aperte
257 3969 316 4014 rua
338 3950 461 4013 aemuia
487 3950 605 4013 occinit
625 3949 800 4028 Origenes,
832 3949 953 4010 animas
975 3951 1153 4028 quemlihet
1174 3958 1237 4013 eta-

137 4056 195 4113 tum
215 4053 361 4133 adeptae,
376 4051 504 4115 arbitrii
518 4054 569 4116 rui
589 4052 739 4114 libertate
758 4051 799 4117 nd
815 4049 895 4113 bene
912 4051 963 4112 vel
978 4053 1062 4114 male
1077 4051 1236 4130 agendum

135 4149 203 4228 lrui,
225 4173 264 4218 ae
284 4165 459 4235 perpetuos
483 4173 552 4218 eene
572 4153 707 4233 proinde
728 4171 746 4215 a
767 4153 916 4234 superuis
945 4153 984 4215 ad
1014 4153 1167 4216 inferiora
1190 4153 1238 4216 la·

135 4268 202 4330 ptus
221 4263 256 4318 et
270 4256 395 4321 raditur
415 4265 477 4320 etc.
495 4257 555 4320 ilat
575 4256 735 4319 undenam
757 4266 788 4319 et
809 4257 975 4336 quomodo
997 4257 1078 4319 hunc
1090 4258 1237 4319 eruerint

135 4363 184 4416 aut
201 4358 391 4431 somniariut
410 4358 607 4432 illationem,
630 4359 748 4420 nescio.
771 4357 952 4421 contextus
973 4375 1048 4420 sane
1071 4356 1168 4419 aliter
1188 4356 1235 4418 iu·

136 4451 222 4519 dicat.
245 4457 362 4539 Agitur
381 4463 467 4524 enim
488 4462 636 4538 quamtio
656 4460 697 4520 de
719 4459 958 4532 tentationibus,
982 4457 1100 4537 quibus
1122 4459 1153 4518 iu
1175 4459 1235 4521 lac

136 4554 191 4618 rita
210 4577 320 4623 omues
339 4561 577 4641 subjiciuntur,
607 4561 717 4624 diriuu
739 4570 844 4623 tameu
875 4560 1000 4625 auxilio
1020 4557 1210 4637 superandis
1221 4579 1232 4637 ι

250 4659 311 4723 Vol.
335 4661 381 4724 ΙΙ.
950 4681 952 4686 ’
1078 4655 1119 4724 tt
