3375 5567
348 849 351 855 .
419 811 512 874 pore,
533 811 601 875 quo
622 792 728 860 iscius
748 800 796 859 eci
816 795 969 873 utendus,
989 794 1066 863 sniis
1087 800 1205 874 seius,
1230 799 1280 862 roi
1300 799 1518 880 quodcunque

414 911 487 958 eene
507 896 665 978 eppeiisri
685 900 838 978 oportet,
864 915 935 962 esse
954 901 1118 980 coeperit,
1140 900 1195 965 seu
1223 909 1394 981 suteqseus
1414 901 1513 965 iuusus

415 996 498 1060 iiiuti
517 1006 552 1061 et
571 999 688 1064 eruens
717 1015 838 1078 corpus
858 1000 1006 1065 inirerei.
1029 999 1076 1064 iic
1096 1000 1174 1063 iune
1195 1011 1229 1063 et
1251 997 1354 1064 stetiis
1381 1001 1518 1065 siusiiitsr

413 1100 608 1177 sentiemus,
629 1100 718 1180 quot
738 1117 782 1164 er
805 1103 912 1163 crusis
933 1099 1218 1182 procedentibus,
1239 1105 1390 1180 quemvis
1410 1102 1517 1164 iuritse

416 1201 605 1281 conspuisse
633 1203 697 1264 sint
715 1200 832 1284 subjici
855 1203 988 1267 sseitstt
1008 1203 1051 1266 uis
1069 1200 1210 1283 proemia
1234 1202 1443 1278 intucoruu,
1463 1219 1519 1265 sos

418 1315 512 1364 suem
532 1301 652 1378 hoece,
673 1299 729 1365 seii
751 1300 916 1367 Greetoris
938 1301 1151 1378 reiunietun,
1184 1317 1202 1364 s
1224 1319 1291 1382 quo
1311 1303 1343 1365 iu
1366 1303 1444 1368 iirec
1462 1301 1522 1367 οὓ·

416 1399 466 1463 cie
487 1399 680 1466 distributae
699 1409 785 1466 suut
806 1420 825 1459 s

494 1499 547 1563 Oi
569 1503 648 1567 issec
667 1509 701 1566 et
720 1510 829 1566 ceiers
853 1501 1038 1584 hujumodi
1058 1500 1192 1568 siiunde
1209 1503 1250 1565 eis
1271 1503 1333 1568 ioc
1353 1503 1463 1585 Opere
1482 1501 1523 1567 iis

417 1597 596 1682 Principiis
615 1610 783 1683 excerpis,
798 1619 857 1667 seu
879 1601 1007 1682 tonsu,
1021 1604 1091 1668 sire
1111 1621 1189 1684 pree
1202 1604 1325 1668 inscitie
1345 1621 1412 1669 non
1424 1621 1521 1687 seque

417 1704 663 1783 comprehense,
684 1703 754 1768 sire
773 1704 846 1767 eliis
867 1704 907 1768 de
928 1706 1046 1781 censis,
1068 1712 1181 1769 contre
1202 1703 1374 1785 Origeueru
1398 1707 1521 1770 uestie-

419 1820 471 1867 me
492 1803 651 1869 concitum
671 1812 732 1881 esi,
756 1805 857 1868 vetuti
878 1805 1001 1885 legitur
1021 1805 1052 1869 iu
1072 1803 1218 1885 Epistola
1238 1803 1426 1871 iustiuienic
1449 1805 1519 1870 «st-

420 1905 506 1985 quis,
528 1905 645 1985 iuquit,
667 1905 756 1982 dicit,
777 1912 836 1968 eui
856 1906 952 1970 rentii
971 1908 1192 1986 praeexistere
1214 1906 1378 1970 hominum
1396 1908 1520 1982 enimes,

418 2012 532 2084 utpote
552 2024 639 2086 quae
658 2016 753 2070 suiee
774 2014 895 2070 tuentes
918 2007 1039 2070 tuerint
1058 2017 1090 2069 et
1111 2015 1239 2071 senctee
1261 2007 1413 2082 virtutes,
1435 2007 1520 2070 setie-

418 2113 581 2186 isietuque
600 2108 723 2189 cepisse
742 2104 870 2170 disinee
890 2108 1170 2187 contemplationis
1188 2115 1221 2170 et
1241 2108 1273 2169 iu
1293 2105 1440 2171 ieterius
1455 2125 1522 2171 con·

419 2223 528 2270 renes
548 2223 629 2283 esse,
651 2214 751 2287 stoue
764 2207 887 2272 idcireo
907 2207 1108 2270 retexisset
1133 2205 1189 2270 Dei
1210 2208 1382 2283 ctoritate,
1403 2218 1437 2272 et
1458 2208 1523 2271 iotis

415 2305 527 2398 pepe
545 2324 661 2387 preeee
680 2308 763 2372 idest
775 2307 905 2371 moesos
923 2315 1055 2372 rocetos
1074 2306 1389 2388 coeterorumque
1409 2323 1477 2373 esse
1497 2309 1524 2369 in

418 2423 558 2488 corpore
579 2407 729 2488 supplicii
749 2425 863 2482 ceese,
883 2410 1053 2474 sestieese
1073 2411 1124 2473 sit.
1147 2427 1164 2466 s

502 2505 656 2572 Attamen
673 2510 720 2573 stc
739 2525 834 2572 resse
856 2508 1005 2588 Origenis
1026 2508 1137 2584 serie,
1152 2523 1215 2572 non
1234 2507 1412 2572 cuurnire
1429 2507 1524 2588 iuuet

416 2609 503 2672 ieter
519 2624 568 2682 se,
588 2625 650 2673 nec
669 2607 837 2673 iieflsuer
856 2623 932 2672 estu
954 2607 1099 2674 Auctore
1118 2607 1297 2690 Episioiee,
1320 2625 1383 2672 uec
1401 2617 1522 2673 utren·

417 2726 484 2790 que
504 2724 579 2772 cum
597 2709 864 2790 interpretatione
886 2706 1097 2795 Hieronymi3
1119 2717 1152 2774 et
1172 2709 1215 2773 eb
1235 2709 1319 2772 hene
1340 2711 1522 2774 veristeten

419 2808 569 2874 Eiitnres
590 2808 756 2874 Ruiiiuum
777 2809 883 2890 peleto
916 2819 1112 2876 ecouserunt
1142 2811 1228 2893 quud
1260 2810 1362 2872 motio
1391 2807 1526 2873 οηιὶειήε

419 2907 456 2972 iss
474 2927 534 2973 eso
553 2907 820 2988 iuterprusiissec
839 2916 873 2970 et
888 2909 951 2973 inc
970 2913 1077 2987 estes,
1092 2915 1125 2974 et
1135 2925 1223 2973 runc
1241 2907 1315 2973 dieu
1329 2908 1449 2973 istsum
1468 2916 1521 2972 est

420 3008 570 3076 ltussinus
589 3011 672 3074 euim
694 3009 815 3090 ipsein
836 3008 979 3089 Proiupo
999 3011 1178 3075 obtestetus
1198 3013 1246 3073 esi
1266 3009 1359 3085 nihii,
1381 3010 1437 3073 uiti
1457 3026 1524 3088 epe·

418 3111 517 3176 ister
535 3109 574 3174 tie
585 3109 869 3185 *iisiiosoiiiiiou
883 3119 1023 3175 mutusne
1037 3111 1077 3175 tic
1098 3111 1221 3192 enecti
1240 3109 1409 3175 eotiiciisus
1419 3105 1526 3190 tirine-

420 3212 549 3278 eiecto
569 3213 643 3277 iiee
662 3211 768 3294 siquid
791 3210 1013 3294 Hieronymus
1032 3219 1067 3276 et
1087 3211 1213 3276 Auctor
1236 3207 1402 3294 Epistoise
1421 3213 1456 3276 iu
1471 3225 1525 3276 sut

423 3315 573 3380 versione
591 3315 803 3396 uicipueruui
831 3327 1006 3378 monem
1027 3320 1061 3378 ci
1082 3315 1212 3379 serium
1233 3313 1275 3376 eii
1295 3331 1356 3390 eu,
1378 3313 1465 3394 quei
1483 3313 1525 3374 in

421 3421 622 3495 terpretetus
639 3423 688 3479 esi
708 3411 872 3493 iiuiiiuus3
895 3414 950 3477 sei
969 3411 1117 3494 origenis
1138 3421 1276 3480 utentem
1291 3429 1358 3480 seu
1374 3413 1526 3494 percepit·

420 3529 471 3590 se,
488 3531 547 3579 seu
567 3516 696 3579 oeetces
710 3531 790 3596 pree
809 3513 956 3578 mentius
971 3514 1120 3580 bsieioe
1141 3522 1328 3596 corruptos,
1351 3515 1437 3580 ustie
1451 3511 1524 3577 teies

426 3622 642 3695 sequerentur
663 3615 832 3690 ieisiietes,
856 3613 1020 3678 istentiuur
1040 3623 1098 3680 est.
1121 3613 1273 3680 Ceterum
1289 3622 1377 3696 petet
1395 3633 1438 3680 ex
1452 3609 1527 3676 ΙΙΙ·

424 3711 479 3774 flui
502 3713 649 3776 versione
662 3714 743 3776 nihii
763 3715 835 3776 erni
851 3731 958 3794 posse,
974 3715 1060 3793 quod
1078 3715 1219 3797 dopmeti
1240 3715 1403 3779 cetisoiico
1416 3713 1525 3786 obstet3

426 3812 478 3875 vei
497 3812 611 3875 seiiem
632 3814 665 3875 in
684 3831 752 3892 qno
775 3815 873 3878 seint
894 3813 973 3876 irerc
987 3811 1149 3877 sentientis
1170 3821 1203 3878 ei
1221 3813 1388 3879 scribentis
1403 3825 1525 3892 perrer-

422 3912 499 3974 siiss
526 3912 759 3975 meniiestctur.
781 3910 897 3993 quue
925 3914 1026 3993 magis
1054 3913 1141 3994 quoti
1162 3911 1320 3993 Origenes
1348 3915 1445 3978 bisin
1469 3910 1525 3972 inec

421 4013 460 4076 tis
479 4009 597 4074 Anime
615 4013 805 4092 ousestiore
823 4013 889 4087 sit,
915 4031 953 4076 se
971 4026 1062 4076 neore
1084 4011 1245 4076 trecieutii
1267 4021 1303 4076 et
1322 4007 1520 4093 sumenti,

422 4113 527 4177 neiis
547 4112 722 4185 utsustoso.
744 4129 808 4177 uos
828 4122 938 4178 eutesn
961 4113 1065 4177 rsiuii
1083 4115 1233 4194 &purete
1255 4111 1450 4194 puuisrsudi.

463 4211 522 4278 tie
542 4213 737 4293 peremissis,
759 4214 836 4294 quie
857 4214 916 4278 sibi
939 4213 1017 4278 retii
1036 4213 1193 4294 Origenes
1213 4214 1245 4276 ie
1265 4215 1363 4280 eiieis
1380 4211 1520 4295 pericope

421 4319 680 4393 perimimur,
702 4312 881 4392 preec'que
892 4309 946 4374 uisi
968 4311 1037 4391 ipse
1056 4308 1165 4405 ψυχῆς
1179 4311 1306 4377 eriuse
1321 4305 1520 4387 suscepstiu-

420 4413 469 4476 sis
489 4411 612 4476 ioutetu
624 4412 791 4491 disquiritc
809 4427 887 4474 num
901 4411 1027 4474 sciiieei
1039 4428 1089 4489 er,
1102 4429 1189 4492 quse
1205 4410 1295 4485 dicii,
1309 4399 1519 4473 mutuum

421 4513 485 4578 risi
503 4530 579 4578 cn
594 4512 863 4594 pitiiosspisom
884 4511 1128 4596 connubio
1148 4510 1316 4576 eei-ebus
1335 4505 1455 4580 russie
1474 4499 1516 4562 b·
