3375 5567
179 743 235 804 ritn
251 740 381 806 Sancto:
403 742 460 808 sed
473 743 515 808 ab
535 744 626 810 initio
640 744 681 808 ad
702 744 798 810 linem
814 751 918 810 totum
940 743 1088 830 Origenis
1104 747 1277 815 relormas·

176 859 205 904 se
222 841 309 921 (lpus
330 841 548 925 Perimelen,
574 856 612 911 ut
632 848 730 915 aliter
749 847 928 926 iudicaret,
951 867 1049 929 quam
1072 853 1132 914 isto
1161 835 1275 914 voluit.

177 941 234 1008 tint
253 945 419 1012 latendum
439 957 488 1015 est
509 947 738 1017 ndanmttom
758 950 789 1015 iu
811 951 876 1016 boc
898 958 1039 1017 tractatu
1059 969 1122 1015 non
1142 953 1202 1018 sibi
1219 970 1276 1014 un·

175 1065 261 1126 qnam
280 1050 472 1116 constitisse.
488 1048 693 1134 Ubicumque
713 1056 798 1118 enim
811 1054 874 1120 lroc
889 1054 1019 1134 pertigit
1033 1063 1273 1135 argumentum,

169 1149 253 1227 jnrta
273 1148 466 1234 Hieronymi
488 1155 669 1220 versionem
690 1154 787 1222 modo
807 1158 860 1234 pie
880 1154 921 1220 de
942 1155 1023 1220 lesu
1044 1155 1175 1221 cbristo
1205 1177 1276 1222 cro·

171 1250 240 1312 didit
250 1271 263 1330 3
285 1253 384 1320 modo
405 1253 658 1336 blasphematit3
680 1258 777 1324 modo
798 1260 941 1340 negarit,
962 1257 1050 1340 quod
1075 1265 1167 1322 antea
1188 1258 1275 1324 odir-

173 1357 261 1419 narit
272 1375 285 1434 3
305 1357 376 1423 site
397 1375 416 1419 e
438 1365 574 1426 eontra:
598 1359 686 1438 qnod
715 1368 821 1424 tamen
843 1358 1027 1441 pbilosopbi
1052 1377 1115 1423 non
1136 1367 1197 1436 est,
1218 1361 1274 1426 sed

170 1456 335 1521 delirantis.

240 1557 400 1639 insuper,
422 1562 543 1640 cuique
574 1562 634 1625 ltos
652 1560 756 1628 libros
787 1563 991 1642 percurrenti
1020 1570 1133 1645 patet,
1156 1560 1275 1626 Hniiini

171 1660 424 1738 translationem,
449 1664 495 1726 uti
517 1662 615 1726 modo
637 1682 672 1726 se
693 1663 811 1739 babet,
833 1666 865 1726 in
886 1663 999 1726 ordine
1023 1666 1276 1744 argumentatio-

169 1761 209 1822 o‘s
226 1761 286 1825 sibi
299 1771 462 1843 perpetuo
482 1764 673 1843 cobaerere;
687 1782 726 1830 ac
748 1765 821 1828 ideo
835 1766 954 1845 potiori
970 1765 1046 1846 jure
1061 1763 1274 1828 dubitandum

169 1879 228 1923 esse
246 1860 287 1926 de
306 1862 429 1928 codicis
449 1865 558 1944 graeei
578 1865 755 1944 genuitate,
775 1883 844 1945 quo
875 1884 952 1928 usus
973 1872 1020 1928 est
1042 1862 1274 1947 Hieronymus,

168 1977 255 2039 qnam
278 1963 565 2043 reprehendendus
584 1965 625 2027 sit
649 1963 813 2040 Huffinos,
839 1967 927 2046 quod
949 1966 1076 2032 codices
1096 1967 1276 2030 emendarit

170 2063 197 2124 io
208 2065 371 2129 nonnuliis
384 2066 588 2131 dictionibus.
605 2064 648 2129 Et
660 2066 733 2130 ideo
747 2067 778 2129 in
800 2069 862 2132 boo
875 2068 1049 2132 novissimo
1068 2067 1143 2130 loeo
1155 2069 1274 2136 denno.

168 2165 245 2241 quod
258 2167 338 2229 aiibi
361 2174 508 2230 notatum
522 2175 584 2241 est,
607 2169 715 2232 malim
729 2169 961 2234 obtestationes
982 2171 1176 2244 instaurare,
1192 2188 1274 2249 quas

170 2264 305 2332 Rediens
327 2271 434 2347 primo
454 2278 488 2334 et
503 2272 599 2334 tertio
619 2270 705 2335 libro
719 2269 762 2332 ne
784 2269 957 2350 Principiis
981 2271 1143 2350 praemisit
1167 2272 1200 2332 in
1222 2289 1274 2330 or-

168 2368 231 2432 dine
251 2371 409 2435 versionis
429 2389 521 2446 snae,
543 2371 587 2435 ob
600 2389 652 2448 sa,
675 2391 761 2452 qnae
776 2375 805 2438 ei
827 2375 1039 2454 exprobravit
1057 2371 1274 2455 Hieronymus

169 2469 245 2534 circa
264 2473 506 2537 emendationes
527 2472 647 2539 eisdem
663 2473 727 2538 bue
748 2476 830 2540 illuc
842 2474 957 2540 inlatas
976 2474 1076 2537 tibris.
1093 2472 1274 2553 Significant

170 2571 329 2648 nimirum,
346 2573 511 2640 Rudinum
526 2575 606 2638 nibil
626 2576 745 2640 ibidem
765 2575 968 2652 emendasse,
985 2575 1040 2639 ubi
1055 2574 1095 2638 de
1112 2574 1276 2639 rationali·

170 2671 222 2736 bus
240 2678 404 2740 creaturis
423 2677 604 2756 agebatur3
623 2677 679 2738 sod
700 2677 743 2740 lta
766 2676 967 2742 transtulisse
991 2676 1091 2740 ueluti
1113 2674 1144 2738 in
1165 2674 1276 2738 codiee

169 2789 276 2850 traeco
297 2778 509 2856 legebautnr3
532 2778 591 2842 nisi
606 2779 695 2859 qnod
716 2778 906 2858 paraphrasi
922 2775 1119 2857 quandoque
1140 2795 1219 2840 usne
1234 2777 1276 2839 ait

170 2874 224 2937 alia
243 2897 286 2942 ex
308 2877 382 2940 aliis
410 2878 597 2957 explanans.
623 2877 670 2941 lie
692 2875 849 2943 Trinitate
879 2894 958 2940 reru
984 2883 1128 2950 tantum,
1150 2877 1272 2956 inquit,

168 2977 261 3056 siquid
284 2980 459 3042 invenisset
477 2979 526 3042 illi
547 2979 764 3052 contionum,
785 2979 873 3060 quod
895 2979 936 3039 ab
949 2976 1090 3056 Origene
1112 2976 1143 3038 in
1159 2979 1275 3042 ceteris

169 3077 237 3142 loeis
251 3085 303 3161 pie
318 3081 485 3144 delinitum
506 3090 555 3142 est
575 3081 615 3142 de
629 3082 699 3160 ipso
721 3081 893 3162 mysterio,
911 3088 1066 3157 tanquam
1087 3076 1224 3142 alterins
1240 3097 1273 3138 o·

171 3198 242 3258 pos,
263 3193 324 3246 ant
346 3183 615 3261 praetermisisse,
637 3171 697 3246 seu
718 3181 923 3246 emendatum
946 3185 1037 3243 rento
1058 3177 1200 3258 dogmati
1221 3197 1274 3241 ac-

169 3284 390 3346 commodasse.
409 3281 479 3346 Han
496 3301 595 3362 porro
613 3281 730 3346 Huiliui
752 3281 980 3346 obtestationes
1002 3297 1076 3343 enm
1095 3279 1197 3359 iurgii
1221 3297 1273 3342 re·

170 3383 315 3448 bemeotis
336 3401 468 3462 germen
489 3382 728 3446 constituissent
753 3384 836 3447 iuter
862 3403 896 3445 se
917 3401 955 3446 ae
972 3379 1219 3462 Hieronymum:
1241 3383 1273 3444 in

169 3480 255 3548 Libro
277 3483 302 3548 l.
325 3483 563 3547 invectivarum
584 3502 615 3546 n.
636 3482 686 3548 lt.
708 3484 920 3549 correctionis
942 3501 1064 3563 genus,
1086 3480 1174 3564 quod
1196 3499 1272 3546 ere-

169 3588 216 3662 rit,
237 3587 335 3650 latins
357 3587 500 3666 explieat
524 3584 670 3649 llnidnus
691 3586 818 3650 dicens:
843 3607 860 3646 a
883 3583 956 3652 Nou
977 3585 1061 3648 enim
1077 3583 1273 3664 generaliter

170 3689 304 3764 ommim,
319 3706 372 3750 me
384 3705 448 3750 nou
469 3687 690 3766 prolaturum,
707 3704 793 3766 qnae
813 3695 919 3752 meent
933 3685 1006 3751 fidei
1021 3685 1198 3764 contraria,
1217 3684 1272 3746 sod

171 3803 245 3862 tuae
264 3787 332 3868 ipsa
353 3787 414 3852 sibi
434 3795 540 3852 essent
559 3787 744 3865 eontraria3
762 3788 815 3850 rel
828 3804 914 3866 qnae
935 3803 952 3848 a
969 3786 1142 3874 semetipso
1155 3784 1274 3848 diserc-

171 3895 250 3962 pant,
271 3905 335 3950 non
355 3905 440 3966 qnae
460 3905 479 3948 a
502 3906 566 3964 mo,
590 3887 642 3949 rel
663 3887 704 3948 ab
725 3887 837 3966 aliquo
858 3887 924 3950 alio
945 3885 1212 3965 discreparent.»

239 3986 289 4052 Hx
310 3989 359 4050 bis
377 3989 456 4053 satis
475 3994 630 4052 accurate
651 3988 817 4070 perpensis
839 3987 945 4051 verbis
967 3985 1154 4059 deducitur,
1174 3983 1273 4046 liudi-

170 4101 236 4150 nnm
256 4088 288 4149 in
310 4088 519 4152 translatione
540 4088 660 4152 borum
681 4089 843 4153 librorum
864 4087 904 4150 de
924 4086 1094 4150 erroribus
1115 4085 1215 4164 ipsius
1229 4084 1273 4146 0-

171 4185 278 4264 riyenis
292 4188 380 4266 (dato
401 4197 434 4252 et
457 4207 520 4254 nou
544 4197 679 4268 accepto
700 4189 806 4269 ipsum
825 4188 964 4268 errasse)
981 4203 1096 4268 psrnm
1120 4185 1172 4248 rel
1193 4185 1272 4246 nibil

171 4285 337 4350 sollicitum
364 4287 485 4362 tuisse,
511 4307 570 4352 neo
601 4287 807 4364 confutasse,
832 4306 939 4368 neque
968 4285 1149 4350 correxisse
1181 4301 1273 4362 prae·

172 4391 214 4450 ter
231 4407 291 4463 ea,
311 4407 398 4470 quae
417 4409 528 4456 secum
549 4393 632 4472 ipso,
656 4390 706 4453 tel
728 4408 804 4454 enm
824 4389 970 4470 subjecta
994 4386 1127 4452 materia
1149 4403 1271 4466 pugna·

171 4499 242 4568 rent3
263 4493 350 4570 qnod
371 4511 448 4558 sane
470 4494 635 4574 speciatim
657 4493 689 4554 in
703 4511 740 4557 re
761 4493 865 4572 grati,
882 4489 1016 4571 Origeni
1039 4495 1197 4569 perpetuo
1211 4486 1269 4550 sibi

287 4592 347 4656 Vnt.
372 4591 419 4656 tl.
1115 4585 1154 4654 '15
