3375 5567
207 782 251 848 lla
268 787 316 850 lais
337 805 401 852 uon
421 789 584 854 dubitasse
600 791 729 853 ridetur
749 789 905 870 Origenes
928 791 966 854 dc
988 799 1151 855 astrorum
1167 795 1233 854 ani-

146 886 249 962 usirr,
276 889 374 952 sicuti
397 890 437 952 de
463 892 604 971 quadarn
634 893 824 954 earumdem
853 894 1072 956 rationalitate
1094 911 1151 955 noe
1175 911 1236 956 non

144 989 175 1050 de
191 990 334 1069 proiectu
356 1000 389 1053 et
402 993 548 1070 ipsorum
568 993 723 1072 deoesan;
739 1009 844 1072 eoque
867 994 966 1074 magis
989 995 1075 1074 quod
1099 995 1236 1056 nonnul·

144 1091 412 1170 lastripenrarutn
428 1095 606 1156 testimonia
628 1093 669 1157 de
684 1095 744 1156 trac
765 1095 941 1158 assertione
961 1095 1020 1158 sibi
1040 1095 1233 1175 adstipulari

142 1203 305 1270 appareret.
330 1192 453 1256 Varum
474 1212 608 1274 quoquc
630 1204 729 1273 patet,
746 1196 945 1258 haecomnia
964 1197 1025 1260 soa
1046 1197 1236 1277 disputatio·

144 1294 180 1354 nis
190 1295 252 1356 aire
267 1295 530 1375 interrogationis
545 1297 652 1378 specie
665 1297 830 1361 collocare
845 1297 1094 1378 adamantium
1109 1299 1149 1361 de
1165 1301 1235 1378 qui·

144 1395 192 1457 las
208 1395 282 1458 aliisi
303 1406 489 1477 apportans
509 1399 668 1462 instaurat
688 1398 853 1476 studiuta3
877 1399 933 1463 ulti
955 1408 986 1462 ot
1007 1400 1145 1481 anplius
1166 1417 1236 1464 sen-

143 1516 201 1560 snn
219 1514 316 1561 suurn
346 1498 512 1578 explanat.
540 1497 581 1562 Et
601 1502 793 1579 praesertim
825 1501 887 1564 hoc
917 1503 1238 1566 animadvertendum

144 1607 193 1673 est;
206 1599 306 1679 quod,
319 1601 378 1662 etsi
399 1601 483 1662 coeli
503 1608 590 1661 astra
612 1600 750 1662 snlrnata
765 1611 797 1662 et
819 1602 1020 1664 rationabilia
1043 1604 1235 1677 consideret,

142 1708 169 1760 et
184 1699 336 1779 quasdam
359 1702 390 1762 in
412 1700 531 1762 aaran
548 1701 715 1763 voluntate
735 1719 796 1765 suo
815 1704 950 1782 qnoque
970 1704 1067 1766 modo
1089 1705 1239 1767 mutatio-

143 1819 187 1863 nes
204 1801 385 1880 perceperit
393 1820 406 1878 ;
436 1801 646 1864 nihilominus
666 1812 833 1865 astrorum
862 1805 987 1864 animae
1013 1813 1186 1880 naturam,
1209 1813 1241 1866 ct

144 1903 176 1962 alt
193 1903 342 1982 angelicis
355 1910 388 1964 ei
401 1903 443 1964 als
454 1902 740 1966 hamanisnatnris
751 1903 935 1966 omnimode
946 1902 1140 1978 distinxerit,
1158 1913 1189 1967 et
1208 1909 1239 1966 in

144 2002 197 2065 alio
213 2005 328 2068 ordine
347 2005 565 2084 disposuerit3
581 2011 613 2066 et
633 2005 798 2083 speciatim
819 2005 906 2084 quod
922 2004 961 2066 ad
975 2005 1109 2068 illorutn
1127 2009 1241 2069 attinet

144 2106 264 2170 liberm
288 2107 501 2180 nahalateca,
521 2125 585 2186 qua
600 2123 617 2167 a
635 2104 703 2168 Deo
724 2107 897 2168 rationales
915 2107 1062 2170 conditae
1077 2117 1152 2171 sunt
1165 2109 1240 2172 sult-

142 2209 263 2270 stantiae
282 2208 485 2270 coelestcset
508 2213 687 2269 terrestres.
708 2205 802 2282 Quae
821 2209 917 2270 sicuti
938 2209 1089 2286 superius
1110 2209 1175 2272 late
1195 2209 1242 2271 dt-

142 2311 316 2382 aduinus,
331 2327 367 2370 se
382 2323 497 2370 resera
517 2309 658 2386 suipsius
681 2310 843 2370 arbitratu
866 2311 999 2388 proprio
1014 2310 1053 2371 ad
1071 2310 1188 2374 liberos
1210 2328 1244 2372 a·

143 2422 203 2474 ctus
220 2409 396 2474 eliciendos
411 2427 428 2469 a
445 2407 513 2470 lieo
535 2411 667 2472 donatas
689 2427 759 2472 esse
778 2421 959 2484 sensarum,
974 2410 1070 2490 juxta
1086 2412 1166 2474 illud
1184 2411 1244 2475 Ec·

143 2513 300 2576 clasiastici
320 2530 350 2572 c.
373 2507 443 2572 XV.
467 2506 525 2573 tit:
558 2520 631 2572 unta
650 2509 804 2572 inmineat
824 2511 892 2572 nito
919 2519 947 2572 ei
968 2529 1064 2586 asora,
1084 2511 1197 2574 ῠοεειεεει
1217 2521 1246 2575 ει

144 2616 271 2678 mar:
295 2613 383 2692 qsnd
392 2610 552 2692 placaretis
572 2609 614 2686 si,
626 2611 756 2674 deuter
773 2611 838 2673 iiii.
862 2611 909 2674 do
925 2613 1001 2675 licet
1016 2630 1154 2693 corpora
1174 2631 1247 2677 coe·

144 2714 224 2778 lestis
243 2716 385 2778 animata
399 2720 432 2774 at
453 2712 656 2774 rationabilia
676 2712 717 2773 ab
738 2713 853 2775 eodem
870 2709 1011 2791 Origene
1035 2712 1122 2786 iinnt,
1142 2723 1247 2777 tamen
1317 2752 1321 2760 .

143 2817 237 2892 quoad
260 2817 380 2878 aaran
395 2815 605 2893 cogitationes
626 2821 658 2876 ei
678 2821 783 2886 acius,
808 2812 894 2875 nude
916 2815 1066 2891 praesuiis
1081 2815 1149 2876 sire
1172 2833 1248 2893 poe·

144 2917 310 2980 siseeiude
330 2923 364 2978 et
383 2915 515 2994 quidem
533 2916 713 2977 necessario
734 2916 866 2992 capacis
885 2913 1102 2988 teneantur,
1125 2915 1166 2976 alt
1188 2917 1248 2978 isac

145 3019 260 3093 penitus
282 3018 441 3080 destitisse
461 3023 587 3078 constat
607 3016 769 3093 opinione,
792 3022 830 3076 ut
852 3031 911 3094 pro
933 3014 1051 3077 eisdem
1073 2995 1248 3095 aliqnando

144 3115 205 3180 iera
222 3137 243 3180 a
265 3116 337 3180 Deo
356 3117 549 3195 inquirenda
570 3116 738 3194 cogitaret.
761 3112 855 3189 Quae
876 3116 981 3176 omnia
1001 3135 1019 3176 e
1040 3117 1249 3194 sequentibus

146 3218 298 3296 mallent.

215 3317 250 3380 lu
275 3317 373 3380 Libro
394 3315 433 3380 V.
458 3336 488 3379 n.
510 3313 560 3384 td.
582 3325 694 3378 contra
716 3316 861 3392 (lebeta,
887 3315 992 3379 eidem
1017 3318 1186 3395 respondet
1208 3320 1252 3380 O·

146 3419 261 3498 ripenes
282 3435 344 3482 cnr
354 3419 465 3498 iudaei
480 3435 585 3498 aeque
603 3436 642 3480 ac
660 3419 825 3482 christiani
842 3435 904 3480 non
919 3418 1053 3482 adorent
1073 3428 1157 3482 astra
1180 3439 1253 3482 cne-

145 3520 297 3595 lindiam,
318 3521 432 3584 lunam
452 3530 486 3582 et
503 3522 636 3583 stellas:
657 3541 674 3580 s
692 3518 798 3596 Quae,
819 3520 936 3597 inquit,
958 3521 990 3580 si
1006 3520 1136 3582 adorari
1159 3539 1254 3600 opor·

148 3625 265 3696 ιείεεει,
299 3639 365 3684 aon
386 3620 540 3701 prolecto·
565 3632 700 3701 propter
729 3620 811 3681 illud
834 3620 943 3682 lumen
975 3621 1142 3693 sensibile,
1165 3623 1254 3701 quod

149 3724 255 3786 uultis
274 3724 458 3786 adorationi
479 3733 527 3786 est
538 3741 550 3800 ς
582 3723 637 3784 sed
660 3724 767 3799 potius
788 3727 925 3798 propter
952 3719 1153 3799 intelligibile
1174 3723 1256 3784 illud

148 3834 176 3884 et
196 3843 313 3888 rerunt
327 3825 439 3887 lumen
460 3823 589 3886 adorari
609 3821 992 3902 oportuisse13siquidem
1015 3830 1046 3884 et
1067 3831 1152 3886 astra
1175 3825 1257 3887 coeli

148 3937 216 3988 suat
235 3925 387 3988 animalia
410 3927 537 3988 ratione
559 3932 591 3986 et
613 3926 735 3986 virtuto
756 3922 923 4003 praedita,
946 3931 1045 4002 atqua
1065 3923 1106 3985 alt
1127 3925 1181 3986 illa
1204 3924 1259 3989 Sa·

151 4028 284 4102 pientia,
307 4045 392 4106 quse
414 4028 497 4090 lueis
517 4024 843 4103 aetsnnae,splendur
862 4031 931 4100 est,
955 4015 1143 4104 cognitionis
1165 4027 1260 4089 lurni·

150 4143 185 4187 aa
196 4128 461 4190 illustrabstntur.
477 4125 560 4190 Nasu
576 4127 663 4188 illud
674 4139 790 4190 eornm
803 4126 919 4188 lumen:
928 4125 1077 4188 sensibile
1093 4145 1174 4204 opus
1189 4128 1258 4206 eius

150 4238 205 4304 est,
224 4230 285 4309 qai
306 4230 432 4292 crearit
452 4229 578 4302 carnin
599 4228 685 4307 quod
707 4236 818 4291 autem
833 4225 1034 4306 intelligibile
1057 4227 1192 4290 tortasse
1207 4229 1262 4291 laa-

152 4327 396 4407 leat,.illsranr
417 4339 478 4406 est,
501 4337 595 4392 etex
616 4328 764 4402 arbitrio,
782 4327 870 4407 qnod
886 4327 917 4390 in
939 4329 984 4390 eis
1006 4335 1066 4402 est,
1089 4327 1263 4406 proticisci·

152 4437 217 4494 inre
234 4452 253 4491 a
265 4431 392 4507 innoc,
414 4434 552 4511 quisque
575 4431 672 4503 ridet,
689 4429 846 4508 Origenes
867 4427 1009 4491 incertus
1026 4427 1124 4506 radin
1141 4443 1199 4490 nec
1214 4427 1260 4490 ai-

153 4529 292 4609 iruare‚
313 4553 372 4597 aec
394 4544 514 4612 negare
533 4532 633 4597 audet
652 4531 831 4610 quidquam
852 4530 1077 4594 rationalitatis
1100 4539 1131 4593 et
1146 4530 1262 4592 intolli-

153 4637 272 4708 ssentiae
294 4652 406 4714 genos,
429 4634 514 4696 unde
535 4651 571 4697 ca
594 4643 679 4698 nstra
703 4634 935 4713 gubernantur.
