3375 5567
161 774 289 835 virtutem
309 773 467 838 insecuto
487 782 644 846 venturo,
663 778 886 836 verumtamen
908 771 1000 834 istam
1026 770 1175 834 charitati
1198 774 1243 834 in*-

159 873 276 936 aioribiii
295 877 470 940 obnoxiam
491 893 551 956 pro
573 876 684 950 beatis,
706 875 803 938 sicuti
822 891 883 956 pro
905 873 1060 937 damnatis
1081 876 1241 938 avenioni

154 974 255 1050 abeo,
276 978 496 1057 insuperabili,
519 979 550 1040 io
570 995 636 1058 qua
659 978 780 1040 mortui
802 985 888 1041 sunt.

217 1074 432 1152 Quamobrem
444 1079 483 1141 ad
500 1081 631 1142 citatam
653 1079 837 1159 pericopam
855 1076 1155 1157 vestonionensis
1176 1097 1245 1142 sen·

151 1199 207 1240 suu
218 1197 426 1261 assequemur
445 1191 636 1256 statuentes,
657 1183 798 1245 animam
820 1182 937 1260 inipso
959 1179 1086 1242 intentis
1107 1186 1197 1254 ortu,
1214 1188 1246 1244 et

153 1283 231 1342 stiam
249 1293 321 1346 ante
342 1285 444 1363 ipsius
464 1292 589 1359 ortum,
607 1284 686 1347 dnm
706 1284 815 1346 adbuc
836 1283 867 1344 in
890 1291 984 1346 utero
1007 1283 1118 1344 rastris
1139 1281 1244 1360 degit,

151 1383 230 1444 sicuti
250 1385 279 1444 in
294 1383 446 1448 tutorum
468 1393 594 1466 tempus
614 1403 757 1465 semper,
771 1385 844 1446 boui
868 1383 919 1446 vei
936 1383 1011 1444 maii
1031 1385 1245 1446 sensationern

154 1485 216 1557 pati,
235 1502 252 1546 a
274 1483 343 1548 Deo
357 1486 555 1566 dispensari,
577 1503 782 1566 equaquam
806 1504 884 1550 vero
903 1485 942 1549 de
962 1502 1045 1547 aevo
1066 1485 1246 1563 conceptio·

149 1585 175 1641 ai
187 1588 270 1661 paeri
282 1587 316 1647 in
335 1586 412 1650 atro
433 1595 580 1650 materno
595 1588 808 1669 praecedente
821 1587 991 1660 indicasse,
1006 1585 1100 1666 qnasi
1121 1586 1247 1648 animas

149 1690 412 1762 praeexistentiam
433 1692 465 1752 in
486 1689 587 1752 coetis
608 1695 761 1769 putaret,
788 1687 876 1769 quod
897 1705 974 1750 sane
1000 1703 1063 1750 non
1084 1689 1247 1766 excogite-

153 1787 186 1845 ιιι
200 1787 416 1853 adamantius.
441 1789 583 1871 ideoque
603 1790 721 1852 ibidem
735 1788 866 1852 subdit:
889 1810 908 1848 a
928 1785 1020 1866 Quos
1041 1795 1148 1852 motus
1169 1806 1246 1850 csn·

148 1907 189 1948 sss
208 1901 370 1966 praestare
391 1892 584 1955 meritorum
607 1891 781 1957 verisimile
801 1899 851 1954 cst
878 1891 979 1954 etiam
1001 1891 1193 1970 prinsquam
1213 1890 1245 1950 in

147 1989 197 2050 boc
215 1992 333 2054 mundo
354 1993 478 2072 aliquid
498 2001 616 2073 agam:
640 2000 678 2056 ut
698 2011 759 2073 pro
780 1993 829 2056 bis
842 1993 966 2054 meritis
989 1990 1040 2054 vei
1059 1989 1166 2054 nausis
1187 2007 1245 2068 per

149 2091 273 2154 divinam
293 2094 531 2172 providentiam
550 2098 660 2159 rtatim
674 2112 694 2158 a
709 2095 811 2176 prima
827 2095 1008 2166 nativitate,
1030 2093 1129 2155 immo
1143 2099 1176 2155 et
1189 2108 1245 2154 so·

151 2203 175 2252 ts
191 2196 400 2272 nativitatem,
416 2203 454 2260 ut
474 2200 518 2260 ita
536 2197 657 2272 dicam,
673 2197 849 2276 (nimirum
870 2196 948 2258 dnm
959 2194 1068 2258 adbuc
1088 2202 1136 2258 est
1152 2193 1182 2254 in
1203 2194 1245 2254 si-

148 2298 315 2371 unmetris,
339 2313 403 2358 non
426 2313 505 2361 vero
518 2299 634 2376 antea)
651 2298 703 2360 rei
726 2298 799 2360 boni
819 2297 943 2377 aliquid
960 2296 1009 2358 vei
1032 2295 1107 2358 maii
1129 2311 1244 2375 perpr-

146 2395 167 2455 ti
182 2394 410 2477 dispensentur.
433 2397 476 2462 Et
496 2400 575 2464 baec
595 2401 728 2481 quidem
740 2399 941 2479 (concludit)
956 2399 1040 2462 dicte
1061 2399 1124 2460 sint
1138 2397 1178 2460 dc
1193 2396 1242 2460 bis

143 2511 213 2571 puae
233 2500 385 2563 ridentur
405 2501 601 2577 bominibus,
624 2502 675 2565 rei
696 2519 715 2565 a
733 2503 837 2585 prima
859 2502 1026 2564 nativitate
1046 2499 1167 2570 statim,
1191 2497 1242 2560 vol

143 2597 225 2662 ctiam
243 2609 421 2682 antequem
442 2603 576 2666 inbono
595 2604 704 2668 lucem
726 2611 955 2686 prorumpant,
978 2605 1120 2667 etenim.
1145 2621 1162 2658 o

208 2697 287 2764 Cnm
310 2703 422 2783 itaque
436 2721 479 2765 ex
495 2702 614 2766 Ruiiiui
637 2707 784 2768 versione
806 2705 961 2768 Auctoris
980 2721 1098 2784 scopus
1114 2704 1146 2765 in
1166 2701 1243 2764 cite·

146 2804 173 2858 to
183 2810 382 2879 argumento,
398 2805 577 2883 etquidem
598 2806 740 2886 dogmati
755 2807 917 2870 eatboiico
932 2807 1099 2880 unisonus,
1121 2803 1243 2884 perspi·

146 2915 193 2960 cre
212 2910 341 2983 pateat3
372 2905 498 2969 discere
526 2907 641 2970 deinde
664 2908 782 2970 reitesn
812 2906 971 2988 quidquid
1003 2906 1190 2970 occuitetur
1209 2906 1241 2967 in

147 2997 317 3086 Hieronymi
335 3006 544 3070 transtatione
559 3027 601 3070 ex
622 3009 734 3072 iisdem
758 3010 864 3072 verbis
879 3008 1060 3082 eleborata,
1076 3025 1150 3070 curn
1168 3005 1242 3070 Ori·

146 3119 238 3178 penem
257 3109 447 3189 toquentem
465 3109 599 3186 inducit,
615 3111 703 3190 qnod
719 3112 873 3176 iactentcs
894 3111 987 3174 matis
1007 3110 1173 3190 spiritibus
1192 3125 1241 3170 re·

146 3205 289 3284 deantur,
305 3219 341 3273 et
355 3212 387 3272 iu
403 3212 545 3274 hericios
560 3213 769 3292 inspirentur,
792 3215 834 3274 ita
852 3223 888 3276 ot
908 3213 1005 3274 etiarn
1028 3211 1163 3274 daemon
1184 3227 1241 3292 py-

144 3307 273 3374 tbooicns
286 3331 344 3375 eos
359 3313 531 3392 possideat:
548 3335 564 3374 v
581 3312 671 3389 Quos
686 3316 859 3380 deretictos
880 3333 949 3378 esse
963 3315 1048 3394 apud
1072 3312 1240 3394 providen-

144 3407 204 3470 tiam
224 3409 281 3476 iiei
292 3457 305 3488 ,
326 3432 403 3478 cum
424 3415 503 3476 nibii
525 3416 589 3478 tate
621 3418 844 3496 patrarerint,
879 3424 916 3479 nt
937 3418 1028 3479 istius
1050 3414 1135 3478 modi
1156 3415 1240 3476 inss-

143 3511 212 3574 niam
230 3516 450 3589 sustinerent,
479 3533 542 3578 non
562 3524 610 3580 est
630 3517 728 3597 ejus,
758 3520 813 3598 qni
836 3518 913 3580 nibil
939 3518 1008 3580 vuit
1029 3517 1151 3595 absquo
1173 3512 1241 3578 Deo

144 3609 212 3685 beri,
233 3623 266 3678 et
286 3617 507 3680 omnia‘iiiins
526 3617 650 3697 justitia
678 3619 865 3698 gubernari.
889 3639 905 3676 n
929 3617 1000 3681 Hoc
1022 3620 1151 3698 inquam
1174 3617 1241 3678 eio-

143 3714 303 3795 quioquid
331 3718 391 3780 sibi
415 3719 493 3782 velit
516 3719 696 3800 Origenes,
725 3731 758 3782 et
779 3722 945 3801 quomodo
975 3719 1241 3798 praecedentibus

144 3821 320 3894 conveniat,
343 3821 416 3899 quis
436 3821 583 3883 divinare
607 3824 747 3900 poterit,
775 3823 893 3884 nescio.
924 3819 1241 3900 Quomodoonmque

144 3917 252 3980 taudem
272 3923 337 3995 sit,
360 3931 487 3985 certum
510 3931 616 3986 tamen
636 3931 705 3999 est,
727 3924 876 4002 Origenis
896 3941 1076 3986 sermonem
1100 3923 1240 3986 isacium

143 4033 199 4078 esso
212 4021 250 4082 ab
264 4025 454 4104 interprete,
476 4042 582 4105 aeque
604 4027 915 4104 argumentationem
938 4026 977 4088 ad
1002 4026 1173 4088 terminum
1187 4041 1242 4086 su·

144 4133 188 4178 tm
206 4125 415 4200 perductam,
446 4143 514 4206 quo
534 4126 689 4206 perduxit
710 4147 751 4190 ex
772 4145 834 4190 sno
855 4127 966 4189 codice
987 4125 1137 4190 Rudinus
1148 4145 1159 4203 3
1181 4141 1240 4187 nec

145 4217 203 4281 ideo
223 4223 290 4284 nita
314 4224 392 4290 tides
414 4224 602 4309 Hieronymi
622 4228 760 4290 versioni
779 4227 958 4290 adhibenda
981 4234 1039 4290 est.
1312 4213 1317 4224 ’

208 4323 361 4389 Ceterum
376 4327 463 4407 qood
480 4327 522 4390 ibi
543 4329 668 4391 excutit
683 4327 852 4406 Origenes,
873 4327 1049 4408 principale
1070 4323 1168 4405 ipsius
1189 4341 1241 4386 ar·

143 4435 314 4496 tomentum
336 4439 397 4502 est,
422 4432 529 4493 varios
549 4449 643 4492 casus
663 4430 891 4510 investigandi,
914 4429 1032 4510 quibus
1052 4429 1156 4489 anima
1180 4427 1239 4489 bu·

144 4538 219 4587 osus
239 4548 257 4588 a
273 4532 421 4611 propitiis
440 4541 473 4594 et
487 4533 637 4596 adrensis
653 4532 829 4596 virtutibus
851 4539 1002 4595 movetur
1018 4530 1058 4592 ad
1079 4528 1238 4609 agendum

144 4645 154 4658 ⁸
256 4630 317 4693 tot.
343 4631 387 4696 11.
1086 4629 1121 4698 18
