3375 5567
442 760 551 817 catum
570 748 726 814 radicitus
745 754 939 816 enecaretur
958 757 1021 815 etc.
1037 769 1054 806 a
1069 747 1112 815 lit
1131 753 1179 816 sic
1193 766 1357 832 exponens
1371 768 1398 813 s.
1414 746 1540 832 Epipha-

440 852 525 929 nius,
548 853 782 934 praetermissis
803 851 948 932 genuinis
967 850 1115 932 Origenis
1140 850 1328 928 codicibus,
1351 851 1438 916 hand
1458 853 1540 915 sensit

440 954 564 1036 (veluti
589 954 694 1018 sarius
717 955 778 1019 hnc
803 956 938 1019 sensisse
959 952 1108 1032 videtur)
1129 972 1164 1017 se
1185 953 1290 1020 eidem
1315 954 1541 1035 interpretatio·

440 1056 473 1120 ni
494 1058 667 1120 convenire
679 1079 692 1137 3
713 1074 810 1136 qnam
833 1074 897 1120 una
918 1074 992 1119 eum
1014 1076 1053 1121 eo
1074 1065 1107 1120 et
1124 1059 1237 1138 priscis
1258 1055 1410 1121 Patribus
1430 1055 1541 1119 admisit

442 1158 771 1238 irreprehensibiliter
790 1159 1018 1222 Adamantius„

523 1257 744 1339 Quapropter,
758 1259 882 1323 cunctis
899 1260 962 1322 huc
978 1261 1137 1323 revocatis
1151 1278 1213 1341 pro
1224 1259 1370 1324 Auctore
1384 1275 1541 1338 argumen

443 1362 505 1437 tis,
528 1378 631 1423 nonne
651 1361 771 1442 jures.
794 1358 1001 1441 Pamphilus,
1035 1360 1223 1444 Auonpmns
1244 1364 1276 1424 in
1297 1359 1541 1432 Proedests‘aoto,

378 1526 381 1537 ,
444 1460 630 1526 Vincentius
644 1463 816 1535 lirinensis,
832 1464 954 1543 aliique
973 1463 1124 1527 obtestati
1144 1472 1233 1539 snut,
1250 1463 1329 1526 laisa
1352 1463 1471 1541 scripta
1491 1462 1541 1525 sui

442 1560 591 1641 Origenis
612 1564 738 1625 nomine
761 1563 829 1640 (uti
853 1581 895 1625 ex
916 1564 1061 1641 praelato
1082 1562 1255 1630 Clementis
1284 1562 1486 1626 alexandrini
1506 1568 1541 1622 te

440 1664 590 1727 stimouio
611 1663 804 1739 deducitur)
824 1663 952 1743 vulgata
968 1665 1065 1727 inisse
1086 1682 1145 1745 per
1164 1664 1314 1727 ecciesiae
1326 1660 1344 1726 i
1356 1670 1390 1725 et
1404 1680 1422 1724 a
1437 1661 1540 1742 quihus

443 1762 556 1828 deiude
576 1767 749 1847 scriptores
769 1765 913 1831 nonnulli
930 1767 988 1830 etsi
1006 1767 1151 1829 doctrina
1166 1775 1198 1829 et
1218 1766 1388 1829 sanctitate
1403 1764 1538 1843 insigues,
1594 1783 1595 1794 ¹

442 1865 582 1929 inlausta
603 1868 703 1943 illusi,
727 1868 833 1932 sirum
856 1870 945 1948 pium
965 1876 998 1931 et
1019 1868 1146 1931 lidelem
1167 1875 1205 1930 ut
1222 1874 1385 1931 errantem
1403 1863 1541 1945 reproha-

444 1964 540 2031 runt?
561 1965 794 2047 intereavero,
815 1970 841 2033 si
859 1969 1028 2045 Methodii‚
1045 1968 1218 2044 Eustathii,
1231 1966 1354 2044 Basilii,
1373 1965 1540 2047 Epiphanii,

444 2062 639 2147 Theophili,
662 2066 875 2152 Hieronymi,
898 2069 1080 2151 Antipatri,
1102 2076 1135 2132 et
1156 2068 1310 2132 Auctoris
1330 2066 1493 2148 Epistolae
1509 2064 1541 2125 ad

445 2164 616 2243 Mannum,
639 2187 781 2250 quornm
802 2171 859 2234 uni
879 2171 921 2233 ah
940 2171 1052 2234 alteris
1071 2172 1252 2236 successive
1271 2169 1356 2232 dicta
1379 2167 1542 2233 haeredita·

447 2276 536 2345 ruut,
558 2270 755 2350 parcendum
768 2273 810 2334 sit
824 2272 989 2350 illusioni;
1009 2272 1137 2336 minime
1160 2280 1265 2336 umen
1284 2272 1403 2350 patiar,
1425 2268 1540 2333 maledi·

446 2387 561 2433 eorum
584 2372 743 2435 occultari
758 2371 924 2453 perlidiam
934 2393 947 2452 3
962 2374 1018 2453 qui
1039 2373 1193 2454 genuinos
1210 2370 1359 2451 Origenis
1378 2369 1477 2433 lihros
1494 2368 1539 2431 dc

446 2481 639 2551 pravarnnt,
655 2474 754 2554 ipsius
769 2473 919 2555 dogmata
934 2474 1085 2540 talsautes
1106 2474 1247 2556 inprobi
1271 2473 1333 2540 riri
1354 2470 1540 2553 ignominiam

446 2578 479 2636 et
500 2580 707 2655 posterorum
727 2573 928 2639 scandalum.
