3375 5567
446 782 556 838 nutem
588 772 685 838 modo
705 773 751 838 sie
773 776 981 858 intelligimus
1009 786 1147 842 textum.
1181 775 1288 859 Siquis
1309 779 1453 862 intallip't
1471 799 1542 864 qnae

445 883 494 940 est
517 893 592 938 vera
613 875 715 954 seius,
738 879 964 958 etnequirere
979 879 1051 944 ruit
1071 897 1143 943 enan
1163 880 1303 944 salutem
1322 882 1541 959 animaesuae,

444 978 504 1041 iate
523 976 753 1042 abrenuntians
776 978 858 1044 hene
880 982 1001 1057 ritem,
1024 981 1184 1061 denegans
1203 982 1369 1059 seipsum,
1391 991 1424 1046 et
1443 984 1543 1047 tollens

446 1093 579 1140 erucem
598 1095 704 1153 sunm,
726 1086 758 1142 et
778 1097 917 1160 sequens
938 1080 1117 1155 Christum,
1140 1079 1246 1162 perdit
1267 1089 1424 1161 quantum
1443 1084 1481 1146 ad
1500 1103 1545 1147 ro·

446 1179 588 1242 luntntes
603 1180 750 1244 curnules
764 1183 903 1246 animum
918 1201 1012 1247 suam
1034 1191 1169 1264 propter
1185 1181 1363 1259 Christum,
1384 1191 1417 1248 et
1430 1193 1545 1266 propter

446 1297 573 1342 omnem
594 1280 775 1345 doctrinam
790 1283 874 1365 ejus:
896 1292 930 1347 et
951 1285 1090 1364 perdens
1103 1287 1242 1350 animam
1264 1301 1358 1349 snam
1380 1286 1440 1350 boo
1452 1287 1543 1362 modo,

446 1379 553 1444 solvet
573 1397 643 1442 esur
667 1398 725 1461 per
746 1399 846 1462 opera
870 1386 1007 1464 pietatis.
1031 1405 1047 1442 s

894 1584 995 1650 Verrio
1015 1584 1127 1650 iiaetia'

525 1785 624 1854 liudo
645 1788 834 1870 obsipnetnr
854 1807 939 1872 qnae
960 1790 1069 1872 prodit
1083 1788 1206 1855 Textus
1227 1808 1364 1872 graecus
1384 1791 1426 1854 de
1443 1792 1540 1855 eade·

443 1887 562 1954 Christi
582 1891 757 1955 sententie:
783 1890 926 1971 «Siquis
945 1900 1055 1955 nutem
1075 1902 1210 1972 propter
1228 1910 1411 1956 sermonem
1431 1911 1538 1966 meum,

444 1989 605 2068 usquede
622 1992 686 2054 vitu
708 1999 839 2056 ueternn
860 1978 1073 2071 pro'reritnte
1095 1984 1263 2056 decertare
1284 2011 1458 2073 persuasus
1476 1994 1539 2069 init,

446 2092 544 2154 viluna
559 2101 761 2172 praesentem
774 2101 993 2168 contemnens,
1008 2091 1147 2156 enimam
1160 2110 1254 2158 suam
1269 2093 1388 2173 perdit,
1402 2091 1477 2174 prn'a
1489 2096 1543 2175 pie

445 2201 510 2258 tute
531 2211 601 2258 enm
625 2195 753 2258 trudens
773 2196 818 2270 ei,
838 2194 927 2276 quoti
948 2195 1048 2275 vulgo
1066 2213 1156 2259 mors
1175 2197 1372 2276 appellatur.
1398 2195 1428 2260 is
1446 2204 1544 2278 utpote

442 2296 499 2376 qui
523 2297 620 2358 vitem
640 2314 733 2361 suern
750 2307 885 2378 propter
905 2315 957 2360 me
977 2298 1134 2373 amiserit,
1148 2299 1293 2361 servabit
1311 2315 1386 2361 enm
1400 2301 1502 2379 potius
1518 2308 1546 2360 et

442 2397 600 2462 tuebitur.
620 2395 694 2460 nno
709 2400 807 2463 etiem
828 2398 926 2463 modo
947 2398 978 2460 id
1000 2398 1088 2478 quod
1104 2398 1226 2462 dietum
1242 2407 1303 2475 est,
1318 2403 1467 2481 nooipere
1484 2417 1546 2480 pus·

441 2515 564 2563 sumus.
588 2496 694 2578 Siquis
714 2502 747 2563 in
768 2501 911 2565 nuimnru
931 2517 1028 2562 sunm
1049 2498 1217 2575 inducens,
1238 2499 1317 2579 qnid
1338 2501 1499 2577 sitsulns,
1518 2519 1545 2562 a·

440 2601 545 2674 uiruse
565 2618 646 2665 suen
665 2601 804 2665 sulutem
826 2586 980 2681 consenui
1002 2608 1105 2680 optat,
1130 2601 1214 2663 vitae
1233 2618 1314 2665 sune
1334 2604 1482 2667 nuntium
1501 2619 1543 2665 re·

442 2703 582 2779 mittens,
603 2719 742 2784 eumque
757 2703 902 2786 ejnroos,
923 2709 957 2766 et
970 2719 1103 2766 ornnem
1117 2700 1211 2765 sunus
1234 2702 1362 2778 tollens,
1378 2721 1419 2768 uo
1438 2722 1488 2768 ma
1504 2722 1545 2766 se

440 2822 556 2885 quens,
577 2805 716 2867 animum
738 2821 831 2868 suam
852 2803 975 2868 mundo
996 2802 1121 2884 perdat.
1149 2799 1312 2884 Numqui
1333 2823 1408 2868 eam
1429 2814 1547 2888 propter

441 2923 492 2970 me
513 2913 547 2970 et
562 2924 688 2970 ornnem
710 2921 814 2968 meum
836 2904 1016 2968 doctrinam
1033 2903 1223 2985 perdiderit,
1245 2904 1386 2970 salutem
1408 2907 1547 2989 adipiscu-

443 3014 510 3087 tur,
533 3007 627 3070 linem
649 3006 837 3088 perditionis
859 3006 1001 3088 hujus»

520 3105 643 3171 Collntn
675 3105 775 3184 igitur
806 3108 907 3169 reteri
937 3124 1012 3170 euru
1034 3106 1142 3187 graeei
1174 3112 1284 3169 textus
1313 3101 1546 3178 Trsnslatione,

443 3209 561 3288 inspice
582 3205 923 3287 discrepantiamque
948 3215 1039 3272 retus
1053 3206 1095 3270 sit
1108 3223 1212 3269 norae
1231 3208 1478 3286 praemittenda.
1495 3205 1546 3269 ie

442 3317 492 3370 tus
508 3326 647 3388 namque
664 3305 827 3388 interpres
841 3317 956 3372 exuste
977 3307 1140 3389 duplicem
1155 3306 1303 3388 Origenis
1317 3311 1543 3388 expositionem

441 3408 578 3489 protulit
598 3416 630 3472 et
645 3411 814 3490 perspicue
836 3409 868 3472 in
889 3409 1050 3473 dominico
1075 3426 1244 3472 sermones
1274 3409 1333 3490 pna'
1358 3421 1464 3474 nutem
1483 3427 1546 3490 pu·

440 3506 556 3572 diderit
569 3506 711 3572 unimam
730 3528 822 3573 sunm
833 3519 963 3590 propter
981 3529 1030 3573 aaa
1049 3506 1187 3572 insaniet
1200 3527 1280 3572 anm.
1304 3509 1341 3572 in
1366 3512 1470 3592 prima
1489 3511 1547 3572 ani·

442 3630 513 3674 tune
533 3611 746 3674 conditionem
761 3615 897 3688 statuit,
920 3612 1050 3692 quando
1072 3612 1144 3692 quis
1161 3610 1266 3675 fidelis
1287 3614 1394 3676 trudet
1410 3632 1470 3694 pro
1489 3612 1546 3692 pie·

442 3724 507 3778 tute
521 3713 589 3777 sire
603 3721 737 3794 propter
751 3711 916 3778 Christum
931 3716 1069 3776 unimam
1084 3731 1177 3778 snum
1193 3714 1225 3776 in
1246 3714 1547 3794 perditionemque

440 3816 481 3878 ud
504 3821 703 3897 praesentem
721 3816 831 3889 vitem,
856 3823 892 3877 ut
910 3823 1022 3878 servet
1035 3832 1106 3877 eam
1128 3814 1160 3876 io
1184 3816 1248 3876 vita
1269 3821 1416 3888 neterna,
1433 3816 1548 3879 seilicet

441 3919 607 3982 noniessns
629 3915 793 3980 Christum
814 3934 926 3980 norum
958 3914 1104 3996 ejusdem
1127 3915 1273 3978 hostibus
1293 3933 1368 3979 num
1389 3918 1488 3996 ipsius
1508 3916 1547 3974 si·

442 4034 492 4085 tne
506 4017 699 4084 discrimine.
718 4016 752 4079 ln
773 4018 914 4082 secunda
931 4035 1009 4081 sero
1023 4016 1302 4096 interpretatione,
1319 4017 1374 4080 uhi
1391 4019 1469 4080 dicit
1480 4017 1546 4080 (iri-

438 4141 533 4202 peues
554 4119 619 4182 ulio
642 4118 737 4182 motio
759 4119 895 4199 intelligi
917 4137 1009 4198 posse
1033 4117 1129 4180 rerba
1144 4114 1201 4198 pua'
1218 4116 1395 4197 perdiderit
1413 4117 1546 4181 naiman

438 4241 542 4292 suom,
566 4237 629 4282 nou
650 4219 695 4281 ait
714 4217 905 4297 simpliciter
914 4236 974 4297 pro
985 4217 1124 4299 pistule,
1150 4217 1206 4280 sed
1224 4237 1282 4298 per
1299 4237 1396 4299 opera
1412 4216 1545 4299 pietatis,

439 4322 525 4404 quod
538 4339 615 4385 seue
636 4321 676 4382 ab
693 4319 892 4382 antecedenti
913 4320 1180 4400 interpretatione
1193 4319 1315 4396 diiiert,
1334 4340 1409 4385 num
1423 4321 1476 4382 hle
1490 4336 1544 4380 nou

439 4423 598 4488 eoniussio
620 4421 692 4486 iidei
715 4420 877 4484 indicatur
898 4427 1034 4495 uotum,
1050 4419 1106 4483 sed
1128 4426 1163 4482 et
1182 4437 1283 4500 opere
1305 4421 1446 4501 pietatis,
1467 4435 1545 4499 quae

440 4524 634 4588 christianos
647 4521 769 4598 colens,
783 4521 945 4586 renuntiat
957 4518 1088 4584 diabolo
1098 4530 1131 4584 et
1142 4521 1291 4586 omuibus
1301 4521 1455 4604 operibus
1467 4520 1542 4592 suis,
