3375 5567
411 716 541 790 ritulis:
556 712 732 778 Ecclesiam
753 726 864 790 anoth,
886 711 1012 776 mnam
1028 708 1099 784 det,
1119 715 1150 774 et
1169 708 1326 774 ciuitatem
1345 705 1439 788 Varii,
1453 719 1513 776 tna·

411 837 508 901 quom
527 813 630 880 muris
650 823 770 898 reptem
791 812 922 878 acritate
939 835 948 876 r
971 813 1051 877 rictu
1066 829 1132 876 utto
1145 830 1224 876 orco
1237 809 1312 886 Noe,
1328 810 1376 876 ito
1389 829 1450 874 aaa
1465 809 1515 873 lle·

411 917 510 983 etesia
534 917 703 983 Christis«
720 918 767 981 dd
791 935 906 993 unum,
929 917 974 980 ait
995 914 1137 980 llomilia
1161 913 1202 978 ll.
1225 914 1261 978 io
1282 911 1513 978 Camunni.

413 1022 511 1086 totins
539 1021 787 1085 constructionis
816 1017 937 1097 (arcae)
968 1035 1140 1080 numerum
1170 1034 1295 1081 summa
1327 1022 1512 1078 revocetur:

410 1124 488 1202 qnia
511 1140 594 1186 nnus
615 1120 702 1186 Dens
725 1120 832 1196 Pater,
856 1138 897 1183 ex
918 1137 985 1198 quo
1005 1118 1125 1197 omnia3
1147 1125 1181 1180 et
1203 1135 1287 1180 unus
1303 1115 1467 1190 Dominus,
1489 1123 1516 1179 et

412 1242 476 1287 una
493 1223 657 1288 Ecclesiae
672 1223 750 1287 tides
764 1230 823 1295 est,
840 1239 941 1285 unum
959 1221 1128 1302 baptismo,
1145 1237 1247 1283 unum
1262 1237 1383 1299 cornus
1398 1225 1429 1282 et
1443 1235 1517 1282 nnus

412 1324 545 1405 spiritns
552 1343 565 1403 3
581 1333 613 1387 et
627 1324 667 1390 ad
684 1341 784 1387 unum
800 1323 1006 1404 perfectionis
1021 1318 1080 1385 liei
1098 1322 1193 1386 tinem
1206 1330 1323 1385 cuneta
1339 1321 1516 1384 festinant.»
1603 1343 1604 1364 t

492 1423 714 1506 Quapropter,
729 1426 755 1488 si
771 1443 867 1487 unam
890 1422 1009 1488 Christi
1031 1424 1115 1485 dixit
1136 1421 1338 1503 Ecclesiam3
1361 1431 1394 1486 et
1410 1422 1518 1502 nhiqne

412 1526 576 1589 lihrornrn
596 1544 733 1590 snorum
754 1544 851 1589 unam
872 1524 1079 1589 solummodo
1105 1525 1272 1588 admiserit
1299 1523 1473 1589 Ecclesiam
1491 1530 1518 1585 et
1603 1539 1604 1572 t

414 1626 544 1707 quidem
568 1627 823 1703 immaculatam,
843 1627 962 1693 Christi
984 1644 1146 1706 sponsam,
1169 1627 1200 1688 in
1222 1644 1286 1706 qna
1310 1643 1412 1690 nnnm
1430 1625 1519 1704 hanti-

413 1746 493 1803 sma,
519 1747 581 1791 nna
603 1729 693 1805 fides,
717 1748 818 1793 unum
841 1747 973 1809 corpus,
997 1746 1082 1792 unus
1102 1728 1257 1808 spiritns:
1282 1736 1415 1808 accepta
1430 1727 1519 1807 hypo·

415 1829 508 1905 thesi,
533 1838 579 1891 tot
599 1839 632 1893 et
653 1837 739 1892 tanta
761 1840 794 1894 et
815 1847 967 1910 perversa
990 1837 1023 1891 et
1043 1828 1132 1890 varia
1149 1836 1229 1890 etse
1248 1827 1518 1892 mutuocolliden·

415 1933 456 1992 tia
478 1931 654 1996 adstruisse
676 1933 825 2013 dogmata
848 1932 1041 2012 Origenem3
1074 1949 1136 1994 non
1159 1948 1255 1993 unam
1284 1949 1328 1994 ex
1350 1930 1449 2008 ipsius
1470 1946 1518 1991 ore

412 2033 620 2096 asserendum
643 2033 750 2110 locet,
776 2031 941 2096 Christum
963 2033 994 2094 in
1025 2031 1145 2097 mundo
1174 2029 1325 2093 fundasse
1355 2029 1517 2095 Ecclesiam

230 2135 236 2152 ⁸
288 2214 292 2221 ἢ
412 2132 525 2196 eadem
539 2132 613 2208 ilde,
628 2133 808 2215 eodemque
830 2133 947 2213 spiritu
969 2132 1194 2205 incedentem,
1218 2129 1340 2194 Christi
1362 2147 1517 2211 sponsam,

413 2231 563 2296 dilectam
586 2231 675 2314 lie03
690 2235 745 2301 sed
764 2234 875 2314 plnres
896 2233 1071 2296 instituisse
1093 2240 1126 2295 et
1140 2231 1269 2294 divisas.
1294 2230 1345 2296 ho
1375 2251 1453 2314 quas
1471 2231 1519 2294 ho·

417 2335 517 2398 mines
531 2338 768 2412 convenientes,
787 2335 1011 2416 unusquisqne
1027 2353 1086 2414 pro
1100 2335 1208 2400 lubitu
1225 2353 1298 2412 sno,
1316 2333 1483 2400 crederent
1493 2337 1520 2394 et

417 2433 570 2499 docerent
580 2457 593 2516 3
623 2437 853 2524 doctrinasque
873 2443 1101 2516 praetexerent
1116 2436 1184 2500 sive
1197 2437 1230 2499 in
1249 2455 1403 2511 numero,
1422 2453 1476 2498 sen
1493 2432 1520 2494 ir

415 2537 551 2599 essentia
573 2538 691 2614 varias,
713 2539 781 2601 sive
801 2538 898 2602 etiam
922 2539 1115 2613 contrarias,
1139 2545 1238 2619 prout
1258 2557 1301 2602 ex
1324 2537 1450 2617 ingenio
1468 2551 1519 2598 sno

415 2643 576 2716 putarent.
595 2634 636 2700 tlt
654 2637 727 2700 hinc
748 2645 984 2719 consequenter
1005 2637 1243 2714 deducendum,
1259 2643 1318 2702 ant
1334 2638 1451 2701 harum
1468 2635 1521 2699 sin·

415 2736 568 2816 gularnm
590 2738 799 2802 eeclesiarum
825 2740 938 2821 plnres
966 2739 1078 2802 haberi
1106 2737 1252 2804 Christos
1282 2739 1472 2803 fundatores
1492 2741 1521 2798 et

418 2838 606 2918 magistros,
628 2840 739 2920 plores
759 2848 794 2904 et
815 2841 919 2904 varias
941 2839 1015 2903 lidei
1038 2840 1179 2920 regulas,
1201 2839 1297 2920 plura
1318 2841 1519 2920 baptismate,

415 2938 511 3018 ptura
533 2958 685 3021 corpora,
708 2940 818 3020 plures
839 2940 998 3016 dominos,
1022 2941 1133 3020 plures
1154 2939 1242 3004 deos.
1260 2939 1330 3003 tint
1351 2942 1463 3004 saltem
1476 2954 1520 3000 ar·

415 3039 580 3118 guendnm
601 3040 696 3104 tidem
720 3058 817 3104 unam
832 3043 1029 3105 commisisse
1043 3039 1209 3104 Christum
1225 3041 1394 3105 hominurn
1409 3039 1520 3120 placitis

413 3138 638 3217 exponendam
658 3149 692 3205 et
712 3140 954 3221 acceptandam,
976 3141 1072 3204 sionti
1094 3139 1191 3203 hodie
1204 3143 1235 3204 in
1251 3141 1517 3206 heterodoxorum

412 3240 533 3304 scholis
555 3259 623 3304 mos
644 3250 701 3304 ost.
724 3239 767 3305 lit
786 3241 831 3305 ita
855 3240 982 3304 tandem
1005 3240 1230 3322 hujuscemodi
1252 3241 1440 3320 opinionum
1466 3257 1517 3303 nen

413 3356 489 3402 sane
511 3340 642 3404 minoris
668 3344 821 3414 momenti
843 3341 1090 3422 discrepantiam
1111 3342 1310 3406 constituere
1333 3342 1451 3408 Christi
1465 3337 1517 3403 Ec·

416 3438 546 3503 alesiam
568 3459 666 3504 unam
687 3451 720 3504 et
742 3443 1007 3521 immaculatam
1024 3460 1063 3508 ac
1080 3450 1231 3523 tanquam
1252 3461 1314 3506 nna
1332 3443 1429 3520 tides,
1445 3457 1518 3506 nnus

416 3542 548 3622 spiritus
563 3543 595 3604 in
608 3560 645 3604 ea
661 3543 918 3606 dominarentur:
939 3543 1084 3624 nihilque
1103 3543 1175 3606 ideo
1191 3544 1334 3607 iacienda
1351 3563 1431 3619 esse,
1446 3557 1518 3622 quoe

420 3650 589 3723 tantopere
610 3641 766 3722 Origenes
782 3643 959 3723 disputarit
973 3655 1083 3708 contra
1101 3645 1266 3707 variarum
1290 3644 1458 3709 haeresum
1476 3657 1522 3722 pt·

419 3749 540 3805 tronos.
562 3739 607 3804 Et
627 3742 703 3823 qnid
727 3745 825 3824 magis
847 3745 908 3808 han
930 3745 1077 3826 opinione
1098 3743 1306 3810 absurdum?

952 3944 998 4010 tx

497 4144 579 4211 Cum
600 4143 756 4226 Origenes
777 4147 874 4228 plnra
896 4147 1028 4211 doceret
1049 4147 1228 4212 istiusmodi
1249 4165 1350 4230 praru
1367 4147 1515 4227 dogmata,

418 4245 554 4310 lortasse
574 4248 724 4310 nescierit
743 4266 778 4312 se
799 4256 912 4313 contra
939 4255 1060 4314 statuta
1082 4249 1258 4328 apostolica
1286 4257 1319 4312 et
1343 4244 1519 4313 ecclesiasti·

415 4363 487 4412 cam
509 4348 713 4412 traditionem
727 4347 903 4412 incedere?
915 4347 1002 4414 Num
1023 4350 1140 4413 dubius
1155 4348 1329 4429 aliquando
1347 4349 1386 4412 de
1401 4347 1445 4410 his
1459 4359 1518 4406 orn·

419 4449 514 4514 nibus
536 4448 731 4517 lalritatihns
750 4451 823 4530 itit,
838 4468 897 4516 seu
919 4451 958 4514 de
980 4468 1094 4516 earum
1116 4452 1352 4532 consequentiis
1364 4438 1518 4517 incertus?
