3375 5567
451 793 508 848 eut
528 785 571 848 ob
589 787 668 849 alias
689 803 813 862 causas,
834 791 930 852 sieuti
952 788 1164 869 praetendunt
1183 806 1268 851 nuno
1290 788 1478 861 heterodoxi,
1496 788 1527 850 ds

450 887 549 968 bujus
569 890 807 952 insolubilitate.
831 889 1004 970 Nunquam
1027 909 1064 954 ao
1085 891 1198 954 nullibi
1220 892 1281 954 boo
1298 893 1468 971 suspicatos
1481 901 1528 952 est.
1557 961 1559 966 ,

452 991 500 1055 bo
521 1003 690 1072 propterea
713 994 744 1054 in
765 994 917 1072 praelatis
937 995 1002 1056 sois
1016 993 1232 1057 locutionibus
1246 993 1374 1056 indubie
1388 1000 1419 1055 et
1432 993 1532 1054 alaeri-

450 1103 501 1156 ter
520 1094 722 1157 adversarios
743 1107 929 1174 expugnet,
952 1097 1126 1158 divortium
1149 1097 1322 1159 mosaicum
1352 1097 1533 1157 committeus

447 1216 547 1278 super
567 1198 784 1260 bebreeorum
806 1199 1034 1272 infirmitatem,
1057 1209 1089 1260 et
1111 1199 1216 1260 cordis
1237 1217 1352 1260 eorum
1373 1198 1532 1273 duritiam3

447 1316 486 1361 ae
507 1298 579 1361 ideo
599 1299 746 1362 libellum
764 1301 886 1379 repudii
903 1316 1090 1363 conoessum
1110 1301 1267 1379 inquiens,
1283 1299 1337 1361 sed
1360 1317 1422 1362 non
1442 1315 1537 1360 axun-

448 1401 523 1461 dum
532 1397 703 1478 justitiam.
723 1399 800 1462 ltem
817 1401 915 1478 paulo
931 1411 1001 1480 post
1016 1403 1119 1464 eddit:
1136 1403 1194 1464 esi
1210 1400 1430 1464 irrationabile
1445 1401 1537 1460 ridea-

447 1509 524 1574 tur,
548 1501 692 1562 mulieris
712 1506 870 1564 sustinere
892 1512 1020 1581 peccata
1044 1505 1209 1567 adulteriis
1231 1513 1263 1566 et
1288 1503 1537 1566 fornicationibus

445 1603 578 1683 pejora:
600 1602 703 1682 socero
722 1614 826 1666 tomen
845 1615 958 1667 eontra
976 1607 1165 1668 volontatem
1186 1603 1346 1666 doetrinae
1364 1599 1537 1674 menone,

444 1703 546 1766 omnis
566 1701 764 1785 confitebitur
778 1725 840 1768 esse
854 1703 995 1785 impium.
1009 1723 1026 1762 n
1038 1703 1194 1769 Similiter·
1204 1705 1353 1782 deinceps
1370 1701 1539 1764 adulterato

448 1816 542 1869 vocat
564 1807 751 1880 mutierem,
774 1827 858 1886 qnae
880 1807 934 1868 alil
955 1807 1184 1888 desponsatur,
1208 1810 1333 1870 vivente
1357 1808 1449 1868 siro:
1470 1821 1539 1883 qne·

445 1907 652 1975 medmndnm
674 1916 706 1970 et
727 1913 833 1971 virum
849 1910 1034 1972 adulterum
1050 1910 1137 1981 dicit,
1157 1911 1213 1987 qui
1228 1909 1388 1969 dimissam
1404 1905 1539 1984 accepim

445 2012 565 2090 quippe
585 2027 651 2072 non
674 2009 810 2089 legitime
829 2007 946 2090 occipit
964 2012 1132 2073 seeundum
1152 2009 1338 2073 sententiani
1361 2003 1488 2072 Gdrs'sts'.

528 2109 659 2185 Quanto
674 2130 773 2192 porro
785 2112 861 2192 jure
885 2112 956 2174 talia
973 2113 1107 2176 deduxit
1118 2113 1273 2191 Origenes
1288 2129 1329 2173 ex
1352 2107 1468 2174 Cbrisii
1481 2123 1538 2170 ser·

445 2232 552 2287 mnne,
575 2223 662 2293 petet
683 2233 814 2294 quoqne
836 2213 1098 2294 exsequentibus
1122 2211 1343 2292 Evangelistde
1365 2209 1474 2272 dietis:
1493 2207 1537 2270 tit·

444 2323 523 2378 eunt
542 2316 571 2376 ei
592 2315 738 2394 discipuli
768 2314 862 2396 ejus:
884 2314 913 2376 si
932 2314 979 2376 itu
999 2323 1045 2376 est
1063 2333 1161 2376 eausa
1189 2309 1327 2374 bominis
1346 2329 1417 2390 oum
1437 2325 1536 2381 enon,

442 2433 507 2478 non
524 2415 647 2495 expedit
660 2416 782 2478 nubere.
807 2416 852 2478 lle
868 2417 984 2504 quibus
999 2419 1041 2478 ite
1057 2418 1167 2478 scribit
1182 2416 1308 2478 Auctor
1323 2433 1352 2475 n.
1367 2409 1427 2478 ‘sis
1444 2411 1536 2472 «l’ost

437 2518 524 2584 ,baec
545 2519 756 2597 intelligentes
777 2519 913 2599 apostoli
937 2521 1047 2599 quanti
1069 2521 1129 2581 sint
1151 2536 1244 2582 oasus
1267 2519 1352 2580 inter
1373 2516 1532 2596 conjuges,

442 2636 525 2697 quos
546 2619 640 2680 debet
663 2622 711 2681 vir
731 2621 911 2694 sustinere,
943 2630 974 2682 et
997 2629 1167 2701 propterea
1190 2629 1299 2682 tenere
1320 2620 1449 2699 quidem
1468 2621 1534 2678 inte·

444 2719 541 2780 ritum
563 2739 643 2793 esse,
666 2721 827 2784 dimittere
849 2728 956 2784 eutem
985 2730 1152 2800 peceatum
1175 2724 1294 2784 esseio
1318 2718 1472 2792 Domino,
1493 2735 1533 2780 re·

440 2821 639 2900 sponderuot
660 2823 688 2882 ei
711 2825 802 2900 qnasi
834 2822 963 2886 adrem
987 2823 1113 2885 lecilem
1143 2823 1338 2902 refugientes
1363 2823 1402 2883 ad
1425 2823 1534 2884 eastita-

441 2931 517 2995 tem,
536 2932 568 2983 et
590 2925 688 3002 magis
710 2925 822 2988 ntiiem
838 2946 847 2986 τ
863 2935 934 3003 erpo
955 2941 1018 2986 non
1032 2934 1148 3004 opertet
1162 2923 1284 2998 nubere,
1300 2921 1330 2984 si
1349 2923 1397 2985 ito
1412 2930 1454 2983 est
1471 2937 1533 2982 eoo

440 3041 477 3084 so
490 3019 556 3084 oiri
574 3041 645 3084 eum
660 3024 797 3086 mutim.
811 3046 827 3081 n
842 3023 970 3105 Exque
984 3026 1068 3090 duae
1082 3025 1268 3089 inieruntur
1287 3024 1455 3086 illationes.
1478 3021 1533 3085 Pri·

441 3141 506 3197 mo,
530 3123 680 3187 firmetur
700 3127 740 3187 ab
761 3126 901 3206 Origene
922 3127 1008 3205 quod
1030 3139 1120 3190 antea
1144 3128 1264 3190 dietum
1286 3137 1346 3201 est,
1362 3125 1532 3206 coniugium

441 3225 651 3288 obristisnum
673 3227 844 3290 insolubile
865 3245 1006 3301 manere,
1023 3227 1183 3309 cujusque
1205 3228 1329 3308 generis
1349 3229 1412 3289 sint
1431 3241 1531 3290 musas

440 3325 524 3388 inter
543 3327 708 3408 conjuges,
731 3346 812 3407 quas
831 3345 930 3407 snpra
952 3328 1094 3392 distinxit
1106 3373 1116 3407 ,
1139 3338 1171 3392 et
1192 3328 1276 3392 unde
1300 3329 1464 3391 rideretur
1483 3325 1530 3388 tol·

441 3425 610 3488 terendum
623 3445 691 3490 esse
713 3428 888 3490 divortium
899 3449 912 3507 3
936 3431 1134 3509 proindeque
1152 3449 1251 3492 unum
1273 3430 1393 3492 debere
1413 3428 1527 3490 alterins

440 3529 585 3608 conjugis
604 3518 944 3593 sustineredeleetns:
968 3549 1041 3593 enm
1063 3531 1174 3594 nuilus
1195 3533 1234 3593 sit
1255 3529 1361 3594 aditus
1382 3531 1420 3590 ad
1436 3543 1528 3590 secun

439 3632 497 3693 das
518 3633 657 3710 nuptias,
675 3651 739 3695 uno
761 3651 801 3696 ex
824 3632 1014 3713 conjugibus
1039 3633 1146 3695 adbuc
1169 3634 1305 3694 virente.
1326 3630 1378 3706 tit,
1401 3633 1426 3693 si
1447 3645 1530 3709 quen

439 3733 547 3813 doque
572 3731 628 3795 liat
649 3745 683 3796 ut
704 3742 875 3813 separetur
905 3751 988 3796 nnus
1010 3751 1145 3808 eornm,
1169 3743 1295 3796 maneat
1316 3735 1483 3811 innuptus,
1502 3733 1530 3788 ot

440 3840 484 3898 ait
507 3835 693 3914 Apostolos.

519 3936 668 4000 Secundo
688 3956 729 3999 ex
752 3957 817 4017 quo
838 3939 1000 4020 discipuli,
1023 3938 1084 4000 boe
1106 3939 1228 4012 andito,
1252 3939 1427 4001 dixerunt:
1447 3935 1475 3998 si
1492 3933 1529 3996 ita

438 4047 483 4098 est
502 4056 599 4100 conso
619 4037 756 4100 laminis
776 4057 848 4101 oum
868 4057 966 4101 uxore
977 4083 988 4113 ,
1009 4057 1071 4102 nnn
1092 4039 1215 4119 expedit
1234 4037 1365 4127 nubem
1387 4041 1529 4117 sapienter

438 4137 594 4217 Origenes
615 4140 849 4218 discipulorum
871 4149 1034 4202 scrutatus
1057 4149 1206 4215 mentem,
1223 4143 1279 4220 qui
1302 4139 1426 4202 Domini
1448 4141 1528 4200 mira·

439 4239 462 4298 ti
483 4241 693 4312 sententiam,
716 4240 908 4314 subdidere,
939 4259 1001 4301 non
1023 4240 1176 4318 expedire
1203 4243 1350 4320 nuptias,
1385 4242 1474 4302 rebus
1493 4239 1529 4298 sit

437 4340 614 4402 stantibus:
636 4341 676 4401 ab
698 4343 758 4404 bne
779 4345 1009 4420 responsione,
1032 4335 1175 4420 inquam,
1198 4345 1286 4404 eruit
1305 4339 1469 4421 Origenes,
1490 4339 1528 4398 di·

436 4442 577 4521 scipulos
597 4440 682 4521 ipsos
696 4459 736 4503 ex
758 4460 905 4505 sermone
919 4441 997 4506 lesu
1013 4444 1051 4503 ad
1071 4444 1269 4521 pharisaeos,
1286 4443 1527 4522 comprehendis·

436 4561 483 4617 se,
498 4543 687 4616 nullimode,
703 4561 761 4606 neo
781 4562 989 4624 quacumque
1003 4563 1044 4608 en
1065 4563 1174 4619 cansa,
1197 4560 1256 4608 nee
1272 4545 1427 4608 mediante
1447 4543 1525 4606 adul·
