3375 5567
1188 703 1236 756 xv

173 811 314 901 mehor,
344 813 572 914 iniquissime
603 813 912 891 condemnatura
946 806 1172 909 tamphilo,
1196 822 1238 887 et

173 939 242 1014 hinc
258 941 493 1039 ignominiose
504 941 678 1043 expulsos
696 941 745 1017 ah
760 942 940 1041 Aegypte.
959 936 1101 1029 Quibus
1118 943 1238 1015 omni·

171 1066 227 1143 hm
246 1070 418 1147 &cussie
444 1084 484 1149 et
510 1070 778 1172 comprobatis,
805 1079 1071 1166 cnmequenter
1086 1066 1241 1166 pirisque

169 1199 460 1296 comprehendet,
486 1199 584 1299 quali
612 1197 967 1298 circumspectione,
992 1196 1040 1272 de
1065 1193 1238 1271 Patrihns

171 1327 341 1425 praecipue
369 1329 511 1427 graecis
535 1328 659 1429 opinio
681 1328 719 1403 in
746 1326 875 1427 primic
902 1322 1087 1401 Ecclesiae
1107 1320 1241 1398 seculis

171 1452 375 1531 inmittenda
402 1456 453 1533 tit
483 1457 580 1535 circs
604 1457 786 1535 dmitnras
803 1453 997 1553 aliqnando
1020 1451 1241 1528 daemonnm

169 1593 199 1655 et
221 1582 456 1681 reproborum
481 1608 641 1685 poenae,
671 1608 715 1663 ea
741 1583 926 1661 mediante
952 1576 1242 1679 regeneratione,

170 1708 398 1799 inrltenam,
423 1736 533 1813 qnam
570 1736 698 1811 reapse
725 1712 795 1787 sihi
828 1708 999 1794 volebat,
1024 1726 1176 1806 scopum
1203 1716 1243 1781 et

172 1850 296 1937 tempas
322 1852 478 1917 retorta.

260 1966 299 2041 ln
322 1968 400 2046 hoe
427 1992 536 2068 porro
564 1992 752 2071 preoeaen,
771 1963 1010 2065 eilheophili
1028 1962 1244 2063 improbitas

90 2112 91 2185 l
173 2092 288 2188 (enjus
316 2098 450 2173 deinche
478 2098 586 2175 testie
622 2098 694 2175 luit
718 2096 874 2173 eeclesia
906 2091 1100 2190 universa)
1138 2090 1244 2165 valde

173 2220 320 2321 Origenis
347 2225 472 2301 lamae
496 2227 632 2317 nocuit,
660 2226 881 2326 demerenda
899 2246 987 2299 sene
1014 2224 1163 2323 inenpcr
1175 2221 1246 2298 erit

90 2456 91 2463 Ν
172 2372 195 2422 s.
218 2350 407 2453 Epiphanii
435 2366 474 2429 et
501 2377 532 2429 s.
561 2353 773 2453 Hieronymi
801 2352 939 2443 illusi03
965 2352 1027 2452 qui
1056 2374 1121 2451 per
1134 2349 1244 2427 iales·

90 2468 91 2521 l
174 2479 399 2581 tosOrigenie
418 2481 476 2557 rel
502 2480 614 2561 lihros
629 2481 686 2557 vel
714 2504 860 2571 semus,
875 2495 919 2558 et
945 2478 1161 2581 praesertim
1180 2499 1247 2575 per

174 2607 315 2696 ejusdem
336 2607 533 2709 Theophili
552 2610 745 2697 ambitum,
761 2610 905 2709 decepti
932 2622 1031 2693 sunt,
1050 2604 1245 2706 origenem

174 2730 273 2829 ipsum
300 2751 340 2813 et
370 2734 567 2814 Monachos
594 2737 709 2838 ipsius
727 2738 952 2824 defensores,
980 2736 1175 2811 haereseos
1194 2733 1249 2808 in·

174 2856 385 2939 simulantes.
402 2862 594 2964 Theophili
606 2888 762 2965 namque
779 2864 940 2942 studium
955 2864 1131 2939 adversus
1148 2884 1249 2960 prae·

175 2983 253 3065 latos
278 3006 344 3067 out
376 3016 537 3092 prorsus,
567 2994 622 3071 vel
652 2994 688 3069 in
716 3007 822 3093 perte
842 2993 1026 3093 periisset,
1054 2990 1124 3067 nisi
1147 2990 1251 3065 lalla-

174 3114 226 3191 ciis
241 3120 315 3195 suis
334 3120 384 3195 ad
404 3145 444 3197 se
460 3123 635 3199 traxisset
652 3114 914 3221 hieronymum
928 3147 938 3196 ε
953 3122 1011 3196 cui
1035 3120 1249 3221 praesertim

174 3241 324 3334 debetur,
351 3271 420 3323 cnr
449 3272 516 3346 per
533 3248 707 3325 ecclesius
731 3248 990 3336 occidentales,
1008 3248 1045 3321 in
1071 3259 1173 3321 tanto
1196 3244 1254 3319 di-

175 3371 327 3452 scrimine
360 3391 570 3453 versaretur
603 3376 771 3477 Origenie
798 3377 923 3465 lamn3
949 3398 1033 3453 cum
1059 3388 1167 3450 numa
1185 3396 1252 3449 nu·

175 3496 260 3576 ribus
287 3503 450 3581 fidelium
469 3518 510 3579 et
536 3506 694 3580 maxime
709 3505 812 3591 cleri,
839 3526 1145 3602 romanorumque
1161 3526 1252 3601 pon·

177 3624 298 3703 tilicum
331 3630 532 3729 gloriosum
571 3632 790 3719 insonuisset
827 3632 940 3730 ipsius
978 3653 1124 3706 nomen.
1154 3628 1252 3704 llaec

175 3756 277 3829 omnia
306 3759 344 3831 in
377 3759 559 3855 praesenti
589 3760 840 3835 tantummodo
870 3758 1087 3859 praelibata,
1111 3781 1251 3857 suoque

176 3873 244 3954 loco
270 3884 440 3971 remisso,
468 3884 670 3983 pleniorem
697 3904 939 3986 esequentnr
953 3886 1248 3963 illustrationem.

179 4000 239 4081 iios
255 4010 403 4087 interim
423 4012 611 4109 promissis
636 4028 792 4098 stantes,
812 4015 946 4113 scripte
976 4012 1126 4112 Nysseni
1153 4014 1253 4088 inea-

180 4152 249 4209 mus
274 4138 542 4238 investigatum,
569 4164 670 4224 num,
700 4154 741 4217 ut
760 4141 895 4239 placuit
917 4144 1147 4240 potissimum
1167 4139 1252 4213 llio-

182 4265 271 4355 oysie
297 4264 464 4355 Peterin,
493 4282 532 4344 et
559 4268 701 4344 Danieli
730 4267 888 4355 huetio,
914 4271 1113 4345 daemones
1130 4280 1169 4343 et
1196 4291 1255 4343 re·

183 4388 300 4481 orobos
320 4412 401 4493 post
424 4396 600 4490 judicium
621 4397 875 4484 novissimum,
894 4398 1087 4498 aliquande
1105 4419 1254 4473 serran-

183 4514 251 4605 dus,
263 4521 483 4625 coelestique
511 4523 624 4624 gloria
646 4524 701 4603 vel
720 4526 811 4601 istos
831 4524 1081 4613 cumulandos,
1103 4523 1158 4601 rel
1175 4523 1256 4598 illos
