3375 5567
445 773 481 820 se
501 752 688 834 origenem,
702 751 757 818 sed
772 771 815 818 ex
835 753 977 818 aliorum
994 752 1154 836 opinione.
1170 751 1225 816 tu
1246 753 1340 817 enim:
1354 771 1370 812 r
1384 751 1531 833 quosdam,

446 858 622 940 apostoliea
639 856 738 920 verba
759 856 800 920 ad
815 855 1036 938 Philippenses
1055 856 1114 939 qui
1127 875 1199 920 com
1219 854 1255 919 in
1267 859 1370 937 sermo
1390 855 1443 921 Do'
1460 867 1532 933 esset,

445 979 509 1024 ooo
529 958 678 1040 rupinum
689 957 864 1024 arbitratus
879 967 923 1022 ert
942 967 998 1022 etc.
1022 966 1139 1041 putare
1153 979 1222 1025 csse
1235 959 1387 1025 sumenda
1406 962 1444 1024 de
1458 961 1534 1025 Chri·

444 1064 485 1127 sti
506 1061 624 1137 anima,
640 1079 714 1126 enm
729 1061 872 1143 primum
887 1059 927 1123 de
939 1059 1043 1124 hieria
1058 1079 1178 1142 corpus
1199 1063 1416 1143 assumpserit.
1432 1081 1447 1118 s
1461 1061 1537 1124 ldeo·

446 1183 512 1247 que
531 1167 600 1228 siva
622 1165 702 1227 hene
722 1163 791 1227 eive
804 1162 890 1228 male
912 1165 991 1228 haec
1011 1181 1081 1228 essa
1103 1163 1187 1230 dicta
1208 1165 1450 1241 existimaveris,
1465 1163 1536 1227 hand

446 1273 564 1330 nocent
583 1264 727 1347 Origeni.
750 1265 819 1332 Cur
839 1272 949 1330 numm
980 1268 1060 1329 haec
1081 1266 1124 1328 ibi
1146 1267 1263 1348 prodat
1283 1265 1421 1340 Auctor,
1440 1274 1470 1329 et
1486 1283 1538 1345 qua

446 1377 554 1433 mente
574 1386 612 1431 ea
634 1370 795 1454 citaverit,
817 1387 859 1433 ex
874 1377 1031 1434 contextu
1053 1374 1151 1449 patet.
1172 1367 1290 1434 Scribit
1310 1369 1395 1432 enim
1416 1369 1444 1431 in
1463 1385 1539 1448 para·

446 1471 570 1552 grapho
584 1466 644 1534 at:
668 1467 821 1536 violens
841 1472 942 1551 igitur
957 1470 1057 1535 Filius
1080 1468 1139 1536 Dei
1160 1490 1219 1553 pro
1236 1471 1344 1536 salute
1364 1471 1481 1550 pencris
1493 1470 1540 1531 hn-

447 1573 532 1635 mani
553 1589 711 1654 apparere
733 1571 915 1638 homiuibus
926 1619 938 1654 ,
961 1582 994 1637 et
1016 1574 1099 1638 inter
1121 1573 1265 1638 homines
1287 1571 1482 1646 conversari,
1499 1587 1540 1632 su·

444 1675 547 1755 acepit
568 1691 631 1738 noo
650 1675 757 1738 solnm
781 1693 900 1756 eorpus
922 1677 1123 1750 humanum,
1147 1683 1183 1738 nt
1204 1675 1338 1756 qnidam
1361 1683 1479 1756 putant,
1498 1671 1540 1734 sed

448 1785 482 1840 et
501 1776 653 1852 animam,
669 1785 854 1841 nostrarum
876 1777 1007 1859 quidem
1020 1777 1157 1842 similem
1181 1795 1240 1857 per
1260 1785 1424 1849 naturam,
1444 1791 1542 1854 propo

445 1879 509 1942 sito
531 1895 610 1942 vero
630 1886 662 1941 et
678 1879 798 1942 virtute
817 1879 956 1942 similem
977 1879 1050 1955 sibi,
1073 1887 1105 1942 et
1122 1878 1232 1954 talem,
1255 1878 1363 1958 qualis
1384 1893 1486 1938 omnes
1501 1893 1543 1936 vo·

448 1979 589 2044 luotates
605 1986 638 2042 et
651 1978 901 2060 dispensationes
916 1978 1014 2044 Verbi
1034 1997 1074 2045 ae
1094 1980 1275 2060 Sapientiae
1296 1976 1543 2042 indeclinabiliter

447 2081 549 2161 possit
563 2078 708 2159 implere.
725 2077 821 2155 Quod
842 2087 952 2144 antem
975 2080 1127 2144 habuerit
1141 2081 1293 2156 animam,
1312 2077 1543 2142 manifestissime

446 2185 479 2245 in
494 2182 677 2262 Evangeliis
697 2182 840 2262 designat
855 2185 921 2264 ipse
936 2180 1099 2261 Salvator,
1116 2182 1243 2247 dicens:
1267 2201 1358 2246 nemo
1379 2179 1459 2245 tollit
1477 2195 1542 2242 orae
1589 2147 1590 2180 ¹

446 2283 587 2348 enimam
606 2301 719 2359 mom,
741 2284 793 2346 sed
812 2303 868 2365 epe
885 2303 969 2365 porro
989 2303 1055 2349 eom
1077 2284 1132 2348 ebs
1154 2303 1199 2346 me
1220 2294 1277 2346 ete.
1301 2303 1318 2341 s

527 2384 578 2449 Ex
600 2385 649 2447 his
670 2385 770 2465 igitur
784 2402 848 2448 nou
869 2387 928 2448 nisi
951 2389 1041 2466 prius
1056 2387 1292 2449 distinctionem
1315 2383 1495 2466 apposuisse
1512 2379 1545 2441 0·

448 2486 590 2565 rigenem
610 2494 746 2567 apparet
766 2487 850 2550 inter
871 2487 992 2552 animas
1007 2506 1230 2569 quascumque
1251 2487 1445 2567 corporibus
1464 2484 1544 2544 inser·

448 2597 497 2650 tas
519 2587 680 2660 humanis,
700 2590 741 2651 ab
761 2608 811 2664 aa,
834 2607 933 2669 quam
955 2592 1092 2671 suvnpslt
1112 2589 1222 2661 lesus,
1244 2594 1367 2669 quippe
1390 2605 1462 2652 cum
1483 2583 1546 2646 Ver·

450 2691 492 2753 bo
508 2687 566 2754 Dei
588 2689 765 2766 foederata,
780 2693 849 2755 sola
872 2713 913 2756 ex
936 2692 1085 2756 omuibus
1100 2691 1268 2754 animabus
1290 2692 1415 2771 peccati
1429 2691 1545 2767 incapax

449 2790 522 2854 init.
547 2789 586 2854 Et
613 2809 689 2854 eum
710 2792 851 2872 amplius
875 2810 937 2858 nna
963 2792 1102 2856 Persona
1134 2793 1300 2874 cumipse
1327 2793 1437 2856 divino
1459 2787 1547 2854 Verbo

449 2892 608 2968 extiterit,
629 2890 720 2957 Iesus
744 2890 889 2957 Christus
910 2903 1129 2976 nuncupatam
1151 2913 1219 2959 esse
1240 2896 1295 2969 eit,
1314 2894 1507 2974 proindeque
1523 2891 1547 2952 iu

449 2995 517 3072 ipsa
538 2992 658 3059 Christi
679 2996 784 3059 anima
807 3005 907 3059 totam
922 2997 1139 3062 absconditam
1161 3017 1231 3062 esse
1246 2997 1456 3078 Sapientiam,
1475 2993 1548 3056 Veri·
1589 3021 1590 3032 κ

450 3103 562 3170 tatem,
583 3104 616 3157 et
637 3091 755 3158 Vitam.
778 3094 987 3177 Quapropter
1008 3098 1056 3160 his
1077 3098 1119 3160 ab
1138 3097 1278 3178 Origene
1299 3098 1341 3162 de
1363 3097 1478 3162 Christi
1496 3091 1549 3154 ani·

450 3213 502 3257 mn
523 3196 689 3276 expositis,
707 3197 808 3260 veluti
829 3216 891 3262 suo
911 3202 1051 3262 sermoni
1066 3211 1327 3276 consentaneam,
1351 3193 1548 3280 quorumdem

451 3297 570 3378 adiecit
591 3297 796 3372 seutentiam,
812 3297 884 3362 ideo
900 3301 1089 3375 dicentium,
1109 3300 1300 3381 Apostolum
1317 3301 1359 3364 de
1374 3297 1497 3366 Christo
1508 3293 1549 3358 le-

450 3415 490 3460 su
512 3398 673 3472 locutum,
693 3397 841 3461 eamdem
871 3400 1151 3479 comprehendisse
1173 3401 1469 3481 nuncupationem:
1498 3393 1551 3458 Hoc

451 3495 534 3560 esaim
554 3496 664 3561 sentite
684 3495 719 3559 io
741 3496 861 3577 verbis,
884 3501 967 3580 pund
987 3509 1016 3562 et
1037 3500 1072 3562 ira
1098 3499 1221 3564 Christo
1239 3499 1338 3578 lesu,
1364 3499 1422 3582 pei
1441 3517 1505 3561 euve
1522 3492 1549 3554 vlt

450 3598 555 3676 (orma
577 3596 734 3670 Boccare,
749 3599 978 3679 repropinata
999 3599 1175 3664 arbitratus
1195 3611 1250 3679 ert,
1272 3619 1333 3662 esre
1355 3619 1387 3662 re
1407 3597 1551 3678 emunim

452 3696 527 3760 Dro.
550 3696 651 3772 Quasi
672 3701 807 3777 diceret,
830 3700 958 3764 divinae
979 3701 1161 3783 Sapientiae
1182 3703 1250 3765 sive
1272 3697 1383 3765 Verbo
1406 3697 1462 3762 liei
1480 3711 1551 3758 asso

451 3803 570 3862 cirtam
591 3803 729 3865 animam
751 3802 852 3876 lesu,
880 3822 980 3868 unum
1003 3804 1195 3885 praetulisse
1216 3819 1332 3865 nomeu
1353 3818 1453 3882 super
1472 3811 1551 3859 omne

452 3918 582 3977 nomen,
605 3921 720 3982 nempe
740 3903 818 3966 iesu
835 3901 980 3983 Christi;
1001 3905 1091 3985 puio,
1116 3907 1163 3968 uti
1178 3905 1289 3968 scribit
1311 3905 1350 3967 ad
1368 3903 1553 3968 colossenses

452 4024 482 4066 c.
506 4002 546 4066 ll·
568 4001 648 4084 quio
667 4002 785 4086 inipso
806 4003 963 4068 inhabitat
983 4008 1085 4070 amois
1102 4008 1268 4088 plenitudo
1289 4000 1479 4070 Dioior'tutv's
1496 4015 1552 4058 cor·

449 4104 624 4182 martem
639 4115 667 4167 et
684 4104 719 4168 in
732 4125 794 4187 quo
814 4115 892 4170 aaut
912 4125 1016 4170 omues
1031 4109 1172 4171 thesauri
1191 4107 1365 4189 sapientior
1377 4118 1405 4170 et
1419 4098 1551 4170 scientior

451 4207 637 4271 mreooditi.
656 4205 821 4284 Quorsum
843 4211 956 4291 igitur,
977 4211 1045 4274 sive
1064 4231 1128 4292 qus
1152 4213 1276 4275 rationo
1289 4208 1485 4292 Theophilus
1504 4201 1550 4262 ali-

456 4319 507 4372 ter
529 4309 915 4390 transverteritOripenis
937 4313 1164 4392 argumentum
1183 4312 1311 4391 nesci03
1333 4327 1396 4373 non
1416 4307 1495 4371 euim
1515 4299 1549 4362 ibi

454 4426 513 4470 nee
535 4407 636 4484 alibi,
670 4426 729 4472 nec
750 4427 893 4490 unquam
914 4409 1070 4492 Origenes
1094 4414 1167 4477 talia
1189 4413 1317 4492 scripsit
1337 4429 1395 4472 neo
1417 4403 1548 4488 putavit,

453 4507 634 4587 dequibus
657 4509 807 4589 carpitur
835 4509 876 4571 ab
900 4508 1058 4594 Episcopo
1079 4514 1299 4578 alexandrino.
1328 4511 1393 4577 Nee
1423 4503 1547 4584 amplius
