3375 5567
1207 712 1242 761 ιι

266 813 364 889 Circa
392 840 436 889 ca
465 838 585 913 pomo,
603 838 696 914 quae
724 830 842 898 notat,
862 830 950 891 tuuc
978 792 1048 891 non
1067 816 1238 899 discerni,

180 942 240 1016 sire
264 966 330 1015 uon
357 944 456 1017 clarc
483 944 679 1039 designari,
701 958 764 1017 aut
781 966 851 1017 anu
871 944 1062 1040 perspicue
1092 944 1183 1018 tradi
1205 945 1240 1017 iu

179 1070 353 1166 apostolica
384 1072 590 1157 traditione,
619 1072 688 1147 ista
718 1072 862 1147 nonde
891 1094 931 1147 se
961 1086 1102 1147 tactum
1132 1071 1240 1147 intel-

178 1195 296 1292 ligenda
322 1213 433 1285 suut,
449 1189 626 1297 quantum
645 1201 690 1274 da
717 1198 812 1284 aliis,
826 1200 888 1297 qui
917 1199 1003 1273 licet
1021 1199 1236 1274 catholicam

176 1322 414 1417 profiterentur
439 1327 669 1411 doctrinam,
699 1343 822 1401 tamen
851 1328 944 1401 bona
974 1328 1044 1402 lida
1077 1328 1173 1403 inter
1199 1350 1239 1401 se

176 1452 390 1528 dissentirent
407 1455 453 1528 dc
472 1453 556 1539 illis,
576 1477 619 1530 ac
641 1456 686 1530 dc
707 1457 751 1529 iis
779 1456 967 1554 speciatim
996 1455 1240 1553 dogmatibus,

177 1602 252 1675 quae
276 1581 365 1655 dicit
392 1581 568 1680 Origenes
595 1606 614 1657 a
645 1583 904 1683 principalibus
931 1596 1117 1659 emanare:
1146 1606 1239 1680 quo·
1356 1610 1360 1618 ’

174 1730 237 1779 rum
254 1711 504 1785 emanationes
531 1734 603 1785 uon
623 1710 773 1808 limpido
800 1710 969 1786 omnibus
987 1709 1238 1786 coruscabant:

171 1857 204 1905 ac
226 1835 301 1909 ideo
328 1836 463 1933 ingenii
489 1836 766 1919 exercitatione,
801 1862 846 1911 ac
873 1837 1074 1934 sapientiae
1104 1837 1240 1911 lumiuc

172 1983 247 2057 opus
270 1976 365 2037 erat.
394 1960 639 2053 Quamobrem
668 1967 745 2063 ipse
766 1964 972 2059 hujusmodi
1003 1965 1117 2039 iniens
1136 1987 1246 2063 quae·⁴

172 2088 304 2174 stiones,
335 2102 501 2188 tempore
533 2115 576 2166 ac
602 2092 683 2167 loco
711 2108 942 2191 opportuno,
970 2092 1148 2167 luminum
1176 2076 1240 2165 da-

170 2230 268 2287 torem
295 2216 472 2292 invocans
500 2216 638 2301 Deum,
664 2221 858 2318 animoque
886 2221 1027 2294 siucero
1059 2220 1239 2316 disputat,

169 2362 202 2415 ac
222 2340 325 2418 diluit
336 2349 446 2437 iuxta
475 2347 608 2443 ingenii
621 2348 677 2422 sui
705 2347 816 2433 vires,
836 2348 940 2421 lirma
971 2362 1092 2421 tamen
1110 2347 1249 2454 uoluu-x

168 2482 229 2544 tate
253 2498 292 2549 sc
320 2496 364 2547 se
401 2479 558 2573 suosque
584 2497 774 2550 sermones
801 2475 986 2553 Ecclesiae
1023 2475 1236 2569 subiiciendi

166 2597 433 2677 delinitionibus.
462 2600 511 2677 Et
537 2603 607 2678 boc
639 2604 799 2680 ostendit
817 2606 1062 2703 potissimum,
1081 2628 1165 2679 cum
1185 2605 1238 2679 ait

166 2748 197 2799 sc
220 2728 253 2801 in
287 2728 401 2805 rebus
426 2731 549 2805 arduis
581 2731 734 2808 aliorum
762 2733 1022 2829 sapientiorum
1060 2733 1237 2825 judicium

165 2855 377 2947 pnestolari.
410 2860 462 2933 dc
488 2860 635 2935 iuterim
662 2860 721 2933 his
748 2860 849 2934 vario
876 2882 1009 2958 genere
1041 2859 1237 2956 pmpnsitis

164 2986 436 3077 quaestiouibus,
458 2989 509 3062 ita
533 2987 714 3063 concludit
741 2985 949 3084 Prologumt
973 2985 1164 3084 «Oportet
1178 2985 1240 3084 igi·

165 3121 212 3182 tur
239 3112 339 3189 velut
366 3115 559 3191 elementis
596 3140 640 3190 ac
666 3114 912 3190 fundamentis
945 3114 1153 3209 hujusmodi
1181 3115 1235 3189 uti

161 3242 344 3315 secuudum
378 3244 613 3328 mandatum,
645 3243 743 3341 quud
774 3242 885 3317 dicit:
916 3242 1116 3317 illuminate
1140 3241 1235 3315 uobis

161 3362 264 3441 braca
289 3372 475 3454 scientiae,
492 3394 653 3456 curnem,
674 3373 735 3469 qui
755 3372 858 3469 eupit
885 3371 1016 3445 seriem
1040 3369 1234 3468 quamdam
1348 3438 1349 3443 ,

162 3504 192 3564 et
213 3517 342 3595 corpus
369 3521 416 3573 ex
443 3499 573 3573 borum
602 3501 764 3573 omnium
793 3499 932 3573 ratione
965 3498 1165 3595 perlicere,
1194 3512 1235 3571 ut

162 3622 349 3699 manifestis
384 3641 424 3702 et
458 3628 672 3703 necessariis
708 3626 968 3701 assertionibus
1001 3624 1046 3703 do
1082 3624 1234 3721 siugulis

161 3747 359 3849 quibusque,
387 3754 472 3852 quid
500 3754 549 3829 sit
576 3756 612 3828 iu
641 3778 742 3840 sero,
769 3755 942 3829 rimetur:
973 3767 1011 3829 et
1039 3776 1165 3838 unum,
1193 3766 1234 3829 ut

161 3872 315 3961 diximus,
330 3904 463 3977 corpus
490 3882 624 3957 efficiat
640 3882 821 3979 exemplis
848 3894 887 3956 et
914 3881 1233 3964 affirmationibus,

162 4001 206 4072 rel
222 4004 291 4092 bis,
310 4031 403 4106 quas
422 4008 459 4081 iu
477 4011 612 4085 sanctis
627 4008 822 4107 scripturis
850 4010 1029 4084 invenerit
1035 4031 1048 4095 3
1069 4006 1123 4081 vel
1143 4031 1234 4105 quas

162 4148 199 4199 tx
218 4138 496 4234 consequentiae
515 4137 628 4234 ipsius
647 4138 827 4234 indagine,
847 4160 890 4211 ac
914 4138 1002 4213 recti
1025 4148 1148 4211 tenore
1177 4158 1235 4211 ne·

165 4262 297 4349 urent
329 4288 348 4331 a

252 4388 305 4463 lix
324 4391 383 4465 bis
402 4393 612 4491 praemissis
639 4392 771 4468 transit
788 4392 964 4491 Origenes
991 4392 1034 4466 ad
1056 4392 1231 4465 materias

163 4509 422 4607 discussionem,
439 4545 550 4620 quam
578 4522 614 4595 in
633 4535 792 4620 quatuor
817 4520 929 4597 libros
948 4519 1086 4595 dividit.
1117 4518 1156 4592 ln
1172 4516 1231 4593 Li·
