3375 5567
603 723 744 793 catut
765 724 790 790 i.
1204 670 1205 675 ἵ
1241 622 1257 690 1

168 930 200 994 tte
209 929 408 994 rationalium
421 940 644 995 creaturarum
663 938 841 993 statuente
856 939 964 1010 etpost
979 932 1253 1011 resurrectionem,

193 1055 224 1096 oc
247 1035 281 1096 ds
299 1031 527 1115 mundibrium
553 1032 821 1096 consummatione
831 1076 845 1108 ,
865 1031 1012 1113 expensio
1030 1032 1251 1114 potissimum,

194 1156 260 1217 guae
277 1136 314 1197 de
339 1135 389 1199 bis
410 1133 614 1198 diversimode
637 1154 677 1197 ca
710 1132 810 1198 Libris
833 1132 1030 1198 Periarcbnn
1057 1137 1257 1217 interpretati

194 1249 257 1302 suet
275 1236 485 1319 Hieronymus
505 1247 533 1301 et
554 1236 723 1320 Rufinum
743 1237 826 1300 unds
845 1235 1044 1302 iiinstrondo
1066 1238 1197 1304 oeuiunt
1219 1242 1255 1305 in
1371 1272 1374 1281 ·

191 1339 282 1418 pmmu
298 1349 391 1419 perte
412 1338 556 1402 discusso
575 1340 614 1402 de
633 1336 702 1401 rito
713 1339 841 1419 tuturo,
859 1358 899 1400 oc
913 1340 950 1401 de
967 1358 1141 1419 poenorum
1161 1354 1256 1406 ceter-

106 1489 107 1518 ,
192 1439 292 1516 nitote,·
313 1453 343 1506 ct
362 1442 417 1505 ubi
434 1461 521 1505 mens
545 1440 692 1522 Origcnis
712 1450 823 1503 contro
849 1436 1107 1507 ndoe'rsoriorum
1134 1445 1257 1529 piocito

106 1527 107 1556 ¹
192 1542 440 1625 cuptiespctsbit
453 1557 518 1610 turn
531 1542 603 1617 sibi,
622 1555 690 1606 tum
703 1541 844 1623 dogmati
858 1544 1012 1609 cutboiico
1025 1547 1230 1611 consectario.

165 1785 221 1909 Ab
238 1849 333 1932 bojas
357 1852 473 1931 capitis
493 1850 605 1926 initio,
627 1849 776 1931 quemvis
801 1867 865 1911 non
887 1848 1004 1925 lateat,
1026 1851 1156 1931 opinor,
1177 1872 1252 1917 cum

164 1946 254 2029 legerit
272 1953 496 2031 praefatorum
510 1953 660 2034 Origenis
681 1952 900 2031 spbaimatnm
913 1952 1097 2030 cumulum,
1120 1956 1152 2017 in
1165 1974 1251 2035 qnae
1280 2002 1282 2005 -

165 2049 312 2133 inpingere
334 2058 425 2118 risus
444 2063 505 2131 est,
526 2074 591 2117 non
611 2055 723 2128 lateat,
754 2052 839 2128 dico,
865 2051 940 2116 talia
963 2072 1025 2117 non
1054 2057 1252 2122 constituere
1330 2125 1333 2130 ,

164 2151 275 2231 suipsius
295 2154 371 2219 iidei
394 2157 638 2235 professionem,
657 2172 716 2217 nco
730 2155 762 2215 in
783 2153 927 2217 ecclesiis
942 2154 983 2216 ab
1002 2174 1041 2219 eo
1057 2160 1248 2239 expositam.

164 2250 320 2326 Quinimmo
339 2258 438 2321 ilium
460 2256 633 2320 tenendum
660 2274 730 2319 esse
752 2264 906 2335 tanquam
932 2257 1115 2336 rapsodiam
1139 2261 1251 2338 (esm-

164 2350 215 2415 ien
232 2373 325 2434 quam
345 2376 392 2422 ex
410 2358 504 2421 libris
526 2375 551 2421 s.
573 2357 725 2451 Gregorii
747 2354 883 2443 Nysseui
917 2370 1152 2439 compegerunt
1175 2362 1252 2426 itae·

164 2456 242 2533 mici,
262 2468 299 2522 ut
317 2478 433 2523 mum
453 2460 528 2540 ipsis
547 2460 643 2523 iilum
665 2460 822 2523 baberent
841 2461 1118 2540 consentientem)
1140 2482 1250 2546 rapso-

164 2552 239 2631 tum,
255 2559 388 2639 inquam
408 2560 450 2624 ab
470 2560 575 2623 atiena
587 2577 700 2634 manu,
721 2561 924 2641 proprioque
936 2560 1063 2641 iugenio
1084 2562 1247 2629 hincinde

165 2660 300 2737 ascriptis
319 2663 412 2726 iliius
434 2672 606 2743 regestum,
627 2671 727 2742 atque
747 2681 789 2726 ex
812 2662 912 2725 variis
926 2680 988 2727 nou
1010 2664 1087 2727 satis
1098 2668 1247 2747 expensis

164 2756 278 2837 ejusdem
289 2764 500 2839 dictionibus,
512 2767 582 2827 sire
602 2772 758 2844 corrupta
773 2781 888 2827 aarum
903 2764 1148 2843 significatione,
1163 2768 1246 2832 adeo

163 2868 189 2921 ot
203 2881 352 2941 quaenon
374 2868 515 2947 scripsit,
538 2884 624 2947 quae
644 2883 708 2928 noo
730 2865 830 2928 sensit
851 2863 1075 2942 Adamantius,
1094 2875 1246 2949 tanquam

163 2958 236 3042 iujos
254 2966 377 3031 ioetnm
397 2967 613 3031 existimarint
635 2967 768 3047 posteri,
790 2965 903 3028 sedula
925 2984 1137 3048 quacumque
1155 2986 1248 3049 sepo·

162 3062 369 3133 intimorum
388 3087 526 3133 snorum
542 3069 796 3149 investigatione.
823 3065 863 3129 Et
880 3067 909 3128 id
932 3086 971 3130 eo
984 3069 1136 3149 amptius,
1158 3072 1186 3133 si
1199 3079 1249 3134 at·

164 3168 317 3246 mudantur,
339 3192 426 3254 quae
447 3173 503 3233 iiie
524 3190 636 3253 passus
657 3173 696 3233 sit
717 3172 757 3231 ab
773 3170 944 3232 haereticis
966 3172 1108 3246 coaevis,
1129 3180 1162 3235 et
1177 3190 1244 3236 ms·

163 3268 226 3333 time
242 3273 272 3335 in
291 3276 341 3348 iis,
364 3292 451 3355 quae
471 3273 666 3336 daemonum
695 3283 818 3335 sortem
839 3272 1062 3351 pertingebant
1073 3290 1084 3351 ;
1106 3282 1140 3336 et
1160 3274 1247 3338 unde

164 3372 284 3437 scidisse
303 3377 386 3449 dixi,
407 3376 495 3456 quod
518 3375 549 3436 in
572 3376 725 3436 verticem
748 3374 849 3454 ipsius
870 3379 1141 3437 converterentur
1155 3393 1247 3438 erro·

164 3485 211 3546 ru,
226 3478 371 3556 aquibus
393 3476 686 3558 planeabborruit.
709 3472 781 3538 Hoc
804 3483 914 3537 autem
937 3477 1054 3555 partim
1080 3472 1244 3540 ostensum

164 3579 214 3652 ut;
231 3596 264 3639 ac
290 3580 423 3659 insuper
443 3598 463 3641 a
483 3578 692 3658 sequentibus
714 3576 856 3657 pateiiet,
879 3576 910 3635 in
932 3574 1075 3638 medinm
1104 3576 1244 3653 adlatis,

115 3701 116 3714 κ
164 3676 591 3759 qmeRoffionspotissimnm
613 3685 645 3740 et
661 3674 879 3760 Hieronymus
901 3683 1018 3768 mutuo
1034 3674 1245 3755 disputarunt

165 3770 191 3832 ie
205 3780 344 3853 praetatis
364 3781 544 3843 erroribus.

222 3876 338 3944 interea
360 3881 584 3958 conterantur,
605 3900 691 3962 quae
714 3879 933 3963 Hieronymus
954 3881 1021 3959 ipse
1042 3879 1081 3941 de
1102 3878 1244 3961 Origene

167 3978 248 4042 scribit
265 3983 295 4043 iu
316 3985 416 4047 citato
438 3982 537 4046 Libro
559 3982 601 4045 ii.
624 3992 736 4045 contra
762 3980 924 4044 Rudinum
936 4002 948 4061 3
972 3989 1008 4043 ut
1035 3981 1108 4045 inde
1133 3990 1240 4045 cetera

167 4086 248 4141 tootn
267 4084 369 4163 ipsum
391 4092 584 4158 commenta,
607 4084 718 4164 quanti
739 4085 801 4146 sint
824 4082 982 4159 iacienda,
1012 4082 1239 4162 dignoscatur:
1273 4164 1280 4171 ι

169 4176 462 4263 «Resurrectionem,
484 4190 529 4249 ait
541 4185 711 4267 Origenes,
735 4195 922 4248 nostrorum
935 4200 1111 4263 corporum
1132 4183 1241 4247 sicia-

167 4282 265 4360 tonm,
287 4299 322 4351 nt
348 4289 460 4352 eadem
483 4289 625 4351 membra
659 4308 720 4350 non
744 4288 902 4366 babeant3
933 4286 1009 4367 quia
1042 4284 1240 4347 cessantibus

168 4384 348 4452 metrorum
370 4388 494 4463 officiis,
515 4388 683 4470 superfluo
712 4388 856 4451 membra
881 4388 1081 4465 reddentur3
1104 4386 1238 4465 ipsaque

169 4494 270 4562 wipere
285 4493 389 4556 tenuia
405 4503 437 4556 et
456 4492 613 4573 spiritalia
632 4492 789 4572 paulatim
812 4507 1005 4554 evanescere
1020 4496 1052 4551 et
1069 4487 1100 4549 in
1122 4503 1237 4551 auram
