<?xml version="1.0" encoding="UTF-8"?>
<!DOCTYPE html PUBLIC "-//W3C//DTD XHTML 1.0 Transitional//EN"
    "http://www.w3.org/TR/xhtml1/DTD/xhtml1-transitional.dtd">
<html xmlns="http://www.w3.org/1999/xhtml" xml:lang="en" lang="en">
 <head>
  <title>
</title>
<meta http-equiv="Content-Type" content="text/html;charset=utf-8" />
  <meta name='ocr-system' content='tesseract 3.04.00' />
  <meta name='ocr-capabilities' content='ocr_page ocr_carea ocr_par ocr_line ocrx_word'/>
</head>
<body>
  <div class='ocr_page' id='page_1' title='image "./insgregoriinyss02vincgoog/insgregoriinyss02vincgoog_0174.png"; bbox 0 0 3375 5567; ppageno 0'>
   <div class='ocr_carea' id='block_1_1' title="bbox 424 770 1570 4609">
    <p class='ocr_par' dir='ltr' id='par_1_1' title="bbox 447 770 1559 1968">
     <span class='ocr_line' id='line_1_1' title="bbox 451 770 1549 859; baseline 0.002 -24"><span class='ocrx_word' id='word_1_1' title='bbox 451 776 536 837; x_wconf 89' lang='lat' dir='ltr'><strong>tibus</strong></span> <span class='ocrx_word' id='word_1_2' title='bbox 560 773 800 859; x_wconf 77' lang='lat' dir='ltr'><strong>Apocalypseos</strong></span> <span class='ocrx_word' id='word_1_3' title='bbox 823 773 942 851; x_wconf 80' lang='lat' dir='ltr'><strong>verbis,</strong></span> <span class='ocrx_word' id='word_1_4' title='bbox 958 772 1077 853; x_wconf 90' lang='lat' dir='ltr'><strong>quibus</strong></span> <span class='ocrx_word' id='word_1_5' title='bbox 1098 774 1166 852; x_wconf 92' lang='lat' dir='ltr'><strong>ipse</strong></span> <span class='ocrx_word' id='word_1_6' title='bbox 1187 770 1314 845; x_wconf 87' lang='lat' dir='ltr'><strong>nititur,</strong></span> <span class='ocrx_word' id='word_1_7' title='bbox 1328 771 1549 853; x_wconf 77' lang='lat' dir='ltr'><strong>suppliciorum</strong></span> 
     </span>
     <span class='ocr_line' id='line_1_2' title="bbox 449 871 1552 956; baseline 0.003 -20"><span class='ocrx_word' id='word_1_8' title='bbox 449 874 686 937; x_wconf 69' lang='lat' dir='ltr'><strong>interminabile</strong></span> <span class='ocrx_word' id='word_1_9' title='bbox 701 884 826 956; x_wconf 89' lang='lat' dir='ltr'><strong>tempus</strong></span> <span class='ocrx_word' id='word_1_10' title='bbox 846 875 1014 938; x_wconf 75' lang='lat' dir='ltr'><strong>statuitur.</strong></span> <span class='ocrx_word' id='word_1_11' title='bbox 1039 871 1142 937; x_wconf 83' lang='lat' dir='ltr'><strong>holca</strong></span> <span class='ocrx_word' id='word_1_12' title='bbox 1161 889 1238 934; x_wconf 87' lang='lat' dir='ltr'><strong>sane</strong></span> <span class='ocrx_word' id='word_1_13' title='bbox 1258 872 1389 935; x_wconf 90' lang='lat' dir='ltr'><strong>locutus</strong></span> <span class='ocrx_word' id='word_1_14' title='bbox 1410 875 1448 935; x_wconf 90' lang='lat' dir='ltr'><strong>de</strong></span> <span class='ocrx_word' id='word_1_15' title='bbox 1468 891 1552 954; x_wconf 85' lang='lat' dir='ltr'><strong>ange·</strong></span> 
     </span>
     <span class='ocr_line' id='line_1_3' title="bbox 450 973 1553 1056; baseline 0 -19"><span class='ocrx_word' id='word_1_16' title='bbox 450 976 503 1051; x_wconf 82' lang='lat' dir='ltr'><strong>lla,</strong></span> <span class='ocrx_word' id='word_1_17' title='bbox 524 978 580 1055; x_wconf 90' lang='lat' dir='ltr'><strong>qui</strong></span> <span class='ocrx_word' id='word_1_18' title='bbox 596 976 780 1056; x_wconf 78' lang='lat' dir='ltr'><strong>pastoribus</strong></span> <span class='ocrx_word' id='word_1_19' title='bbox 796 975 914 1039; x_wconf 79' lang='lat' dir='ltr'><strong>Christi</strong></span> <span class='ocrx_word' id='word_1_20' title='bbox 937 975 1137 1037; x_wconf 84' lang='lat' dir='ltr'><strong>nativitatem</strong></span> <span class='ocrx_word' id='word_1_21' title='bbox 1152 973 1429 1051; x_wconf 72' lang='lat' dir='ltr'><strong>evangelizarunt,</strong></span> <span class='ocrx_word' id='word_1_22' title='bbox 1444 992 1553 1055; x_wconf 87' lang='lat' dir='ltr'><strong>nequa·</strong></span> 
     </span>
     <span class='ocr_line' id='line_1_4' title="bbox 449 1074 1553 1158; baseline -0.003 -18"><span class='ocrx_word' id='word_1_23' title='bbox 449 1096 561 1158; x_wconf 90' lang='lat' dir='ltr'><strong>quam,</strong></span> <span class='ocrx_word' id='word_1_24' title='bbox 577 1079 696 1155; x_wconf 88' lang='lat' dir='ltr'><strong>inquit,</strong></span> <span class='ocrx_word' id='word_1_25' title='bbox 711 1077 842 1140; x_wconf 78' lang='lat' dir='ltr'><strong>desiisse</strong></span> <span class='ocrx_word' id='word_1_26' title='bbox 859 1084 934 1141; x_wconf 90' lang='lat' dir='ltr'><strong>tunc</strong></span> <span class='ocrx_word' id='word_1_27' title='bbox 955 1093 1070 1138; x_wconf 88' lang='lat' dir='ltr'><strong>eorum</strong></span> <span class='ocrx_word' id='word_1_28' title='bbox 1091 1074 1302 1137; x_wconf 86' lang='lat' dir='ltr'><strong>ministerium</strong></span> <span class='ocrx_word' id='word_1_29' title='bbox 1318 1091 1393 1155; x_wconf 90' lang='lat' dir='ltr'><strong>erga</strong></span> <span class='ocrx_word' id='word_1_30' title='bbox 1409 1076 1553 1147; x_wconf 85' lang='lat' dir='ltr'><strong>homines,</strong></span> 
     </span>
     <span class='ocr_line' id='line_1_5' title="bbox 449 1175 1556 1258; baseline -0.001 -18"><span class='ocrx_word' id='word_1_31' title='bbox 449 1178 504 1241; x_wconf 87' lang='lat' dir='ltr'><strong>scd</strong></span> <span class='ocrx_word' id='word_1_32' title='bbox 522 1196 758 1258; x_wconf 82' lang='lat' dir='ltr'><strong>perseverasse,</strong></span> <span class='ocrx_word' id='word_1_33' title='bbox 771 1179 874 1242; x_wconf 89' lang='lat' dir='ltr'><strong>donee</strong></span> <span class='ocrx_word' id='word_1_34' title='bbox 884 1178 958 1241; x_wconf 88' lang='lat' dir='ltr'><strong>boui</strong></span> <span class='ocrx_word' id='word_1_35' title='bbox 976 1175 1079 1240; x_wconf 82' lang='lat' dir='ltr'><strong>Patris</strong></span> <span class='ocrx_word' id='word_1_36' title='bbox 1095 1176 1316 1239; x_wconf 76' lang='lat' dir='ltr'><strong>miserationes</strong></span> <span class='ocrx_word' id='word_1_37' title='bbox 1329 1178 1477 1240; x_wconf 91' lang='lat' dir='ltr'><strong>omnibus</strong></span> <span class='ocrx_word' id='word_1_38' title='bbox 1490 1196 1556 1255; x_wconf 86' lang='lat' dir='ltr'><strong>gen·</strong></span> 
     </span>
     <span class='ocr_line' id='line_1_6' title="bbox 450 1276 1557 1360; baseline -0.002 -17"><span class='ocrx_word' id='word_1_39' title='bbox 450 1280 536 1344; x_wconf 91' lang='lat' dir='ltr'><strong>tibus</strong></span> <span class='ocrx_word' id='word_1_40' title='bbox 557 1289 590 1343; x_wconf 92' lang='lat' dir='ltr'><strong>et</strong></span> <span class='ocrx_word' id='word_1_41' title='bbox 605 1282 722 1360; x_wconf 90' lang='lat' dir='ltr'><strong>linguis</strong></span> <span class='ocrx_word' id='word_1_42' title='bbox 743 1280 980 1353; x_wconf 74' lang='lat' dir='ltr'><strong>annuntiantes,</strong></span> <span class='ocrx_word' id='word_1_43' title='bbox 997 1297 1112 1343; x_wconf 89' lang='lat' dir='ltr'><strong>eorum</strong></span> <span class='ocrx_word' id='word_1_44' title='bbox 1135 1278 1233 1343; x_wconf 89' lang='lat' dir='ltr'><strong>saluti</strong></span> <span class='ocrx_word' id='word_1_45' title='bbox 1253 1278 1469 1342; x_wconf 88' lang='lat' dir='ltr'><strong>consulerent.</strong></span> <span class='ocrx_word' id='word_1_46' title='bbox 1491 1276 1557 1355; x_wconf 86' lang='lat' dir='ltr'><strong>Quo</strong></span> 
     </span>
     <span class='ocr_line' id='line_1_7' title="bbox 449 1379 1557 1462; baseline -0.003 -16"><span class='ocrx_word' id='word_1_47' title='bbox 449 1382 580 1462; x_wconf 89' lang='lat' dir='ltr'><strong>quidem</strong></span> <span class='ocrx_word' id='word_1_48' title='bbox 604 1382 765 1461; x_wconf 91' lang='lat' dir='ltr'><strong>praeconii</strong></span> <span class='ocrx_word' id='word_1_49' title='bbox 787 1396 922 1444; x_wconf 85' lang='lat' dir='ltr'><strong>munere</strong></span> <span class='ocrx_word' id='word_1_50' title='bbox 938 1381 1119 1461; x_wconf 85' lang='lat' dir='ltr'><strong>iunguntur</strong></span> <span class='ocrx_word' id='word_1_51' title='bbox 1138 1398 1177 1445; x_wconf 91' lang='lat' dir='ltr'><strong>ac</strong></span> <span class='ocrx_word' id='word_1_52' title='bbox 1196 1379 1388 1460; x_wconf 75' lang='lat' dir='ltr'><strong>fungentur,</strong></span> <span class='ocrx_word' id='word_1_53' title='bbox 1412 1398 1474 1443; x_wconf 92' lang='lat' dir='ltr'><strong>nou</strong></span> <span class='ocrx_word' id='word_1_54' title='bbox 1494 1388 1557 1460; x_wconf 88' lang='lat' dir='ltr'><strong>post</strong></span> 
     </span>
     <span class='ocr_line' id='line_1_8' title="bbox 447 1481 1557 1564; baseline -0.002 -19"><span class='ocrx_word' id='word_1_55' title='bbox 447 1483 609 1564; x_wconf 86' lang='lat' dir='ltr'><strong>judicium</strong></span> <span class='ocrx_word' id='word_1_56' title='bbox 623 1484 845 1558; x_wconf 84' lang='lat' dir='ltr'><strong>novisslmum,</strong></span> <span class='ocrx_word' id='word_1_57' title='bbox 862 1482 916 1545; x_wconf 89' lang='lat' dir='ltr'><strong>sed</strong></span> <span class='ocrx_word' id='word_1_58' title='bbox 939 1482 1022 1545; x_wconf 90' lang='lat' dir='ltr'><strong>illud</strong></span> <span class='ocrx_word' id='word_1_59' title='bbox 1045 1490 1252 1561; x_wconf 77' lang='lat' dir='ltr'><strong>praeeuntes,</strong></span> <span class='ocrx_word' id='word_1_60' title='bbox 1264 1481 1347 1545; x_wconf 86' lang='lat' dir='ltr'><strong>idest</strong></span> <span class='ocrx_word' id='word_1_61' title='bbox 1367 1490 1441 1544; x_wconf 87' lang='lat' dir='ltr'><strong>ante</strong></span> <span class='ocrx_word' id='word_1_62' title='bbox 1454 1500 1557 1544; x_wconf 89' lang='lat' dir='ltr'><strong>secun·</strong></span> 
     </span>
     <span class='ocr_line' id='line_1_9' title="bbox 450 1581 1557 1664; baseline 0.002 -20"><span class='ocrx_word' id='word_1_63' title='bbox 450 1584 528 1646; x_wconf 90' lang='lat' dir='ltr'><strong>dum</strong></span> <span class='ocrx_word' id='word_1_64' title='bbox 551 1581 677 1645; x_wconf 84' lang='lat' dir='ltr'><strong>Domini</strong></span> <span class='ocrx_word' id='word_1_65' title='bbox 700 1582 894 1662; x_wconf 77' lang='lat' dir='ltr'><strong>adrentnm5</strong></span> <span class='ocrx_word' id='word_1_66' title='bbox 914 1583 1171 1663; x_wconf 79' lang='lat' dir='ltr'><strong>evangelizantes</strong></span> <span class='ocrx_word' id='word_1_67' title='bbox 1193 1583 1315 1663; x_wconf 89' lang='lat' dir='ltr'><strong>ubique</strong></span> <span class='ocrx_word' id='word_1_68' title='bbox 1336 1584 1423 1646; x_wconf 89' lang='lat' dir='ltr'><strong>omni</strong></span> <span class='ocrx_word' id='word_1_69' title='bbox 1445 1583 1557 1664; x_wconf 93' lang='lat' dir='ltr'><strong>populo</strong></span> 
     </span>
     <span class='ocr_line' id='line_1_10' title="bbox 450 1684 1557 1767; baseline 0 -20"><span class='ocrx_word' id='word_1_70' title='bbox 450 1686 538 1765; x_wconf 87' lang='lat' dir='ltr'><strong>genti</strong></span> <span class='ocrx_word' id='word_1_71' title='bbox 559 1694 592 1748; x_wconf 88' lang='lat' dir='ltr'><strong>et</strong></span> <span class='ocrx_word' id='word_1_72' title='bbox 613 1686 755 1765; x_wconf 86' lang='lat' dir='ltr'><strong>linguae,</strong></span> <span class='ocrx_word' id='word_1_73' title='bbox 779 1695 814 1749; x_wconf 92' lang='lat' dir='ltr'><strong>nt</strong></span> <span class='ocrx_word' id='word_1_74' title='bbox 835 1685 951 1749; x_wconf 88' lang='lat' dir='ltr'><strong>darent</strong></span> <span class='ocrx_word' id='word_1_75' title='bbox 973 1688 1128 1749; x_wconf 90' lang='lat' dir='ltr'><strong>honorem</strong></span> <span class='ocrx_word' id='word_1_76' title='bbox 1153 1684 1219 1750; x_wconf 83' lang='lat' dir='ltr'><strong>Deo</strong></span> <span class='ocrx_word' id='word_1_77' title='bbox 1241 1702 1382 1767; x_wconf 87' lang='lat' dir='ltr'><strong>eumque</strong></span> <span class='ocrx_word' id='word_1_78' title='bbox 1407 1688 1557 1758; x_wconf 86' lang='lat' dir='ltr'><strong>timerent,</strong></span> 
     </span>
     <span class='ocr_line' id='line_1_11' title="bbox 450 1785 1559 1869; baseline -0.002 -20"><span class='ocrx_word' id='word_1_79' title='bbox 450 1787 516 1861; x_wconf 79' lang='lat' dir='ltr'><strong>tuti</strong></span> <span class='ocrx_word' id='word_1_80' title='bbox 530 1805 571 1848; x_wconf 83' lang='lat' dir='ltr'><strong>ex</strong></span> <span class='ocrx_word' id='word_1_81' title='bbox 587 1785 938 1866; x_wconf 81' lang='lat' dir='ltr'><strong>sequentibuslounois</strong></span> <span class='ocrx_word' id='word_1_82' title='bbox 955 1787 1061 1850; x_wconf 84' lang='lat' dir='ltr'><strong>verbis</strong></span> <span class='ocrx_word' id='word_1_83' title='bbox 1076 1787 1182 1867; x_wconf 85' lang='lat' dir='ltr'><strong>patet)</strong></span> <span class='ocrx_word' id='word_1_84' title='bbox 1198 1804 1236 1849; x_wconf 91' lang='lat' dir='ltr'><strong>ac</strong></span> <span class='ocrx_word' id='word_1_85' title='bbox 1252 1787 1407 1851; x_wconf 79' lang='lat' dir='ltr'><strong>dicentcsa</strong></span> <span class='ocrx_word' id='word_1_86' title='bbox 1422 1786 1497 1869; x_wconf 82' lang='lat' dir='ltr'><strong>quic</strong></span> <span class='ocrx_word' id='word_1_87' title='bbox 1516 1805 1559 1848; x_wconf 87' lang='lat' dir='ltr'><strong>oe·</strong></span> 
     </span>
     <span class='ocr_line' id='line_1_12' title="bbox 450 1870 1556 1968; baseline 0.002 -21"><span class='ocrx_word' id='word_1_88' title='bbox 450 1884 499 1949; x_wconf 79' lang='lat' dir='ltr'><strong>nit</strong></span> <span class='ocrx_word' id='word_1_89' title='bbox 518 1885 732 1967; x_wconf 72' lang='lat' dir='ltr'><strong>horc&#39;p‘udicis&#39;</strong></span> <span class='ocrx_word' id='word_1_90' title='bbox 751 1886 830 1968; x_wconf 74' lang='lat' dir='ltr'><strong>ep&#39;es.</strong></span> <span class='ocrx_word' id='word_1_91' title='bbox 849 1886 896 1950; x_wconf 82' lang='lat' dir='ltr'><strong>hc</strong></span> <span class='ocrx_word' id='word_1_92' title='bbox 918 1888 959 1951; x_wconf 88' lang='lat' dir='ltr'><strong>ita</strong></span> <span class='ocrx_word' id='word_1_93' title='bbox 983 1906 1017 1950; x_wconf 89' lang='lat' dir='ltr'><strong>sc</strong></span> <span class='ocrx_word' id='word_1_94' title='bbox 1040 1887 1136 1951; x_wconf 86' lang='lat' dir='ltr'><strong>habet</strong></span> <span class='ocrx_word' id='word_1_95' title='bbox 1156 1870 1309 1968; x_wconf 76' lang='lat' dir='ltr'><strong>Origenis&#39;</strong></span> <span class='ocrx_word' id='word_1_96' title='bbox 1326 1896 1556 1968; x_wconf 75' lang='lat' dir='ltr'><strong>argumentum.</strong></span> 
     </span>
    </p>

    <p class='ocr_par' dir='ltr' id='par_1_2' title="bbox 424 1975 1567 3693">
     <span class='ocr_line' id='line_1_13' title="bbox 531 1975 1559 2069; baseline -0.003 -18"><span class='ocrx_word' id='word_1_97' title='bbox 531 1975 697 2051; x_wconf 82' lang='lat' dir='ltr'><strong>Similiter·</strong></span> <span class='ocrx_word' id='word_1_98' title='bbox 712 1987 753 2049; x_wconf 91' lang='lat' dir='ltr'><strong>ab</strong></span> <span class='ocrx_word' id='word_1_99' title='bbox 785 2004 901 2050; x_wconf 90' lang='lat' dir='ltr'><strong>errore</strong></span> <span class='ocrx_word' id='word_1_100' title='bbox 930 1988 1111 2051; x_wconf 77' lang='lat' dir='ltr'><strong>innocuum·</strong></span> <span class='ocrx_word' id='word_1_101' title='bbox 1139 1989 1225 2050; x_wconf 85' lang='lat' dir='ltr'><strong>venit</strong></span> <span class='ocrx_word' id='word_1_102' title='bbox 1257 1990 1343 2069; x_wconf 91' lang='lat' dir='ltr'><strong>quod</strong></span> <span class='ocrx_word' id='word_1_103' title='bbox 1378 2009 1422 2053; x_wconf 84' lang='lat' dir='ltr'><strong>ex</strong></span> <span class='ocrx_word' id='word_1_104' title='bbox 1455 1988 1559 2051; x_wconf 88' lang='lat' dir='ltr'><strong>eodem</strong></span> 
     </span>
     <span class='ocr_line' id='line_1_14' title="bbox 454 2070 1561 2170; baseline 0 -18"><span class='ocrx_word' id='word_1_105' title='bbox 454 2073 669 2168; x_wconf 74' lang='lat' dir='ltr'><strong>hvaogetts&#39;t&#39;a&#39;</strong></span> <span class='ocrx_word' id='word_1_106' title='bbox 684 2087 810 2152; x_wconf 82' lang='lat' dir='ltr'><strong>lenone</strong></span> <span class='ocrx_word' id='word_1_107' title='bbox 833 2070 932 2152; x_wconf 78' lang='lat' dir='ltr'><strong>tradit</strong></span> <span class='ocrx_word' id='word_1_108' title='bbox 959 2088 1088 2153; x_wconf 83' lang='lat' dir='ltr'><strong>hoctor</strong></span> <span class='ocrx_word' id='word_1_109' title='bbox 1103 2086 1206 2152; x_wconf 84' lang='lat' dir='ltr'><strong>Temo</strong></span> <span class='ocrx_word' id='word_1_110' title='bbox 1228 2086 1319 2153; x_wconf 84' lang='lat' dir='ltr'><strong>xltt.</strong></span> <span class='ocrx_word' id='word_1_111' title='bbox 1341 2108 1373 2153; x_wconf 92' lang='lat' dir='ltr'><strong>n.</strong></span> <span class='ocrx_word' id='word_1_112' title='bbox 1396 2088 1448 2155; x_wconf 84' lang='lat'><strong>58.</strong></span> <span class='ocrx_word' id='word_1_113' title='bbox 1463 2088 1561 2170; x_wconf 83' lang='lat' dir='ltr'><strong>Regu·</strong></span> 
     </span>
     <span class='ocr_line' id='line_1_15' title="bbox 448 2188 1561 2271; baseline 0.002 -20"><span class='ocrx_word' id='word_1_114' title='bbox 448 2191 473 2252; x_wconf 86' lang='lat' dir='ltr'><strong>li</strong></span> <span class='ocrx_word' id='word_1_115' title='bbox 495 2190 552 2253; x_wconf 90' lang='lat' dir='ltr'><strong>lilli</strong></span> <span class='ocrx_word' id='word_1_116' title='bbox 583 2200 738 2253; x_wconf 85' lang='lat' dir='ltr'><strong>enarrans</strong></span> <span class='ocrx_word' id='word_1_117' title='bbox 767 2190 930 2253; x_wconf 81' lang='lat' dir='ltr'><strong>salutem:</strong></span> <span class='ocrx_word' id='word_1_118' title='bbox 955 2210 972 2251; x_wconf 89' lang='grc' dir='ltr'><strong>ιι</strong></span> <span class='ocrx_word' id='word_1_119' title='bbox 996 2188 1156 2253; x_wconf 80' lang='lat' dir='ltr'><strong>Existimo</strong></span> <span class='ocrx_word' id='word_1_120' title='bbox 1180 2190 1278 2267; x_wconf 91' lang='lat' dir='ltr'><strong>euim,</strong></span> <span class='ocrx_word' id='word_1_121' title='bbox 1301 2190 1421 2271; x_wconf 91' lang='lat' dir='ltr'><strong>inquit,</strong></span> <span class='ocrx_word' id='word_1_122' title='bbox 1444 2191 1561 2271; x_wconf 87' lang='lat' dir='ltr'><strong>aliquot</strong></span> 
     </span>
     <span class='ocr_line' id='line_1_16' title="bbox 449 2291 1561 2373; baseline -0.003 -17"><span class='ocrx_word' id='word_1_123' title='bbox 449 2312 492 2357; x_wconf 86' lang='lat' dir='ltr'><strong>ex</strong></span> <span class='ocrx_word' id='word_1_124' title='bbox 514 2292 714 2373; x_wconf 84' lang='lat' dir='ltr'><strong>principibus</strong></span> <span class='ocrx_word' id='word_1_125' title='bbox 734 2291 977 2371; x_wconf 75' lang='lat' dir='ltr'><strong>obstupefactos</strong></span> <span class='ocrx_word' id='word_1_126' title='bbox 1010 2300 1145 2370; x_wconf 91' lang='lat' dir='ltr'><strong>propter</strong></span> <span class='ocrx_word' id='word_1_127' title='bbox 1172 2292 1348 2373; x_wconf 85' lang='lat' dir='ltr'><strong>potentiam</strong></span> <span class='ocrx_word' id='word_1_128' title='bbox 1370 2300 1403 2355; x_wconf 87' lang='lat' dir='ltr'><strong>et</strong></span> <span class='ocrx_word' id='word_1_129' title='bbox 1425 2293 1561 2356; x_wconf 78' lang='lat' dir='ltr'><strong>divinite·</strong></span> 
     </span>
     <span class='ocr_line' id='line_1_17' title="bbox 452 2392 1562 2474; baseline -0.003 -15"><span class='ocrx_word' id='word_1_130' title='bbox 452 2404 516 2459; x_wconf 89' lang='lat' dir='ltr'><strong>tem</strong></span> <span class='ocrx_word' id='word_1_131' title='bbox 536 2393 629 2469; x_wconf 83' lang='lat' dir='ltr'><strong>lesu,</strong></span> <span class='ocrx_word' id='word_1_132' title='bbox 645 2393 828 2474; x_wconf 82' lang='lat' dir='ltr'><strong>conlegisse</strong></span> <span class='ocrx_word' id='word_1_133' title='bbox 850 2394 890 2455; x_wconf 82' lang='grc' dir='ltr'><strong>ιιι</strong></span> <span class='ocrx_word' id='word_1_134' title='bbox 912 2401 1180 2468; x_wconf 75' lang='lat' dir='ltr'><strong>commorasse</strong></span> <span class='ocrx_word' id='word_1_135' title='bbox 1202 2412 1261 2474; x_wconf 92' lang='lat' dir='ltr'><strong>pro</strong></span> <span class='ocrx_word' id='word_1_136' title='bbox 1282 2393 1342 2457; x_wconf 85' lang='lat' dir='ltr'><strong>sibi</strong></span> <span class='ocrx_word' id='word_1_137' title='bbox 1363 2394 1508 2460; x_wconf 89' lang='lat' dir='ltr'><strong>subditis.</strong></span> <span class='ocrx_word' id='word_1_138' title='bbox 1525 2392 1562 2456; x_wconf 80' lang='lat' dir='ltr'><strong>h·</strong></span> 
     </span>
     <span class='ocr_line' id='line_1_18' title="bbox 449 2494 1561 2577; baseline -0.004 -17"><span class='ocrx_word' id='word_1_139' title='bbox 449 2495 576 2577; x_wconf 88' lang='lat' dir='ltr'><strong>linquin</strong></span> <span class='ocrx_word' id='word_1_140' title='bbox 597 2513 669 2570; x_wconf 87' lang='lat' dir='ltr'><strong>eur,</strong></span> <span class='ocrx_word' id='word_1_141' title='bbox 692 2512 828 2575; x_wconf 89' lang='lat' dir='ltr'><strong>quaeso,</strong></span> <span class='ocrx_word' id='word_1_142' title='bbox 853 2494 997 2558; x_wconf 91' lang='lat' dir='ltr'><strong>homines</strong></span> <span class='ocrx_word' id='word_1_143' title='bbox 1018 2494 1249 2574; x_wconf 87' lang='lat' dir='ltr'><strong>poeniteutiam</strong></span> <span class='ocrx_word' id='word_1_144' title='bbox 1270 2494 1446 2575; x_wconf 85' lang='lat' dir='ltr'><strong>recipiunt,</strong></span> <span class='ocrx_word' id='word_1_145' title='bbox 1462 2515 1502 2561; x_wconf 83' lang='lat' dir='ltr'><strong>cx</strong></span> <span class='ocrx_word' id='word_1_146' title='bbox 1521 2495 1561 2557; x_wconf 90' lang='lat' dir='ltr'><strong>iu·</strong></span> 
     </span>
     <span class='ocr_line' id='line_1_19' title="bbox 451 2593 1562 2677; baseline -0.001 -17"><span class='ocrx_word' id='word_1_147' title='bbox 451 2597 606 2661; x_wconf 78' lang='lat' dir='ltr'><strong>fidelitate</strong></span> <span class='ocrx_word' id='word_1_148' title='bbox 627 2596 666 2659; x_wconf 89' lang='lat' dir='ltr'><strong>ad</strong></span> <span class='ocrx_word' id='word_1_149' title='bbox 690 2596 785 2660; x_wconf 87' lang='lat' dir='ltr'><strong>iidem</strong></span> <span class='ocrx_word' id='word_1_150' title='bbox 808 2603 999 2671; x_wconf 90' lang='lat' dir='ltr'><strong>transeunt,</strong></span> <span class='ocrx_word' id='word_1_151' title='bbox 1031 2593 1115 2659; x_wconf 86' lang='lat' dir='ltr'><strong>idem</strong></span> <span class='ocrx_word' id='word_1_152' title='bbox 1138 2614 1216 2661; x_wconf 86' lang='lat' dir='ltr'><strong>sero</strong></span> <span class='ocrx_word' id='word_1_153' title='bbox 1238 2596 1270 2658; x_wconf 87' lang='lat' dir='ltr'><strong>in</strong></span> <span class='ocrx_word' id='word_1_154' title='bbox 1292 2598 1443 2677; x_wconf 87' lang='lat' dir='ltr'><strong>potentiis</strong></span> <span class='ocrx_word' id='word_1_155' title='bbox 1464 2597 1562 2661; x_wconf 88' lang='lat' dir='ltr'><strong>dicere</strong></span> 
     </span>
     <span class='ocr_line' id='line_1_20' title="bbox 456 2695 1560 2789; baseline -0.003 -29"><span class='ocrx_word' id='word_1_156' title='bbox 456 2696 640 2761; x_wconf 78' lang='lat' dir='ltr'><strong>ceremur?</strong></span> <span class='ocrx_word' id='word_1_157' title='bbox 662 2695 722 2761; x_wconf 86' lang='lat' dir='ltr'><strong>Vel</strong></span> <span class='ocrx_word' id='word_1_158' title='bbox 744 2697 932 2789; x_wconf 74' lang='lat' dir='ltr'><strong>uoltisdieat</strong></span> <span class='ocrx_word' id='word_1_159' title='bbox 953 2697 1072 2777; x_wconf 87' lang='lat' dir='ltr'><strong>aliquis</strong></span> <span class='ocrx_word' id='word_1_160' title='bbox 1093 2714 1238 2773; x_wconf 88' lang='lat' dir='ltr'><strong>eausam,</strong></span> <span class='ocrx_word' id='word_1_161' title='bbox 1253 2715 1316 2761; x_wconf 88' lang='lat' dir='ltr'><strong>cur</strong></span> <span class='ocrx_word' id='word_1_162' title='bbox 1339 2697 1484 2763; x_wconf 86' lang='lat' dir='ltr'><strong>homiues</strong></span> <span class='ocrx_word' id='word_1_163' title='bbox 1498 2714 1560 2763; x_wconf 85' lang='lat' dir='ltr'><strong>eer-</strong></span> 
     </span>
     <span class='ocr_line' id='line_1_21' title="bbox 424 2798 1562 2881; baseline 0 -20"><span class='ocrx_word' id='word_1_164' title='bbox 424 2854 428 2861; x_wconf 84' lang='grc'><em>,</em></span> <span class='ocrx_word' id='word_1_165' title='bbox 454 2809 528 2864; x_wconf 88' lang='lat' dir='ltr'><strong>nem</strong></span> <span class='ocrx_word' id='word_1_166' title='bbox 549 2810 582 2864; x_wconf 91' lang='lat' dir='ltr'><strong>et</strong></span> <span class='ocrx_word' id='word_1_167' title='bbox 596 2801 784 2880; x_wconf 89' lang='lat' dir='ltr'><strong>sanguinem</strong></span> <span class='ocrx_word' id='word_1_168' title='bbox 805 2800 911 2863; x_wconf 88' lang='lat' dir='ltr'><strong>indoti</strong></span> <span class='ocrx_word' id='word_1_169' title='bbox 934 2799 1111 2881; x_wconf 81' lang='lat' dir='ltr'><strong>coningere</strong></span> <span class='ocrx_word' id='word_1_170' title='bbox 1125 2801 1248 2881; x_wconf 88' lang='lat' dir='ltr'><strong>possint</strong></span> <span class='ocrx_word' id='word_1_171' title='bbox 1268 2801 1383 2863; x_wconf 86' lang='lat' dir='ltr'><strong>mutati</strong></span> <span class='ocrx_word' id='word_1_172' title='bbox 1405 2801 1446 2864; x_wconf 88' lang='lat' dir='ltr'><strong>ad</strong></span> <span class='ocrx_word' id='word_1_173' title='bbox 1469 2798 1562 2863; x_wconf 87' lang='lat' dir='ltr'><strong>Deum</strong></span> 
     </span>
     <span class='ocr_line' id='line_1_22' title="bbox 454 2900 1562 2991; baseline -0.003 -25"><span class='ocrx_word' id='word_1_174' title='bbox 454 2920 513 2983; x_wconf 89' lang='lat' dir='ltr'><strong>per</strong></span> <span class='ocrx_word' id='word_1_175' title='bbox 533 2900 720 2980; x_wconf 79' lang='lat' dir='ltr'><strong>Christnm3</strong></span> <span class='ocrx_word' id='word_1_176' title='bbox 743 2920 800 2965; x_wconf 92' lang='lat' dir='ltr'><strong>eos</strong></span> <span class='ocrx_word' id='word_1_177' title='bbox 822 2920 915 2977; x_wconf 86' lang='lat' dir='ltr'><strong>sero,</strong></span> <span class='ocrx_word' id='word_1_178' title='bbox 938 2902 994 2982; x_wconf 92' lang='lat' dir='ltr'><strong>qul</strong></span> <span class='ocrx_word' id='word_1_179' title='bbox 1016 2901 1144 2982; x_wconf 89' lang='lat' dir='ltr'><strong>puriori</strong></span> <span class='ocrx_word' id='word_1_180' title='bbox 1167 2908 1284 2991; x_wconf 74' lang='lat' dir='ltr'><strong>natura</strong></span> <span class='ocrx_word' id='word_1_181' title='bbox 1306 2909 1445 2965; x_wconf 83' lang='lat' dir='ltr'><strong>utantur</strong></span> <span class='ocrx_word' id='word_1_182' title='bbox 1466 2901 1562 2980; x_wconf 81' lang='lat' dir='ltr'><strong>(idem</strong></span> 
     </span>
     <span class='ocr_line' id='line_1_23' title="bbox 453 3000 1562 3084; baseline -0.003 -18"><span class='ocrx_word' id='word_1_183' title='bbox 453 3023 516 3068; x_wconf 93' lang='lat' dir='ltr'><strong>non</strong></span> <span class='ocrx_word' id='word_1_184' title='bbox 539 3022 632 3084; x_wconf 85' lang='lat' dir='ltr'><strong>posse</strong></span> <span class='ocrx_word' id='word_1_185' title='bbox 645 3002 720 3082; x_wconf 77' lang='lat' dir='ltr'><strong>sed)</strong></span> <span class='ocrx_word' id='word_1_186' title='bbox 742 3020 853 3065; x_wconf 91' lang='lat' dir='ltr'><strong>omnes</strong></span> <span class='ocrx_word' id='word_1_187' title='bbox 866 3003 1037 3083; x_wconf 85' lang='lat' dir='ltr'><strong>incapaces</strong></span> <span class='ocrx_word' id='word_1_188' title='bbox 1052 3022 1120 3067; x_wconf 90' lang='lat' dir='ltr'><strong>esse</strong></span> <span class='ocrx_word' id='word_1_189' title='bbox 1136 3002 1290 3065; x_wconf 89' lang='lat' dir='ltr'><strong>credendi</strong></span> <span class='ocrx_word' id='word_1_190' title='bbox 1304 3003 1335 3065; x_wconf 90' lang='lat' dir='ltr'><strong>in</strong></span> <span class='ocrx_word' id='word_1_191' title='bbox 1349 3000 1562 3075; x_wconf 85' lang='lat' dir='ltr'><strong>Servatorem,</strong></span> 
     </span>
     <span class='ocr_line' id='line_1_24' title="bbox 454 3103 1562 3186; baseline -0.005 -18"><span class='ocrx_word' id='word_1_192' title='bbox 454 3106 651 3186; x_wconf 86' lang='lat' dir='ltr'><strong>minimeque</strong></span> <span class='ocrx_word' id='word_1_193' title='bbox 679 3104 910 3183; x_wconf 79' lang='lat' dir='ltr'><strong>obstupescere</strong></span> <span class='ocrx_word' id='word_1_194' title='bbox 932 3111 1068 3186; x_wconf 89' lang='lat' dir='ltr'><strong>propter</strong></span> <span class='ocrx_word' id='word_1_195' title='bbox 1098 3103 1299 3184; x_wconf 88' lang='lat' dir='ltr'><strong>prodigiosas</strong></span> <span class='ocrx_word' id='word_1_196' title='bbox 1333 3106 1472 3167; x_wconf 83' lang='lat' dir='ltr'><strong>virtutes</strong></span> <span class='ocrx_word' id='word_1_197' title='bbox 1491 3120 1562 3184; x_wconf 87' lang='lat' dir='ltr'><strong>quas</strong></span> 
     </span>
     <span class='ocr_line' id='line_1_25' title="bbox 451 3205 1563 3288; baseline -0.005 -19"><span class='ocrx_word' id='word_1_198' title='bbox 451 3207 520 3288; x_wconf 90' lang='lat' dir='ltr'><strong>ipse</strong></span> <span class='ocrx_word' id='word_1_199' title='bbox 542 3206 667 3269; x_wconf 89' lang='lat' dir='ltr'><strong>lecerit.</strong></span> <span class='ocrx_word' id='word_1_200' title='bbox 686 3205 729 3268; x_wconf 83' lang='lat' dir='ltr'><strong>ht</strong></span> <span class='ocrx_word' id='word_1_201' title='bbox 750 3223 810 3285; x_wconf 89' lang='lat' dir='ltr'><strong>ego</strong></span> <span class='ocrx_word' id='word_1_202' title='bbox 832 3224 910 3269; x_wconf 90' lang='lat' dir='ltr'><strong>reor</strong></span> <span class='ocrx_word' id='word_1_203' title='bbox 925 3207 1021 3269; x_wconf 89' lang='lat' dir='ltr'><strong>etiam</strong></span> <span class='ocrx_word' id='word_1_204' title='bbox 1036 3206 1123 3268; x_wconf 87' lang='lat' dir='ltr'><strong>circa</strong></span> <span class='ocrx_word' id='word_1_205' title='bbox 1146 3222 1200 3267; x_wconf 79' lang='lat' dir='ltr'><strong>eas</strong></span> <span class='ocrx_word' id='word_1_206' title='bbox 1222 3206 1394 3285; x_wconf 84' lang='lat' dir='ltr'><strong>potentias,</strong></span> <span class='ocrx_word' id='word_1_207' title='bbox 1412 3208 1563 3287; x_wconf 85' lang='lat' dir='ltr'><strong>priucipa-</strong></span> 
     </span>
     <span class='ocr_line' id='line_1_26' title="bbox 454 3308 1564 3391; baseline -0.005 -19"><span class='ocrx_word' id='word_1_208' title='bbox 454 3318 505 3374; x_wconf 91' lang='lat' dir='ltr'><strong>tus</strong></span> <span class='ocrx_word' id='word_1_209' title='bbox 526 3328 609 3391; x_wconf 88' lang='lat' dir='ltr'><strong>quos</strong></span> <span class='ocrx_word' id='word_1_210' title='bbox 624 3317 752 3385; x_wconf 85' lang='lat' dir='ltr'><strong>vocant,</strong></span> <span class='ocrx_word' id='word_1_211' title='bbox 774 3308 898 3389; x_wconf 88' lang='lat' dir='ltr'><strong>aliquid</strong></span> <span class='ocrx_word' id='word_1_212' title='bbox 916 3308 1036 3372; x_wconf 84' lang='lat' dir='ltr'><strong>lactum</strong></span> <span class='ocrx_word' id='word_1_213' title='bbox 1060 3308 1173 3381; x_wconf 87' lang='lat' dir='ltr'><strong>luisse,</strong></span> <span class='ocrx_word' id='word_1_214' title='bbox 1195 3308 1381 3371; x_wconf 90' lang='lat' dir='ltr'><strong>immutatus</strong></span> <span class='ocrx_word' id='word_1_215' title='bbox 1403 3310 1435 3371; x_wconf 89' lang='lat' dir='ltr'><strong>im</strong></span> <span class='ocrx_word' id='word_1_216' title='bbox 1459 3308 1564 3370; x_wconf 89' lang='lat' dir='ltr'><strong>melius</strong></span> 
     </span>
     <span class='ocr_line' id='line_1_27' title="bbox 453 3408 1564 3491; baseline -0.004 -16"><span class='ocrx_word' id='word_1_217' title='bbox 453 3408 573 3475; x_wconf 79' lang='lat' dir='ltr'><strong>Christi</strong></span> <span class='ocrx_word' id='word_1_218' title='bbox 595 3411 759 3474; x_wconf 81' lang='lat' dir='ltr'><strong>adventu:</strong></span> <span class='ocrx_word' id='word_1_219' title='bbox 776 3412 858 3475; x_wconf 88' lang='lat' dir='ltr'><strong>adeo</strong></span> <span class='ocrx_word' id='word_1_220' title='bbox 882 3417 917 3474; x_wconf 91' lang='lat' dir='ltr'><strong>ut</strong></span> <span class='ocrx_word' id='word_1_221' title='bbox 932 3410 1091 3491; x_wconf 87' lang='lat' dir='ltr'><strong>quaedam</strong></span> <span class='ocrx_word' id='word_1_222' title='bbox 1114 3411 1260 3489; x_wconf 86' lang='lat' dir='ltr'><strong>integrae</strong></span> <span class='ocrx_word' id='word_1_223' title='bbox 1274 3410 1385 3486; x_wconf 87' lang='lat' dir='ltr'><strong>urbes,</strong></span> <span class='ocrx_word' id='word_1_224' title='bbox 1404 3411 1456 3473; x_wconf 85' lang='lat' dir='ltr'><strong>vel</strong></span> <span class='ocrx_word' id='word_1_225' title='bbox 1477 3412 1564 3473; x_wconf 86' lang='lat' dir='ltr'><strong>etiam</strong></span> 
     </span>
     <span class='ocr_line' id='line_1_28' title="bbox 453 3508 1567 3592; baseline -0.001 -20"><span class='ocrx_word' id='word_1_226' title='bbox 453 3522 562 3592; x_wconf 85' lang='lat' dir='ltr'><strong>gentes</strong></span> <span class='ocrx_word' id='word_1_227' title='bbox 582 3511 783 3574; x_wconf 89' lang='lat' dir='ltr'><strong>commodius</strong></span> <span class='ocrx_word' id='word_1_228' title='bbox 799 3530 898 3592; x_wconf 90' lang='lat' dir='ltr'><strong>quam</strong></span> <span class='ocrx_word' id='word_1_229' title='bbox 922 3512 1016 3575; x_wconf 89' lang='lat' dir='ltr'><strong>multi</strong></span> <span class='ocrx_word' id='word_1_230' title='bbox 1039 3510 1225 3588; x_wconf 86' lang='lat' dir='ltr'><strong>habuerint,</strong></span> <span class='ocrx_word' id='word_1_231' title='bbox 1240 3528 1325 3591; x_wconf 88' lang='lat' dir='ltr'><strong>quae</strong></span> <span class='ocrx_word' id='word_1_232' title='bbox 1346 3511 1385 3573; x_wconf 91' lang='lat' dir='ltr'><strong>ad</strong></span> <span class='ocrx_word' id='word_1_233' title='bbox 1409 3508 1567 3575; x_wconf 85' lang='lat' dir='ltr'><strong>Christum</strong></span> 
     </span>
     <span class='ocr_line' id='line_1_29' title="bbox 455 3614 667 3693; baseline -0.019 -18"><span class='ocrx_word' id='word_1_234' title='bbox 455 3614 667 3693; x_wconf 76' lang='lat' dir='ltr'><strong>pertinent.»</strong></span> 
     </span>
    </p>

    <p class='ocr_par' dir='ltr' id='par_1_3' title="bbox 453 3712 1570 4609">
     <span class='ocr_line' id='line_1_30' title="bbox 535 3712 1566 3795; baseline -0.002 -20"><span class='ocrx_word' id='word_1_235' title='bbox 535 3712 632 3785; x_wconf 84' lang='lat' dir='ltr'><strong>llice,</strong></span> <span class='ocrx_word' id='word_1_236' title='bbox 654 3716 799 3794; x_wconf 88' lang='lat' dir='ltr'><strong>inquam,</strong></span> <span class='ocrx_word' id='word_1_237' title='bbox 816 3732 890 3778; x_wconf 88' lang='lat' dir='ltr'><strong>cum</strong></span> <span class='ocrx_word' id='word_1_238' title='bbox 912 3713 1089 3779; x_wconf 77' lang='lat' dir='ltr'><strong>adversarii</strong></span> <span class='ocrx_word' id='word_1_239' title='bbox 1113 3722 1226 3795; x_wconf 90' lang='lat' dir='ltr'><strong>putent</strong></span> <span class='ocrx_word' id='word_1_240' title='bbox 1250 3714 1509 3779; x_wconf 88' lang='lat' dir='ltr'><strong>concludendum</strong></span> <span class='ocrx_word' id='word_1_241' title='bbox 1530 3731 1566 3775; x_wconf 84' lang='lat' dir='ltr'><strong>ex</strong></span> 
     </span>
     <span class='ocr_line' id='line_1_31' title="bbox 453 3814 1567 3899; baseline -0.002 -21"><span class='ocrx_word' id='word_1_242' title='bbox 453 3814 602 3895; x_wconf 87' lang='lat' dir='ltr'><strong>Origeois</strong></span> <span class='ocrx_word' id='word_1_243' title='bbox 635 3824 768 3891; x_wconf 89' lang='lat' dir='ltr'><strong>mente,</strong></span> <span class='ocrx_word' id='word_1_244' title='bbox 802 3816 991 3896; x_wconf 88' lang='lat' dir='ltr'><strong>resipiscere</strong></span> <span class='ocrx_word' id='word_1_245' title='bbox 1020 3833 1113 3899; x_wconf 84' lang='lat' dir='ltr'><strong>passe</strong></span> <span class='ocrx_word' id='word_1_246' title='bbox 1141 3819 1314 3881; x_wconf 89' lang='lat' dir='ltr'><strong>doemones</strong></span> <span class='ocrx_word' id='word_1_247' title='bbox 1343 3838 1380 3882; x_wconf 89' lang='lat' dir='ltr'><strong>ac</strong></span> <span class='ocrx_word' id='word_1_248' title='bbox 1412 3819 1567 3899; x_wconf 89' lang='lat' dir='ltr'><strong>poeniten·</strong></span> 
     </span>
     <span class='ocr_line' id='line_1_32' title="bbox 456 3917 1570 4000; baseline -0.004 -19"><span class='ocrx_word' id='word_1_249' title='bbox 456 3918 497 3981; x_wconf 89' lang='lat' dir='ltr'><strong>tia</strong></span> <span class='ocrx_word' id='word_1_250' title='bbox 521 3917 595 3980; x_wconf 89' lang='lat' dir='ltr'><strong>duci</strong></span> <span class='ocrx_word' id='word_1_251' title='bbox 608 3962 617 3991; x_wconf 96' lang='lat'><strong>,</strong></span> <span class='ocrx_word' id='word_1_252' title='bbox 642 3926 709 3981; x_wconf 93' lang='lat' dir='ltr'><strong>toto</strong></span> <span class='ocrx_word' id='word_1_253' title='bbox 730 3918 823 3981; x_wconf 89' lang='lat' dir='ltr'><strong>coelo</strong></span> <span class='ocrx_word' id='word_1_254' title='bbox 846 3918 904 3998; x_wconf 88' lang='lat' dir='ltr'><strong>ipsi</strong></span> <span class='ocrx_word' id='word_1_255' title='bbox 927 3928 1049 3982; x_wconf 87' lang='lat' dir='ltr'><strong>errant.</strong></span> <span class='ocrx_word' id='word_1_256' title='bbox 1085 3919 1250 3983; x_wconf 89' lang='lat' dir='ltr'><strong>lmmerito</strong></span> <span class='ocrx_word' id='word_1_257' title='bbox 1271 3937 1411 4000; x_wconf 89' lang='lat' dir='ltr'><strong>namque</strong></span> <span class='ocrx_word' id='word_1_258' title='bbox 1431 3921 1570 3999; x_wconf 90' lang='lat' dir='ltr'><strong>arguunt</strong></span> 
     </span>
     <span class='ocr_line' id='line_1_33' title="bbox 453 4017 1567 4101; baseline 0 -20"><span class='ocrx_word' id='word_1_259' title='bbox 453 4017 617 4081; x_wconf 77' lang='lat' dir='ltr'><strong>archontes</strong></span> <span class='ocrx_word' id='word_1_260' title='bbox 636 4020 704 4083; x_wconf 82' lang='lat' dir='ltr'><strong>sire</strong></span> <span class='ocrx_word' id='word_1_261' title='bbox 726 4017 873 4099; x_wconf 80' lang='lat' dir='ltr'><strong>dynamis</strong></span> <span class='ocrx_word' id='word_1_262' title='bbox 900 4020 968 4082; x_wconf 84' lang='lat' dir='ltr'><strong>sive</strong></span> <span class='ocrx_word' id='word_1_263' title='bbox 994 4019 1153 4101; x_wconf 82' lang='lat' dir='ltr'><strong>principes</strong></span> <span class='ocrx_word' id='word_1_264' title='bbox 1176 4022 1216 4083; x_wconf 88' lang='lat' dir='ltr'><strong>ab</strong></span> <span class='ocrx_word' id='word_1_265' title='bbox 1239 4021 1352 4085; x_wconf 90' lang='lat' dir='ltr'><strong>eodem</strong></span> <span class='ocrx_word' id='word_1_266' title='bbox 1375 4021 1417 4083; x_wconf 86' lang='lat' dir='ltr'><strong>ibi</strong></span> <span class='ocrx_word' id='word_1_267' title='bbox 1449 4036 1567 4084; x_wconf 90' lang='lat' dir='ltr'><strong>nuncu-</strong></span> 
     </span>
     <span class='ocr_line' id='line_1_34' title="bbox 456 4122 1567 4203; baseline -0.001 -20"><span class='ocrx_word' id='word_1_268' title='bbox 456 4129 560 4199; x_wconf 89' lang='lat' dir='ltr'><strong>patos,</strong></span> <span class='ocrx_word' id='word_1_269' title='bbox 583 4129 731 4202; x_wconf 90' lang='lat' dir='ltr'><strong>spectare</strong></span> <span class='ocrx_word' id='word_1_270' title='bbox 752 4122 791 4184; x_wconf 90' lang='lat' dir='ltr'><strong>ad</strong></span> <span class='ocrx_word' id='word_1_271' title='bbox 814 4123 988 4185; x_wconf 89' lang='lat' dir='ltr'><strong>doemones</strong></span> <span class='ocrx_word' id='word_1_272' title='bbox 1009 4142 1066 4186; x_wconf 90' lang='lat' dir='ltr'><strong>seu</strong></span> <span class='ocrx_word' id='word_1_273' title='bbox 1089 4124 1127 4185; x_wconf 91' lang='lat' dir='ltr'><strong>ad</strong></span> <span class='ocrx_word' id='word_1_274' title='bbox 1150 4130 1324 4203; x_wconf 89' lang='lat' dir='ltr'><strong>potestates</strong></span> <span class='ocrx_word' id='word_1_275' title='bbox 1344 4123 1567 4194; x_wconf 64' lang='lat' dir='ltr'><strong>tenebrarum</strong></span> 
     </span>
     <span class='ocr_line' id='line_1_35' title="bbox 454 4218 1568 4303; baseline -0.004 -19"><span class='ocrx_word' id='word_1_276' title='bbox 454 4239 530 4284; x_wconf 90' lang='lat' dir='ltr'><strong>cum</strong></span> <span class='ocrx_word' id='word_1_277' title='bbox 554 4221 651 4285; x_wconf 86' lang='lat' dir='ltr'><strong>aliter</strong></span> <span class='ocrx_word' id='word_1_278' title='bbox 671 4223 710 4284; x_wconf 89' lang='grc' dir='ltr'><strong>ιιι</strong></span> <span class='ocrx_word' id='word_1_279' title='bbox 734 4225 871 4287; x_wconf 79' lang='lat' dir='ltr'><strong>virtutes</strong></span> <span class='ocrx_word' id='word_1_280' title='bbox 895 4223 1050 4287; x_wconf 88' lang='lat' dir='ltr'><strong>coelestes</strong></span> <span class='ocrx_word' id='word_1_281' title='bbox 1071 4231 1103 4287; x_wconf 91' lang='lat' dir='ltr'><strong>et</strong></span> <span class='ocrx_word' id='word_1_282' title='bbox 1124 4224 1284 4303; x_wconf 86' lang='lat' dir='ltr'><strong>angelicas</strong></span> <span class='ocrx_word' id='word_1_283' title='bbox 1304 4232 1461 4303; x_wconf 87' lang='lat' dir='ltr'><strong>spectent,</strong></span> <span class='ocrx_word' id='word_1_284' title='bbox 1478 4242 1494 4284; x_wconf 90' lang='grc' dir='ltr'><strong>ι</strong></span> <span class='ocrx_word' id='word_1_285' title='bbox 1512 4218 1568 4281; x_wconf 86' lang='lat' dir='ltr'><strong>llo·</strong></span> 
     </span>
     <span class='ocr_line' id='line_1_36' title="bbox 456 4323 1568 4398; baseline -0.002 -14"><span class='ocrx_word' id='word_1_286' title='bbox 456 4323 542 4385; x_wconf 92' lang='lat' dir='ltr'><strong>mino</strong></span> <span class='ocrx_word' id='word_1_287' title='bbox 564 4324 611 4384; x_wconf 91' lang='lat' dir='ltr'><strong>uti</strong></span> <span class='ocrx_word' id='word_1_288' title='bbox 636 4325 782 4387; x_wconf 85' lang='lat' dir='ltr'><strong>virorum</strong></span> <span class='ocrx_word' id='word_1_289' title='bbox 797 4325 960 4398; x_wconf 85' lang='lat' dir='ltr'><strong>custodes,</strong></span> <span class='ocrx_word' id='word_1_290' title='bbox 979 4324 1109 4387; x_wconf 86' lang='lat' dir='ltr'><strong>urbium</strong></span> <span class='ocrx_word' id='word_1_291' title='bbox 1132 4332 1164 4387; x_wconf 94' lang='lat' dir='ltr'><strong>et</strong></span> <span class='ocrx_word' id='word_1_292' title='bbox 1185 4326 1353 4388; x_wconf 87' lang='lat' dir='ltr'><strong>nationum</strong></span> <span class='ocrx_word' id='word_1_293' title='bbox 1370 4323 1568 4391; x_wconf 85' lang='lat' dir='ltr'><strong>constitutas,</strong></span> 
     </span>
     <span class='ocr_line' id='line_1_37' title="bbox 456 4423 1569 4507; baseline -0.001 -24"><span class='ocrx_word' id='word_1_294' title='bbox 456 4432 487 4483; x_wconf 91' lang='lat' dir='ltr'><strong>et</strong></span> <span class='ocrx_word' id='word_1_295' title='bbox 508 4424 652 4503; x_wconf 92' lang='lat' dir='ltr'><strong>quotidie</strong></span> <span class='ocrx_word' id='word_1_296' title='bbox 668 4442 728 4504; x_wconf 94' lang='lat' dir='ltr'><strong>pro</strong></span> <span class='ocrx_word' id='word_1_297' title='bbox 750 4425 814 4488; x_wconf 89' lang='lat' dir='ltr'><strong>illis</strong></span> <span class='ocrx_word' id='word_1_298' title='bbox 833 4423 937 4489; x_wconf 86' lang='lat' dir='ltr'><strong>Deum</strong></span> <span class='ocrx_word' id='word_1_299' title='bbox 960 4434 1119 4504; x_wconf 82' lang='lat' dir='ltr'><strong>rogantes.</strong></span> <span class='ocrx_word' id='word_1_300' title='bbox 1141 4424 1173 4489; x_wconf 82' lang='lat' dir='ltr'><strong>st</strong></span> <span class='ocrx_word' id='word_1_301' title='bbox 1198 4444 1277 4489; x_wconf 85' lang='lat' dir='ltr'><strong>sero</strong></span> <span class='ocrx_word' id='word_1_302' title='bbox 1298 4426 1371 4507; x_wconf 85' lang='lat' dir='ltr'><strong>quis</strong></span> <span class='ocrx_word' id='word_1_303' title='bbox 1393 4442 1454 4488; x_wconf 91' lang='lat' dir='ltr'><strong>non</strong></span> <span class='ocrx_word' id='word_1_304' title='bbox 1476 4425 1517 4486; x_wconf 90' lang='lat' dir='ltr'><strong>ita</strong></span> <span class='ocrx_word' id='word_1_305' title='bbox 1538 4440 1569 4482; x_wconf 87' lang='lat' dir='ltr'><strong>se</strong></span> 
     </span>
     <span class='ocr_line' id='line_1_38' title="bbox 454 4520 1567 4609; baseline -0.003 -23"><span class='ocrx_word' id='word_1_306' title='bbox 454 4526 574 4590; x_wconf 87' lang='lat' dir='ltr'><strong>habore</strong></span> <span class='ocrx_word' id='word_1_307' title='bbox 587 4527 684 4603; x_wconf 88' lang='lat' dir='ltr'><strong>dicat,</strong></span> <span class='ocrx_word' id='word_1_308' title='bbox 701 4526 848 4591; x_wconf 88' lang='lat' dir='ltr'><strong>ostendat</strong></span> <span class='ocrx_word' id='word_1_309' title='bbox 864 4526 959 4601; x_wconf 88' lang='lat' dir='ltr'><strong>mihi,</strong></span> <span class='ocrx_word' id='word_1_310' title='bbox 976 4544 1037 4591; x_wconf 91' lang='lat' dir='ltr'><strong>cur</strong></span> <span class='ocrx_word' id='word_1_311' title='bbox 1057 4528 1087 4590; x_wconf 91' lang='lat' dir='ltr'><strong>in</strong></span> <span class='ocrx_word' id='word_1_312' title='bbox 1104 4528 1237 4609; x_wconf 86' lang='lat' dir='ltr'><strong>praevio</strong></span> <span class='ocrx_word' id='word_1_313' title='bbox 1254 4544 1401 4592; x_wconf 86' lang='lat' dir='ltr'><strong>sermone</strong></span> <span class='ocrx_word' id='word_1_314' title='bbox 1422 4527 1466 4591; x_wconf 88' lang='lat' dir='ltr'><strong>ait</strong></span> <span class='ocrx_word' id='word_1_315' title='bbox 1481 4546 1489 4587; x_wconf 77' lang='grc' dir='ltr'><strong>ι</strong></span> <span class='ocrx_word' id='word_1_316' title='bbox 1505 4520 1567 4584; x_wconf 80' lang='lat' dir='ltr'><strong>eei·</strong></span> 
     </span>
    </p>
   </div>
   <div class='ocr_carea' id='block_1_2' title="bbox 0 0 1706 5567">
    <p class='ocr_par' dir='ltr' id='par_1_4' title="bbox 0 0 1706 5567">
     <span class='ocr_line' id='line_1_39' title="bbox 0 0 1706 5567; baseline 0 0"><span class='ocrx_word' id='word_1_317' title='bbox 0 0 1706 5567; x_wconf 95' lang='lat' dir='ltr'><strong> </strong></span> 
     </span>
    </p>
   </div>
  </div>
 </body>
</html>
