3375 5567
157 810 268 886 asiam,
287 818 345 873 unt
363 809 572 892 animalium,
594 810 650 875 ubi
670 809 725 873 tex
747 806 838 871 nulla
866 806 1043 871 haberetur
1060 854 1066 869 .
1084 852 1090 865 .
1106 852 1137 871 ..
1162 804 1250 871 liuec

157 916 306 977 adversum
326 913 402 977 illos
421 913 506 976 dicta
526 912 602 989 sint,
623 912 680 993 gni
704 909 851 993 Apostoli
865 924 1047 973 sermonem
1068 908 1109 971 ad
1130 908 1246 989 dogmu

158 1015 269 1095 inpium
291 1015 434 1077 trallunt.
457 1032 474 1070 s

217 1112 272 1177 ilis
290 1133 371 1195 ergo
389 1114 558 1193 expositis,
580 1112 740 1193 probatur
756 1109 885 1186 nullibi,
901 1114 1032 1191 practer
1051 1108 1186 1173 citatum
1207 1108 1249 1171 alt

157 1212 334 1299 Hieronymo
352 1222 388 1279 et
406 1212 590 1279 Iustiniano
615 1212 831 1277 testimenium
853 1228 895 1274 ex
914 1208 1013 1273 Libro
1033 1208 1064 1275 l.
1088 1208 1132 1273 lte
1154 1208 1250 1273 Prio-
1384 1194 1388 1203 ’

154 1316 239 1397 eipiis,
252 1317 365 1381 nullibi
386 1316 567 1397 quidquam
578 1315 684 1379 simile
703 1313 841 1393 reperiri
855 1311 1003 1375 docuisse
1016 1310 1191 1393 Origcuem
1206 1311 1246 1377 de

155 1419 312 1482 animam
329 1418 619 1497 transmigratione.
637 1414 823 1493 Quinimmo
837 1418 952 1493 aperto
962 1431 1124 1489 sermone,
1141 1432 1248 1495 neque

155 1518 246 1592 unsel,
266 1536 374 1599 neque
395 1518 443 1581 bis
460 1516 517 1581 sed
536 1516 666 1596 saepius
682 1515 778 1578 talem
801 1513 958 1578 refutavit
978 1515 1173 1595 opinionem
1197 1522 1251 1579 nt·

155 1634 205 1698 que
216 1618 410 1683 mecedem
421 1624 457 1680 et
469 1615 643 1695 impiorum
658 1614 827 1678 hominnm
839 1613 1104 1695 ioetnmabjecit,
1122 1633 1183 1681 cen
1196 1633 1252 1697 pe·
1314 1617 1318 1625 '

157 1722 226 1783 situs
236 1718 378 1800 dogmati
392 1714 573 1798 apostolico
587 1716 759 1781 obversam
767 1735 780 1797 3
791 1715 874 1779 adeo
890 1721 927 1779 nt
943 1733 983 1781 ue
997 1717 1103 1780 auimo
1117 1716 1250 1797 quidem

155 1818 213 1901 iugi
230 1822 340 1901 possit,
354 1818 530 1899 paululum
551 1817 601 1881 lais
621 1817 790 1883 erroribus
804 1816 1006 1899 acquievisse
1022 1817 1251 1881 Adamantinm

155 1930 199 1982 aut
209 1920 380 1984 dubitasse.
395 1918 539 2000 ideoque
552 1936 593 1983 nc
606 1935 658 1983 me
674 1918 862 1983 temeritatis
876 1925 995 1999 arguat
1007 1917 1093 1998 quis,
1116 1918 1142 1983 si
1159 1936 1252 2000 prae·

156 2020 238 2083 istum
258 2030 386 2084 textum
410 2020 511 2083 veluti
531 2019 574 2081 ult
595 2016 795 2103 Hieronymo
815 2028 850 2083 et
863 2018 1046 2085 iustiniano
1067 2038 1109 2083 ex
1130 2035 1249 2100 graeco

154 2120 234 2184 iatine
253 2121 470 2196 translatum,
496 2138 559 2185 non
579 2121 723 2185 litteram
751 2121 809 2185 sed
827 2138 958 2185 mosum
980 2121 1087 2201 potins
1109 2120 1251 2183 iudican-

157 2230 216 2298 teu,
234 2222 364 2287 nullum
385 2222 489 2285 dicam
510 2221 713 2301 prucseierre
729 2222 858 2303 signum
877 2220 1043 2303 originalis
1063 2222 1250 2303 genuitatis,

156 2340 251 2387 rernm
264 2332 454 2403 puratum,
468 2330 729 2405 corruptumque
750 2322 867 2399 inisse,
881 2340 920 2387 ac
940 2323 1063 2389 nnllins
1084 2324 1156 2388 ideo
1178 2322 1252 2389 tldci

98 2465 99 2468 =
156 2425 257 2488 lsieri
278 2424 365 2491 Cum
385 2443 404 2487 e
424 2427 589 2490 contrario
607 2427 734 2490 sincera
757 2425 891 2489 tenenda
912 2427 954 2489 sit
977 2426 1074 2489 iectin
1093 2426 1253 2489 codicisa

157 2523 264 2591 lndlno
282 2526 440 2609 praestita
455 2533 608 2607 unquam
628 2528 809 2605 contextui,
824 2535 858 2591 ct
878 2527 1032 2591 Auctoris
1054 2526 1152 2591 monti
1173 2527 1251 2591 satis

156 2629 275 2710 simne
293 2626 539 2693 accommodata
545 2647 558 2708 3
579 2646 678 2709 gnam
700 2629 889 2703 universim,
913 2628 1111 2710 ubicumque
1136 2628 1251 2711 Orige-

157 2744 198 2791 ια
213 2731 290 2794 iilud
302 2736 535 2811 argumentum
550 2730 692 2811 pertigit,
715 2736 873 2811 perpetuo
889 2736 990 2791 ratum
1007 2728 1083 2793 iecit
1100 2748 1254 2812 compro·¹

157 2828 307 2913 lusitque,
322 2831 373 2897 nti
395 2831 565 2912 hucusque
587 2829 784 2912 patefactum
805 2839 863 2893 est.
882 2828 924 2893 Et
946 2831 977 2893 id
999 2834 1201 2912 potissimum
1221 2832 1252 2895 in

157 2942 299 3009 postremo
312 2932 404 2997 Libri
425 2933 503 2995 dicti
528 2932 726 2995 roboraturs
743 2928 1015 3008 «Verumtamen,
1032 2933 1089 3007 ait,
1105 2949 1166 2995 sno
1180 2932 1255 2995 loco

157 3040 341 3116 ettempore,
362 3033 532 3099 confutato
554 3034 616 3097 noo
635 3050 791 3115 perverso
811 3032 961 3112 dogmate
975 3040 1008 3095 et
1028 3032 1177 3113 depulso,
1198 3050 1249 3110 eu,

156 3152 224 3214 guae
237 3138 276 3200 de
293 3136 416 3201 unctis
431 3134 607 3218 scripturis
627 3136 668 3197 ab
688 3136 752 3199 iliis
774 3135 901 3215 prolata
922 3140 1018 3213 sont,
1043 3134 1186 3215 qualiter
1206 3133 1254 3195 in·

159 3238 240 3317 tdligi
250 3238 402 3312 debeant,
417 3255 628 3316 exponemus.
644 3256 661 3294 s
677 3234 811 3300 Tcsscra
826 3235 1080 3299 manifestissima
1098 3236 1177 3297 hacc
1191 3240 1253 3313 est,

158 3337 234 3412 trun
247 3341 301 3404 istc
321 3347 489 3415 notentur,
505 3357 590 3419 qnae
610 3339 765 3420 superins
781 3338 824 3400 ab
840 3336 1017 3418 Evangelio
1039 3337 1178 3400 manime
1193 3354 1250 3401 ex·

159 3441 249 3515 puniit
266 3440 426 3521 Origenes
437 3441 477 3502 de
490 3439 616 3505 loannc
635 3449 669 3527 et
692 3438 785 3513 Elia)
809 3438 927 3503 Rudini
949 3440 1128 3503 versionem
1144 3457 1162 3501 a
1178 3456 1250 3503 cnr·

160 3543 299 3619 optimis
317 3543 395 3606 labe
408 3550 442 3605 ct
456 3541 610 3606 Auctoris
630 3540 809 3613 doctrmam
827 3540 868 3602 ab
885 3557 999 3605 errore
1014 3540 1061 3604 ire
1083 3538 1251 3619 immunes.

221 3641 299 3707 Cum
312 3652 427 3707 antem
442 3645 475 3707 in
489 3644 551 3705 isac
567 3642 788 3723 disquisitione
801 3661 842 3704 co
855 3641 1093 3718 devenerimus,
1110 3651 1147 3705 nt
1162 3642 1254 3705 firma

162 3736 300 3807 iubeatur
320 3745 530 3824 interpolatio
551 3744 649 3824 nujus
663 3744 848 3824 pericopae,
870 3742 964 3807 sicuti
987 3742 1119 3807 tradunt
1141 3740 1256 3809 Hiero·

163 3855 259 3919 upmns
276 3854 308 3909 et
323 3844 539 3922 lmtinianns,
555 3862 697 3923 cumque
721 3844 828 3906 valeat
848 3842 934 3923 qnod
953 3843 1051 3923 vulgo
1072 3843 1203 3907 dicitur:
1226 3853 1255 3905 ct

162 3938 367 4009 desedisse
385 3964 503 4022 omnes,
519 3946 601 4009 idem
625 3944 797 4009 tenendum
818 3953 867 4007 est
887 3944 926 4007 de
947 3945 1063 4008 ceteris
1085 3944 1255 4009 locutioni·

165 4038 229 4123 διες
248 4064 330 4125 quus
352 4046 507 4112 celebrati
531 4047 603 4123 viri,
619 4046 716 4109 elitcr
735 4045 776 4107 ab
797 4062 849 4119 co,
865 4045 952 4125 qnod
976 4044 1072 4125 vertit
1094 4042 1252 4120 Rudinus,

167 4150 330 4225 ttrientes,
357 4147 525 4211 hincinde
548 4166 591 4211 cx
620 4146 740 4211 eisdem
761 4145 853 4207 libris
872 4143 1040 4220 collectos,
1061 4128 1164 4207 aliena
1191 4161 1256 4205 ma-

166 4256 199 4303 tu
214 4244 422 4328 depravatas,
448 4256 601 4327 tauquam
626 4247 804 4310 haereticas
835 4246 1015 4326 impiasque
1044 4252 1252 4324 respuentes,

168 4358 215 4407 lla
227 4367 297 4413 cnm
308 4352 348 4415 iis
360 4350 539 4414 Auctorem
553 4349 743 4413 earumdem
758 4347 977 4429 reprobarunt
989 4344 1174 4427 Origenem.

231 4446 340 4515 Postea
362 4469 439 4515 enm
459 4458 571 4515 contro
602 4468 659 4513 uos
680 4448 788 4513 iacere
810 4448 982 4525 videntur,
1005 4454 1038 4511 et
1066 4463 1149 4527 qnee
1171 4442 1256 4510 Scri·

171 4545 219 4619 psit
228 4545 442 4636 Hieronymus
455 4552 487 4613 in
504 4549 668 4616 Rudinum
691 4550 858 4615 decadem
881 4569 916 4615 re
927 4571 940 4630 3
962 4556 993 4615 et
1007 4567 1092 4631 quae
1113 4549 1179 4631 ipse
1202 4566 1257 4621 nn·
1288 4568 1291 4575 ·
