3375 5567
414 817 601 891 teponutur3
615 807 670 873 sed
692 807 779 890 quot
794 805 914 884 omniu,
937 807 968 870 in
988 806 1107 889 quibus
1128 811 1177 872 ost
1191 805 1286 883 sotto,
1308 803 1433 871 Christo
1450 821 1514 887 por·

412 911 556 991 tieipont,
581 909 714 989 quibus,
736 926 812 973 oum
832 909 1008 991 speeeutis
1029 907 1210 984 discedunt,
1229 910 1320 972 renio
1341 907 1453 972 detur:
1468 925 1516 970 eos

411 1019 535 1089 nutem,
557 1012 614 1092 qui
635 1011 753 1076 Soneto
773 1007 897 1091 Spiritu
918 1010 1004 1091 digni
1023 1010 1159 1090 judicati
1174 1017 1262 1086 suut,
1284 1017 1514 1074 nonconsentt·

411 1130 510 1176 noum
529 1111 572 1176 sit
594 1113 719 1175 senium
748 1113 917 1193 consequi,
940 1129 1015 1176 eum
1047 1119 1135 1175 tanto
1156 1120 1190 1176 et
1211 1113 1269 1176 tuli
1294 1111 1516 1186 instinctore,

411 1223 451 1280 ut
471 1216 514 1278 ito
537 1215 666 1290 uirum,
688 1215 898 1294 inspiratione
923 1217 956 1279 in
986 1215 1108 1278 maium
1130 1215 1250 1278 iterum
1273 1212 1471 1304 relabentes,
1491 1217 1521 1272 et

412 1317 545 1381 consiliu
566 1315 707 1397 Spiritus
727 1312 858 1390 Ssnoti,
881 1317 938 1396 qui
959 1316 1005 1378 eis
1026 1317 1127 1391 inest,
1151 1322 1351 1395 respuentes.
1384 1310 1475 1390 Quot
1496 1310 1520 1374 si

411 1416 443 1480 id
466 1417 554 1498 quod
576 1423 625 1481 est
645 1416 731 1497 opud
759 1415 875 1480 istium
895 1418 1077 1497 seriptum,
1099 1417 1144 1480 nit
1164 1414 1321 1481 Servatur
1342 1422 1470 1487 noster,
1490 1427 1520 1475 se

411 1536 430 1580 o
453 1515 551 1581 Patro
572 1519 705 1582 missum
720 1535 801 1594 esse,
824 1526 856 1581 et
871 1517 912 1579 eb
933 1518 1033 1598 ipsius
1048 1516 1184 1598 Spiritu,
1208 1515 1464 1598 respondendum
1479 1521 1522 1576 est

413 1620 511 1682 etium
532 1619 594 1682 hoo
615 1619 689 1681 loeo
711 1617 845 1682 missum
869 1636 938 1682 esse
959 1617 1126 1684 Christum
1152 1635 1170 1681 o
1192 1617 1328 1699 Spiritu,
1359 1635 1423 1681 nou
1442 1613 1521 1696 quoi

412 1726 529 1782 nature
551 1717 702 1793 differet,
724 1719 779 1782 sod
802 1725 938 1799 propter
960 1717 1034 1783 Filii
1054 1716 1113 1782 Dei
1136 1716 1383 1783 conservatoris
1404 1718 1519 1788 nostri,

413 1820 471 1900 qui
490 1839 525 1882 se
539 1819 623 1883 inire
644 1838 721 1884 enm
737 1819 854 1883 minuit
874 1820 905 1882 iu
920 1820 1120 1883 humanitate
1140 1815 1522 1898 sumenda,dispemotio·

411 1940 496 1986 nem.
519 1918 615 1996 Quod
636 1921 738 2003 siquis
759 1939 800 1984 ex
822 1939 862 1984 eo
884 1903 1072 1998 offenditur,
1096 1920 1182 2001 quod
1205 1922 1237 1984 iu
1258 1919 1415 1984 sumenda
1437 1926 1523 1982 nutu-

412 2039 448 2086 ιι
471 2023 612 2085 humens
633 2020 716 2084 iutro
730 2019 869 2099 Spiritus
884 2020 1083 2100 dignitatem,
1100 2019 1308 2084 Serrotorem
1323 2021 1521 2082 imminutum

410 2121 574 2186 dixerim:
596 2123 660 2186 hoe
679 2122 709 2184 ei
730 2121 934 2204 probandum
954 2129 1001 2184 est
1024 2141 1066 2186 ox
1081 2122 1133 2198 iis,
1150 2139 1236 2201 quoe
1255 2121 1378 2201 scriptu
1404 2126 1479 2184 suut
1497 2118 1524 2179 iu

411 2221 507 2287 Psuii
528 2222 566 2286 nd
590 2219 757 2286 Hebraeos
780 2220 947 2303 Epistola,
970 2223 1002 2284 iu
1023 2239 1088 2302 quo
1109 2223 1206 2286 etiem
1228 2221 1353 2304 angelis
1374 2221 1522 2286 minorem

411 2321 526 2387 iesum
548 2323 647 2386 fuisse
667 2321 711 2386 ob
732 2324 845 2386 mortis
867 2323 1104 2403 perpessionem
1128 2323 1322 2403 pronuooiut
1343 2331 1407 2388 ete.
1431 2343 1446 2380 ι

494 2423 531 2486 lo
551 2424 601 2487 his
623 2441 738 2504 porro,
761 2432 798 2488 ut
819 2432 920 2504 potet,
943 2425 1160 2490 consideravit
1177 2424 1333 2506 Origenes
1354 2442 1423 2506 quo
1437 2424 1527 2489 ratio-

413 2543 454 2590 ne
473 2523 615 2606 Spiritus
628 2524 765 2589 Sanetus
788 2529 821 2590 iu
834 2525 1013 2608 Scripturis
1033 2525 1209 2608 uliquoutio
1223 2526 1354 2591 dieutur
1378 2525 1462 2590 Filio
1476 2543 1525 2588 es·

410 2625 593 2690 eeiientior.
610 2624 706 2691 Nune
719 2627 760 2691 sb
781 2628 902 2694 eisdem
921 2628 1099 2710 Seriptnris
1114 2647 1156 2692 ex
1169 2629 1308 2692 odrorso
1322 2629 1439 2694 rudius
1453 2646 1527 2708 qno

411 2726 509 2790 modo
531 2726 632 2808 poulo
652 2734 725 2809 post
744 2746 776 2789 n.
798 2723 848 2794 tt.
873 2727 913 2791 de
935 2727 1058 2809 Spiritu
1079 2726 1197 2792 Suneto
1217 2729 1403 2811 loquttnrs
1429 2749 1445 2788 ι
1466 2725 1526 2790 Noe

412 2829 630 2892 inexumiuotu
651 2827 864 2910 relinquenda
892 2836 942 2894 est
972 2830 1078 2894 oratio
1100 2837 1236 2910 propter
1256 2827 1400 2910 Spiritus
1428 2827 1526 2894 Ssueti

413 2929 652 2992 reverentiam:
678 2945 752 2990 uum
773 2927 861 3011 quod
884 2930 980 2994 etium
1004 2930 1070 3010 ipse
1092 2929 1232 3010 Spiritus
1254 2930 1294 2992 ub
1315 2930 1376 2993 iilo
1402 2925 1527 3009 (Verbo)

413 3024 609 3105 edocentur,
632 3029 737 3109 liquet
758 3047 801 3093 ex
820 3047 882 3106 eo,
905 3029 993 3111 quod
1015 3028 1186 3094 Parueteto
1207 3037 1241 3093 et
1261 3030 1387 3112 Spiritu
1420 3029 1527 3094 Sancto

412 3127 548 3192 dieitur:
562 3129 599 3190 dr
619 3147 683 3191 mro
704 3127 852 3208 recipiet,
875 3136 904 3191 et
924 3127 1138 3194 unuuueiuiit
1159 3127 1244 3192 uotis
1265 3130 1452 3194 steritem
1469 3127 1528 3192 Ho-

411 3229 499 3293 miliu
514 3227 619 3293 xxti.
640 3228 677 3292 io
702 3227 820 3294 lurum
851 3231 974 3295 scribit:
991 3230 1160 3309 «Quando
1184 3231 1271 3295 rouit
1298 3229 1460 3296 Dominus
1480 3230 1528 3294 Je-

411 3349 480 3408 sus,
502 3338 536 3395 et
556 3331 642 3396 misit
661 3329 820 3413 Spiritum
841 3331 995 3398 Sanctum
1014 3331 1179 3398 Vieorinm
1202 3351 1344 3398 suum.»
1366 3333 1528 3415 inquibus

413 3441 550 3513 apparot
570 3431 728 3513 Spiritum
749 3433 903 3499 Sanctum
926 3432 1011 3499 Filio
1032 3433 1220 3498 inferiorem
1236 3436 1442 3500 constituisse
1462 3433 1529 3498 Ori·

412 3551 525 3614 genem
547 3533 645 3598 utitor
663 3535 705 3596 ιιι
725 3533 778 3608 ιιι,
792 3553 878 3616 quoe
892 3545 987 3599 untes
1008 3535 1048 3598 de
1070 3536 1138 3618 ipso
1161 3545 1270 3600 notutu
1291 3542 1379 3599 sunt.
1398 3534 1528 3600 Verum·

414 3640 521 3697 tumen
543 3635 623 3699 haee
643 3633 889 3701 noluitAuotor
910 3637 1103 3717 siguificare,
1117 3637 1295 3702 dummodo
1311 3640 1370 3702 istu
1392 3639 1433 3702 iis
1447 3655 1529 3702 eom·

411 3742 581 3815 parentur,
601 3753 686 3818 queo
701 3736 813 3800 docuit
833 3739 865 3802 iu
882 3736 979 3801 Libro
999 3738 1024 3801 1.
1045 3736 1242 3801 Perieretou
1263 3757 1291 3802 e.
1308 3737 1368 3803 111.
1385 3757 1417 3802 n.
1429 3739 1461 3808 t:
1477 3755 1530 3802 ex·

410 3833 534 3915 piiouus
546 3854 632 3916 quoe
647 3837 692 3899 uit
711 3835 871 3901 Christus:
887 3859 903 3898 ι
918 3835 996 3902 Cum
1009 3845 1114 3900 autem
1128 3836 1248 3900 ermrit
1262 3836 1452 3902 Poroets'tus
1465 3832 1530 3916 Spi-

411 3931 497 3998 ritus
518 3932 668 4012 Sotietur,
691 3935 747 4000 itte
775 3956 831 4001 vos
850 3939 969 4002 docebit
989 3938 1110 4017 omniu,
1132 3947 1161 4000 et
1188 3936 1393 4003 commonebit
1413 3934 1530 4010 omniu,

410 4051 493 4114 quos
520 4035 594 4099 diei
623 4036 717 4100 uotis.
741 4037 783 4102 Et
803 4039 846 4101 its
878 4040 1080 4104 sentiendum
1101 4047 1170 4116 est,
1192 4040 1280 4121 quoti
1301 4041 1387 4104 sieut
1409 4037 1529 4110 Filius,

413 4135 469 4215 qui
499 4137 592 4202 solus
612 4139 775 4218 cognoscit
795 4138 953 4218 frtrem,
979 4139 1103 4205 rereiot
1124 4141 1177 4204 eui
1210 4141 1304 4205 ruit:
1329 4141 1372 4204 ite
1393 4138 1528 4222 Spiritus

412 4234 563 4315 Sanetus,
585 4238 642 4318 qui
662 4240 753 4303 solus
773 4247 944 4307 scrutetur
963 4241 1061 4305 etium
1082 4240 1146 4304 altu
1169 4239 1241 4319 Dei,
1265 4241 1392 4307 revelet
1412 4239 1526 4312 Deum,

413 4339 468 4402 eui
490 4339 572 4404 ruit.
594 4335 734 4420 Spiritus
755 4340 839 4404 erim
859 4340 913 4404 uti
930 4343 1012 4420 vuit,
1036 4342 1150 4422 spirat.
1175 4341 1289 4425 Neque
1310 4346 1394 4408 euim
1419 4349 1529 4424 putru-

413 4440 492 4504 dum
514 4449 576 4518 est,
598 4440 686 4523 quoti
707 4442 805 4506 otium
826 4440 980 4524 Spiritus,
1002 4443 1086 4509 Filio
1109 4443 1287 4521 revelante,
1310 4443 1481 4525 cognoscit.
1497 4437 1526 4504 Si

413 4557 566 4621 numque,
589 4541 756 4608 rereirnte
778 4540 877 4623 Filio,
898 4547 1063 4627 oopuosoit
1079 4545 1209 4612 Putrem
1230 4543 1371 4628 Spiritus
1385 4545 1527 4614 Stnetuo
