3375 5567
453 787 488 843 et
506 788 660 847 accurate
681 782 798 849 tradita
816 783 885 865 jam
907 782 948 847 ab
969 783 1060 847 initio
1082 782 1182 864 buius
1207 780 1449 861 disquisitionis,
1469 779 1536 843 ilda-

453 884 562 946 msutli
585 885 772 963 testimonia
785 884 827 949 de
848 886 970 965 poenis,
993 883 1111 965 qulbus
1134 892 1167 947 et
1180 883 1352 947 daemones
1371 891 1402 947 et
1416 883 1534 946 homiues

452 985 584 1064 reprobi
604 985 644 1048 sd
667 986 904 1051 interminabile
924 1004 1046 1051 aevum
1066 984 1258 1067 subjiciendi
1277 991 1382 1049 erunt.
1405 984 1444 1049 Et
1469 986 1537 1047 insu·

450 1102 511 1165 per
530 1105 624 1151 nemo
639 1089 715 1164 erit,
736 1091 794 1169 qui
814 1106 880 1153 nou
896 1088 1015 1153 viderit
1035 1088 1191 1168 (exceptis
1208 1084 1251 1149 Dr
1266 1084 1437 1166 Principiis
1451 1082 1536 1157 tibris,

449 1204 492 1249 ex
509 1185 699 1274 Hieronymi
717 1191 864 1253 versione
886 1199 1007 1264 tamen,
1022 1199 1055 1253 et
1074 1208 1116 1252 ex
1127 1188 1300 1253 iustiniani
1322 1186 1470 1269 Epistola,
1483 1205 1533 1249 non

450 1305 529 1351 vero
550 1308 592 1353 es
615 1288 735 1354 llnlllnl
757 1291 977 1369 transtatione)
1000 1306 1093 1353 oetno
1115 1292 1179 1353 erit
1199 1292 1335 1371 quinon
1360 1289 1466 1351 viderit
1478 1290 1535 1351 ubi·

449 1407 515 1469 que
535 1392 671 1471 sparsim
693 1392 758 1456 buc
779 1394 860 1456 illuc
875 1412 916 1457 sn
938 1392 1088 1474 plurimis
1104 1392 1264 1474 cujusque
1285 1391 1537 1470 generisscriptis,

447 1492 546 1566 dicta,
567 1494 688 1573 quibus
707 1495 857 1559 absolute
877 1512 936 1559 sen
957 1496 1108 1571 relative,
1130 1496 1198 1556 sive
1219 1501 1324 1569 rectu,
1347 1502 1403 1557 sut
1424 1492 1537 1570 oblique

445 1596 561 1674 dogma
583 1597 624 1659 de
643 1599 881 1678 suppliciorum
901 1600 1118 1679 perpetuitate
1139 1598 1291 1677 pertingit
1313 1597 1437 1675 penitus
1451 1594 1537 1673 liupi-

444 1695 494 1758 dis
513 1695 635 1761 Cbristi
659 1700 766 1763 verbis
787 1698 971 1763 uniformis:
992 1709 1021 1761 st
1041 1697 1132 1762 idest
1152 1695 1180 1760 ii
1200 1695 1235 1758 iss
1255 1695 1446 1777 suppliciove
1459 1706 1539 1757 ceter·

443 1814 532 1860 auos.
555 1797 743 1876 Quinimmo
764 1802 796 1863 io
817 1802 878 1863 buc
900 1818 936 1865 re
956 1801 1102 1882 quotidie
1123 1800 1181 1863 sibi
1203 1800 1434 1872 consectas-lus,
1460 1797 1537 1859 iudu-

445 1900 530 1974 bins,
550 1911 584 1964 et
605 1903 761 1966 alacriter
782 1902 1036 1966 lldelesiustruit
1057 1901 1277 1981 firmavitque3
1292 1908 1393 1981 atque
1414 1900 1482 1963 bnic
1497 1918 1538 1959 ve·

443 2000 531 2065 ritati
553 2003 685 2067 bostiles
705 2013 865 2085 perpetuo
886 2003 1071 2085 pugnando,
1094 2003 1260 2066 contrivit.

523 2103 699 2169 Praeterea
722 2108 881 2169 neurinesn
901 2124 1035 2187 quoqne
1057 2106 1136 2169 latet
1157 2103 1264 2184 (quod
1287 2110 1475 2183 argumento
1492 2119 1537 2163 uu·

442 2209 513 2267 stro
545 2204 638 2268 valde
665 2205 845 2284 satisfacit)
866 2207 967 2271 libros
998 2213 1143 2287 quatuor
1165 2204 1209 2267 tle
1239 2202 1416 2285 Principiis
1440 2210 1470 2265 et
1493 2199 1537 2263 ubi

442 2307 640 2386 proecipuus
653 2307 798 2388 ejusdem
818 2326 915 2372 error
928 2308 968 2371 de
990 2307 1112 2389 poenis,
1130 2318 1229 2387 prout
1250 2304 1476 2387 llleronpnvus,
1490 2301 1538 2367 iu·

439 2407 609 2481 ottalanus,
630 2410 797 2490 ceterique
817 2417 980 2484 asserunt,
1002 2417 1113 2471 uentre
1130 2408 1330 2472 catholicum
1351 2407 1463 2487 dogma
1485 2422 1538 2466 ma·

442 2506 557 2571 nileste
577 2508 780 2573 adstruitur:
803 2528 860 2573 eos
879 2510 995 2583 libros,
1017 2511 1164 2589 inquam,
1181 2508 1277 2589 juxta
1299 2508 1483 2573 criticorum
1502 2512 1538 2565 te·

439 2610 641 2683 stimonium,
662 2610 837 2692 Origenem
856 2611 992 2675 edidisse
1008 2610 1093 2673 circa
1113 2608 1232 2674 Christi
1246 2626 1369 2673 sunum
1388 2604 1458 2686 2315
1477 2622 1538 2669 cun

439 2720 474 2775 et
492 2722 567 2775 ante
581 2723 614 2775 et
634 2723 707 2793 post
720 2712 794 2775 illos
807 2713 876 2776 dies
887 2711 1124 2779 commentaria
1149 2711 1288 2775 maxime
1303 2711 1333 2771 in
1358 2718 1455 2773 totsm
1468 2704 1537 2770 Scri·

440 2819 571 2892 pteram
593 2816 847 2890 concinnaverit,
869 2811 1042 2878 'frustatus
1064 2813 1170 2877 varios
1191 2811 1383 2889 coniecerit,
1399 2808 1538 2875 Humilias

439 2916 472 2977 iu
492 2915 638 2979 ecclesiis
658 2917 857 2981 recitaverit.
883 2915 923 3003 lu·
939 2916 1058 2999 quibus
1072 2932 1150 2978 raro
1166 2915 1358 2990 ductorem,
1384 2914 1430 2977 uti
1451 2924 1539 2989 nuper

439 3018 563 3091 notavi,
584 3026 698 3097 utpote
717 3017 758 3081 de
779 3035 816 3080 re
836 3020 944 3097 gravis
967 3019 1133 3090 momenti,
1156 3018 1322 3095 totiusque
1341 3031 1442 3095 scope
1457 3026 1539 3075 evan

438 3114 561 3196 gelicae
581 3119 836 3197 dispensationis,
858 3120 986 3184 siluisse
1009 3119 1060 3181 vel
1089 3118 1279 3197 transegisse
1299 3115 1339 3178 de
1356 3113 1539 3179 retributio-

440 3220 533 3282 nibus
554 3220 586 3279 in
606 3219 711 3281 alteru
729 3220 792 3281 vita
814 3218 992 3300 etquidem
1015 3219 1054 3281 de
1075 3235 1241 3297 nunquam
1262 3217 1416 3282 desilnrls
1429 3215 1537 3299 poeuis,

438 3318 507 3383 slve
536 3320 700 3399 praemiis,
723 3322 897 3400 repereris.
925 3319 1001 3383 ldeo
1023 3323 1081 3400 qul
1103 3318 1172 3381 lieri
1188 3327 1305 3399 potest,
1321 3320 1426 3399 ipsum
1442 3320 1482 3383 ibi
1495 3334 1539 3377 oe·

440 3437 532 3497 gasse
546 3419 634 3499 quod
647 3420 724 3484 alibi
737 3420 891 3498 drmsvil,
905 3440 991 3485 nuno
1007 3436 1184 3499 poenarum
1200 3421 1373 3485 terminum
1386 3420 1539 3483 adstruen-

441 3529 517 3593 tem,
534 3521 631 3584 modo
646 3522 692 3583 illi
706 3523 932 3597 adversatum,
943 3522 1020 3602 quin
1033 3530 1140 3584 tantae
1154 3523 1297 3600 tantique
1309 3521 1460 3585 momenti
1470 3516 1538 3580 anti·

437 3618 544 3699 logias
559 3622 622 3683 vim
644 3624 789 3696 sentiret,
805 3640 911 3703 neque
935 3621 1034 3702 buius
1049 3621 1253 3703 praevideret
1266 3620 1419 3686 ellectum
1439 3636 1537 3683 coram

438 3718 509 3784 lleo
528 3730 563 3784 ct
583 3721 791 3787 bominibus?
811 3724 842 3785 in
863 3722 1052 3787 scavsdalunt
1081 3722 1212 3801 quidem
1233 3723 1402 3802 gentibus,
1426 3720 1537 3799 licique

437 3820 606 3886 Ecclesiae
624 3820 790 3887 dedecus?

514 3920 670 3986 Similiter
690 3933 804 3987 notatu
823 3925 956 4004 dignum
973 3931 1022 3989 est
1041 3923 1129 4005 quod
1146 3925 1177 3986 iu
1201 3922 1405 3988 Praelatione
1422 3919 1536 3986 Periur-

434 4025 514 4088 cdoss
533 4026 717 4091 obtestatur
736 4013 906 4106 Origenes,
926 4045 1019 4091 suum
1042 4027 1189 4091 emittens
1211 4025 1284 4089 tidei
1300 4027 1534 4108 professionem

434 4144 494 4191 neo
513 4146 578 4191 non
600 4127 746 4208 regulsm
767 4128 932 4202 definiens,
955 4146 1052 4208 qnam
1075 4136 1225 4208 pergeret
1246 4127 1277 4188 in
1298 4128 1335 4189 iis
1357 4124 1535 4189 evolvendis

435 4230 645 4311 argumentis3
664 4248 739 4293 com
760 4234 805 4292 ait
824 4248 860 4293 se
880 4231 998 4294 Cbristi
1022 4230 1115 4293 tidem
1129 4230 1331 4309 amplexum,
1352 4228 1438 4309 apud
1454 4244 1535 4305 gree·

433 4348 489 4391 cos
509 4330 598 4393 nolle
618 4339 651 4394 ct
670 4332 757 4411 apud
779 4330 936 4393 barbaros
960 4332 1127 4393 veritatem
1151 4346 1335 4409 quaerere,
1355 4328 1412 4391 sed
1441 4342 1535 4405 neque

432 4431 519 4510 apud
540 4431 628 4507 illos,
649 4434 707 4512 qui
729 4432 896 4496 verimode
917 4434 948 4495 in
973 4430 1116 4495 Ecclesia
1137 4430 1317 4495 senticbsut
1337 4448 1355 4492 s
1378 4430 1533 4509 primaeva

435 4533 617 4598 traditione.
633 4532 717 4599 llum
735 4534 820 4599 euim
835 4534 880 4599 tta
897 4533 1077 4600 obtestetur
1088 4532 1254 4613 Origenes,
1274 4534 1326 4596 vis
1342 4531 1530 4596 credendum
