<?xml version="1.0" encoding="UTF-8"?>
<!DOCTYPE html PUBLIC "-//W3C//DTD XHTML 1.0 Transitional//EN"
    "http://www.w3.org/TR/xhtml1/DTD/xhtml1-transitional.dtd">
<html xmlns="http://www.w3.org/1999/xhtml" xml:lang="en" lang="en">
 <head>
  <title>
</title>
<meta http-equiv="Content-Type" content="text/html;charset=utf-8" />
  <meta name='ocr-system' content='tesseract 3.04.00' />
  <meta name='ocr-capabilities' content='ocr_page ocr_carea ocr_par ocr_line ocrx_word'/>
</head>
<body>
  <div class='ocr_page' id='page_1' title='image "./insgregoriinyss02vincgoog/insgregoriinyss02vincgoog_0586.png"; bbox 0 0 3375 5567; ppageno 0'>
   <div class='ocr_carea' id='block_1_1' title="bbox 309 685 506 758">
    <p class='ocr_par' dir='ltr' id='par_1_1' title="bbox 309 685 506 758">
     <span class='ocr_line' id='line_1_1' title="bbox 309 685 506 758; baseline -0.03 0"><span class='ocrx_word' id='word_1_1' title='bbox 309 685 506 758; x_wconf 67' lang='lat' dir='ltr'><strong>&#39;did</strong></span> 
     </span>
    </p>
   </div>
   <div class='ocr_carea' id='block_1_2' title="bbox 445 790 1543 872">
    <p class='ocr_par' dir='ltr' id='par_1_2' title="bbox 445 790 1543 872">
     <span class='ocr_line' id='line_1_2' title="bbox 445 790 1543 872; baseline -0.002 -21"><span class='ocrx_word' id='word_1_2' title='bbox 445 799 618 870; x_wconf 77' lang='lat' dir='ltr'><strong>antequem</strong></span> <span class='ocrx_word' id='word_1_3' title='bbox 634 799 718 853; x_wconf 88' lang='lat' dir='ltr'><strong>esset</strong></span> <span class='ocrx_word' id='word_1_4' title='bbox 733 791 763 851; x_wconf 93' lang='lat' dir='ltr'><strong>in</strong></span> <span class='ocrx_word' id='word_1_5' title='bbox 780 807 931 870; x_wconf 86' lang='lat' dir='ltr'><strong>corpore,</strong></span> <span class='ocrx_word' id='word_1_6' title='bbox 949 791 1048 870; x_wconf 80' lang='lat' dir='ltr'>ipsam</span> <span class='ocrx_word' id='word_1_7' title='bbox 1069 807 1239 872; x_wconf 85' lang='lat' dir='ltr'><strong>peccasse;</strong></span> <span class='ocrx_word' id='word_1_8' title='bbox 1260 790 1314 852; x_wconf 90' lang='lat' dir='ltr'><strong>sed</strong></span> <span class='ocrx_word' id='word_1_9' title='bbox 1340 798 1412 852; x_wconf 90' lang='lat' dir='ltr'><strong>tunc</strong></span> <span class='ocrx_word' id='word_1_10' title='bbox 1426 791 1455 852; x_wconf 89' lang='lat' dir='ltr'><strong>in</strong></span> <span class='ocrx_word' id='word_1_11' title='bbox 1469 790 1543 852; x_wconf 82' lang='lat' dir='ltr'><strong>dda-</strong></span> 
     </span>
    </p>
   </div>
   <div class='ocr_carea' id='block_1_3' title="bbox 445 892 1543 972">
    <p class='ocr_par' dir='ltr' id='par_1_3' title="bbox 320 892 1543 972">
     <span class='ocr_line' id='line_1_3' title="bbox 445 892 1543 972; baseline 0.001 -20.898"><span class='ocrx_word' id='word_1_12' title='bbox 445 911 498 954; x_wconf 88' lang='lat' dir='ltr'><strong>mo</strong></span> <span class='ocrx_word' id='word_1_13' title='bbox 513 892 673 955; x_wconf 87' lang='lat' dir='ltr'><strong>conditam</strong></span> <span class='ocrx_word' id='word_1_14' title='bbox 693 893 869 972; x_wconf 88' lang='lat' dir='ltr'><strong>etquidem</strong></span> <span class='ocrx_word' id='word_1_15' title='bbox 886 893 1138 968; x_wconf 87' lang='lat' dir='ltr'><strong>immaculatam,</strong></span> <span class='ocrx_word' id='word_1_16' title='bbox 1156 893 1248 956; x_wconf 89' lang='lat' dir='ltr'><strong>nullo</strong></span> <span class='ocrx_word' id='word_1_17' title='bbox 1266 892 1404 956; x_wconf 85' lang='lat' dir='ltr'><strong>maiiliee</strong></span> <span class='ocrx_word' id='word_1_18' title='bbox 1422 893 1543 955; x_wconf 80' lang='lat' dir='ltr'><strong>fermen-</strong></span> 
     </span>
    </p>
   </div>
   <div class='ocr_carea' id='block_1_4' title="bbox 424 993 1557 4611">
    <p class='ocr_par' dir='ltr' id='par_1_4' title="bbox 443 993 1552 2275">
     <span class='ocr_line' id='line_1_4' title="bbox 445 993 1543 1074; baseline -0.004 -20"><span class='ocrx_word' id='word_1_19' title='bbox 445 1005 479 1055; x_wconf 93' lang='lat' dir='ltr'><strong>to</strong></span> <span class='ocrx_word' id='word_1_20' title='bbox 500 993 671 1074; x_wconf 83' lang='lat' dir='ltr'><strong>pollutam.</strong></span> <span class='ocrx_word' id='word_1_21' title='bbox 697 993 901 1072; x_wconf 71' lang='lat' dir='ltr'><strong>proindeque</strong></span> <span class='ocrx_word' id='word_1_22' title='bbox 922 995 1113 1057; x_wconf 77' lang='lat' dir='ltr'>excluditur</span> <span class='ocrx_word' id='word_1_23' title='bbox 1132 995 1173 1054; x_wconf 89' lang='lat' dir='ltr'><strong>ab</strong></span> <span class='ocrx_word' id='word_1_24' title='bbox 1191 994 1252 1056; x_wconf 85' lang='lat' dir='ltr'><strong>hoc</strong></span> <span class='ocrx_word' id='word_1_25' title='bbox 1272 993 1417 1074; x_wconf 90' lang='lat' dir='ltr'><strong>Origenis</strong></span> <span class='ocrx_word' id='word_1_26' title='bbox 1435 1013 1543 1056; x_wconf 87' lang='lat' dir='ltr'><strong>sermo·</strong></span> 
     </span>
     <span class='ocr_line' id='line_1_5' title="bbox 444 1097 1545 1177; baseline -0.002 -19"><span class='ocrx_word' id='word_1_27' title='bbox 444 1114 484 1158; x_wconf 90' lang='lat' dir='ltr'><strong>ue</strong></span> <span class='ocrx_word' id='word_1_28' title='bbox 505 1104 537 1157; x_wconf 91' lang='lat' dir='ltr'><strong>et</strong></span> <span class='ocrx_word' id='word_1_29' title='bbox 557 1097 739 1158; x_wconf 72' lang='lat' dir='ltr'><strong>animarum</strong></span> <span class='ocrx_word' id='word_1_30' title='bbox 761 1097 1023 1176; x_wconf 68' lang='lat' dir='ltr'><strong>praeexistentia,</strong></span> <span class='ocrx_word' id='word_1_31' title='bbox 1046 1115 1227 1177; x_wconf 81' lang='lat' dir='ltr'><strong>earumque</strong></span> <span class='ocrx_word' id='word_1_32' title='bbox 1247 1107 1414 1176; x_wconf 83' lang='lat' dir='ltr'><strong>peccatum</strong></span> <span class='ocrx_word' id='word_1_33' title='bbox 1432 1097 1463 1158; x_wconf 92' lang='lat' dir='ltr'><strong>io</strong></span> <span class='ocrx_word' id='word_1_34' title='bbox 1483 1115 1545 1157; x_wconf 68' lang='lat' dir='ltr'><strong>eos</strong></span> 
     </span>
     <span class='ocr_line' id='line_1_6' title="bbox 444 1194 1544 1278; baseline -0.005 -22"><span class='ocrx_word' id='word_1_35' title='bbox 444 1196 496 1258; x_wconf 87' lang='lat' dir='ltr'><strong>lis.</strong></span> <span class='ocrx_word' id='word_1_36' title='bbox 522 1194 783 1259; x_wconf 83' lang='lat' dir='ltr'><strong>Praeclarissime</strong></span> <span class='ocrx_word' id='word_1_37' title='bbox 814 1206 923 1260; x_wconf 89' lang='lat' dir='ltr'><strong>autem</strong></span> <span class='ocrx_word' id='word_1_38' title='bbox 947 1199 977 1262; x_wconf 91' lang='lat' dir='ltr'><strong>id</strong></span> <span class='ocrx_word' id='word_1_39' title='bbox 1000 1197 1190 1278; x_wconf 80' lang='lat' dir='ltr'><strong>significarit</strong></span> <span class='ocrx_word' id='word_1_40' title='bbox 1220 1194 1361 1259; x_wconf 82' lang='lat' dir='ltr'><strong>Homiiin</strong></span> <span class='ocrx_word' id='word_1_41' title='bbox 1385 1194 1453 1258; x_wconf 80' lang='lat' dir='ltr'><strong>itt.</strong></span> <span class='ocrx_word' id='word_1_42' title='bbox 1474 1215 1501 1256; x_wconf 92' lang='lat' dir='ltr'><strong>n.</strong></span> <span class='ocrx_word' id='word_1_43' title='bbox 1519 1195 1544 1258; x_wconf 88' lang='lat' dir='ltr'><strong>li.</strong></span> 
     </span>
     <span class='ocr_line' id='line_1_7' title="bbox 443 1295 1547 1377; baseline -0.003 -20"><span class='ocrx_word' id='word_1_44' title='bbox 443 1297 480 1358; x_wconf 85' lang='lat' dir='ltr'><strong>in</strong></span> <span class='ocrx_word' id='word_1_45' title='bbox 503 1295 705 1374; x_wconf 75' lang='lat' dir='ltr'><strong>Ezechielem,</strong></span> <span class='ocrx_word' id='word_1_46' title='bbox 730 1299 848 1361; x_wconf 84' lang='lat' dir='ltr'><strong>rerba:</strong></span> <span class='ocrx_word' id='word_1_47' title='bbox 872 1308 901 1360; x_wconf 87' lang='lat' dir='ltr'><strong>et</strong></span> <span class='ocrx_word' id='word_1_48' title='bbox 924 1297 1098 1377; x_wconf 76' lang='lat' dir='ltr'><strong>aedificasti</strong></span> <span class='ocrx_word' id='word_1_49' title='bbox 1117 1297 1174 1361; x_wconf 83' lang='lat' dir='ltr'><strong>lidi</strong></span> <span class='ocrx_word' id='word_1_50' title='bbox 1196 1300 1322 1361; x_wconf 84' lang='lat' dir='ltr'><strong>domum</strong></span> <span class='ocrx_word' id='word_1_51' title='bbox 1344 1297 1547 1366; x_wconf 77' lang='lat' dir='ltr'><strong>meretriciam,</strong></span> 
     </span>
     <span class='ocr_line' id='line_1_8' title="bbox 446 1399 1548 1480; baseline -0.005 -19"><span class='ocrx_word' id='word_1_52' title='bbox 446 1399 508 1461; x_wconf 85' lang='lat' dir='ltr'><strong>sub</strong></span> <span class='ocrx_word' id='word_1_53' title='bbox 529 1400 686 1478; x_wconf 84' lang='lat' dir='ltr'><strong>allegoria</strong></span> <span class='ocrx_word' id='word_1_54' title='bbox 704 1401 900 1463; x_wconf 76' lang='lat' dir='ltr'><strong>transferens</strong></span> <span class='ocrx_word' id='word_1_55' title='bbox 923 1402 960 1462; x_wconf 89' lang='lat' dir='ltr'><strong>od</strong></span> <span class='ocrx_word' id='word_1_56' title='bbox 978 1403 1117 1463; x_wconf 88' lang='lat' dir='ltr'><strong>animam</strong></span> <span class='ocrx_word' id='word_1_57' title='bbox 1137 1404 1377 1480; x_wconf 82' lang='lat' dir='ltr'><strong>peccatricem3</strong></span> <span class='ocrx_word' id='word_1_58' title='bbox 1401 1419 1491 1479; x_wconf 81' lang='lat' dir='ltr'><strong>qoem</strong></span> <span class='ocrx_word' id='word_1_59' title='bbox 1513 1407 1548 1457; x_wconf 84' lang='lat' dir='ltr'><strong>ta·</strong></span> 
     </span>
     <span class='ocr_line' id='line_1_9' title="bbox 448 1499 1549 1580; baseline 0 -20"><span class='ocrx_word' id='word_1_60' title='bbox 448 1518 520 1561; x_wconf 91' lang='lat' dir='ltr'><strong>men</strong></span> <span class='ocrx_word' id='word_1_61' title='bbox 544 1499 699 1564; x_wconf 80' lang='lat' dir='ltr'><strong>Dominus</strong></span> <span class='ocrx_word' id='word_1_62' title='bbox 714 1502 753 1563; x_wconf 89' lang='lat' dir='ltr'><strong>sd</strong></span> <span class='ocrx_word' id='word_1_63' title='bbox 777 1503 946 1580; x_wconf 78' lang='lat' dir='ltr'><strong>imaginem</strong></span> <span class='ocrx_word' id='word_1_64' title='bbox 968 1521 1061 1565; x_wconf 89' lang='lat' dir='ltr'><strong>suam</strong></span> <span class='ocrx_word' id='word_1_65' title='bbox 1079 1511 1259 1566; x_wconf 81' lang='lat' dir='ltr'><strong>creaverat.</strong></span> <span class='ocrx_word' id='word_1_66' title='bbox 1285 1503 1340 1564; x_wconf 79' lang='lat' dir='ltr'><strong>dil</strong></span> <span class='ocrx_word' id='word_1_67' title='bbox 1362 1503 1462 1562; x_wconf 88' lang='lat' dir='ltr'><strong>enim:</strong></span> <span class='ocrx_word' id='word_1_68' title='bbox 1486 1501 1549 1560; x_wconf 76' lang='lat' dir='ltr'><strong>st-</strong></span> 
     </span>
     <span class='ocr_line' id='line_1_10' title="bbox 445 1601 1550 1684; baseline -0.003 -21"><span class='ocrx_word' id='word_1_69' title='bbox 445 1605 529 1664; x_wconf 83' lang='lat' dir='ltr'><strong>nima</strong></span> <span class='ocrx_word' id='word_1_70' title='bbox 553 1604 692 1665; x_wconf 86' lang='lat' dir='ltr'><strong>humana</strong></span> <span class='ocrx_word' id='word_1_71' title='bbox 714 1604 856 1666; x_wconf 87' lang='lat' dir='ltr'><strong>multum</strong></span> <span class='ocrx_word' id='word_1_72' title='bbox 871 1607 1014 1684; x_wconf 83' lang='lat' dir='ltr'><strong>speciosa</strong></span> <span class='ocrx_word' id='word_1_73' title='bbox 1038 1616 1098 1680; x_wconf 90' lang='lat' dir='ltr'><strong>est,</strong></span> <span class='ocrx_word' id='word_1_74' title='bbox 1121 1615 1152 1666; x_wconf 87' lang='lat' dir='ltr'><strong>el</strong></span> <span class='ocrx_word' id='word_1_75' title='bbox 1171 1604 1354 1666; x_wconf 84' lang='lat' dir='ltr'><strong>mirabilem</strong></span> <span class='ocrx_word' id='word_1_76' title='bbox 1377 1604 1470 1665; x_wconf 84' lang='lat' dir='ltr'><strong>habet</strong></span> <span class='ocrx_word' id='word_1_77' title='bbox 1490 1601 1550 1680; x_wconf 90' lang='lat' dir='ltr'><strong>put·</strong></span> 
     </span>
     <span class='ocr_line' id='line_1_11' title="bbox 444 1701 1550 1786; baseline -0.004 -22"><span class='ocrx_word' id='word_1_78' title='bbox 444 1705 673 1767; x_wconf 81' lang='lat' dir='ltr'><strong>enritudinem.</strong></span> <span class='ocrx_word' id='word_1_79' title='bbox 700 1704 827 1767; x_wconf 76' lang='lat' dir='ltr'><strong>Artifex</strong></span> <span class='ocrx_word' id='word_1_80' title='bbox 852 1710 971 1785; x_wconf 85' lang='lat' dir='ltr'><strong>qnippe</strong></span> <span class='ocrx_word' id='word_1_81' title='bbox 993 1706 1079 1786; x_wconf 83' lang='lat' dir='ltr'><strong>ejus,</strong></span> <span class='ocrx_word' id='word_1_82' title='bbox 1102 1723 1177 1768; x_wconf 90' lang='lat' dir='ltr'><strong>cum</strong></span> <span class='ocrx_word' id='word_1_83' title='bbox 1199 1723 1270 1767; x_wconf 87' lang='lat' dir='ltr'><strong>eam</strong></span> <span class='ocrx_word' id='word_1_84' title='bbox 1289 1701 1429 1782; x_wconf 87' lang='lat' dir='ltr'><strong>primum</strong></span> <span class='ocrx_word' id='word_1_85' title='bbox 1450 1703 1550 1764; x_wconf 84' lang='lat' dir='ltr'><strong>conde·</strong></span> 
     </span>
     <span class='ocr_line' id='line_1_12' title="bbox 447 1802 1550 1886; baseline -0.005 -20"><span class='ocrx_word' id='word_1_86' title='bbox 447 1812 509 1876; x_wconf 86' lang='lat' dir='ltr'><strong>ret,</strong></span> <span class='ocrx_word' id='word_1_87' title='bbox 532 1806 632 1885; x_wconf 89' lang='lat' dir='ltr'><strong>inquit</strong></span> <span class='ocrx_word' id='word_1_88' title='bbox 650 1826 659 1866; x_wconf 78' lang='lat' dir='ltr'>z</span> <span class='ocrx_word' id='word_1_89' title='bbox 674 1803 831 1885; x_wconf 80' lang='lat' dir='ltr'><strong>sociemus</strong></span> <span class='ocrx_word' id='word_1_90' title='bbox 853 1805 1008 1867; x_wconf 77' lang='lat' dir='ltr'><strong>hominem</strong></span> <span class='ocrx_word' id='word_1_91' title='bbox 1029 1807 1072 1868; x_wconf 86' lang='lat' dir='ltr'><strong>ed</strong></span> <span class='ocrx_word' id='word_1_92' title='bbox 1086 1805 1255 1886; x_wconf 79' lang='lat' dir='ltr'><strong>imaginem</strong></span> <span class='ocrx_word' id='word_1_93' title='bbox 1276 1817 1304 1867; x_wconf 87' lang='lat' dir='ltr'><strong>el</strong></span> <span class='ocrx_word' id='word_1_94' title='bbox 1324 1802 1550 1868; x_wconf 78' lang='lat' dir='ltr'><strong>similitudinem</strong></span> 
     </span>
     <span class='ocr_line' id='line_1_13' title="bbox 446 1901 1550 1987; baseline -0.001 -21"><span class='ocrx_word' id='word_1_95' title='bbox 446 1916 600 1966; x_wconf 80' lang='lat' dir='ltr'><strong>nostram.</strong></span> <span class='ocrx_word' id='word_1_96' title='bbox 618 1905 703 1981; x_wconf 87' lang='lat' dir='ltr'><strong>Quid</strong></span> <span class='ocrx_word' id='word_1_97' title='bbox 726 1909 786 1968; x_wconf 79' lang='lat' dir='ltr'><strong>trac</strong></span> <span class='ocrx_word' id='word_1_98' title='bbox 801 1908 1044 1984; x_wconf 81' lang='lat' dir='ltr'><strong>pulchritudine</strong></span> <span class='ocrx_word' id='word_1_99' title='bbox 1060 1918 1092 1970; x_wconf 88' lang='lat' dir='ltr'><strong>et</strong></span> <span class='ocrx_word' id='word_1_100' title='bbox 1105 1908 1315 1970; x_wconf 88' lang='lat' dir='ltr'><strong>similitudine</strong></span> <span class='ocrx_word' id='word_1_101' title='bbox 1337 1901 1550 1987; x_wconf 67' lang='lat' dir='ltr'><strong>petenensi»</strong></span> 
     </span>
     <span class='ocr_line' id='line_1_14' title="bbox 446 2007 1552 2090; baseline -0.006 -21"><span class='ocrx_word' id='word_1_102' title='bbox 446 2007 478 2070; x_wconf 87' lang='lat' dir='ltr'><strong>Si</strong></span> <span class='ocrx_word' id='word_1_103' title='bbox 491 2007 630 2086; x_wconf 83' lang='lat' dir='ltr'><strong>primum</strong></span> <span class='ocrx_word' id='word_1_104' title='bbox 653 2019 729 2071; x_wconf 91' lang='lat' dir='ltr'><strong>tunc</strong></span> <span class='ocrx_word' id='word_1_105' title='bbox 744 2011 869 2070; x_wconf 79' lang='lat' dir='ltr'><strong>crearit</strong></span> <span class='ocrx_word' id='word_1_106' title='bbox 886 2007 972 2070; x_wconf 85' lang='lat' dir='ltr'><strong>Deus</strong></span> <span class='ocrx_word' id='word_1_107' title='bbox 994 2011 1145 2085; x_wconf 84' lang='lat' dir='ltr'><strong>enimam,</strong></span> <span class='ocrx_word' id='word_1_108' title='bbox 1160 2010 1290 2090; x_wconf 88' lang='lat' dir='ltr'><strong>qnando</strong></span> <span class='ocrx_word' id='word_1_109' title='bbox 1311 2009 1394 2073; x_wconf 83' lang='lat' dir='ltr'><strong>dixit</strong></span> <span class='ocrx_word' id='word_1_110' title='bbox 1408 2007 1552 2088; x_wconf 80' lang='lat' dir='ltr'><strong>sociemus</strong></span> 
     </span>
     <span class='ocr_line' id='line_1_15' title="bbox 447 2107 1551 2192; baseline -0.005 -23"><span class='ocrx_word' id='word_1_111' title='bbox 447 2109 603 2172; x_wconf 72' lang='lat' dir='ltr'><strong>hominem</strong></span> <span class='ocrx_word' id='word_1_112' title='bbox 624 2120 684 2173; x_wconf 90' lang='lat' dir='ltr'><strong>etc.</strong></span> <span class='ocrx_word' id='word_1_113' title='bbox 701 2111 892 2173; x_wconf 79' lang='lat' dir='ltr'><strong>excluditur</strong></span> <span class='ocrx_word' id='word_1_114' title='bbox 913 2111 1001 2174; x_wconf 83' lang='lat' dir='ltr'><strong>eliud</strong></span> <span class='ocrx_word' id='word_1_115' title='bbox 1020 2122 1145 2192; x_wconf 80' lang='lat' dir='ltr'><strong>tempus</strong></span> <span class='ocrx_word' id='word_1_116' title='bbox 1167 2109 1374 2188; x_wconf 86' lang='lat' dir='ltr'><strong>praecedens,</strong></span> <span class='ocrx_word' id='word_1_117' title='bbox 1391 2128 1458 2190; x_wconf 87' lang='lat' dir='ltr'><strong>quo</strong></span> <span class='ocrx_word' id='word_1_118' title='bbox 1477 2107 1551 2167; x_wconf 88' lang='lat' dir='ltr'><strong>dica·</strong></span> 
     </span>
     <span class='ocr_line' id='line_1_16' title="bbox 450 2211 939 2275; baseline 0.002 -2"><span class='ocrx_word' id='word_1_119' title='bbox 450 2222 505 2274; x_wconf 87' lang='lat' dir='ltr'><strong>tur</strong></span> <span class='ocrx_word' id='word_1_120' title='bbox 527 2211 624 2274; x_wconf 86' lang='lat' dir='ltr'><strong>inisse</strong></span> <span class='ocrx_word' id='word_1_121' title='bbox 647 2215 751 2275; x_wconf 87' lang='lat' dir='ltr'><strong>anima</strong></span> <span class='ocrx_word' id='word_1_122' title='bbox 774 2221 896 2274; x_wconf 83' lang='lat' dir='ltr'><strong>creste.</strong></span> <span class='ocrx_word' id='word_1_123' title='bbox 934 2239 939 2248; x_wconf 94' lang='lat'>·</span> 
     </span>
    </p>

    <p class='ocr_par' dir='ltr' id='par_1_5' title="bbox 424 2311 1557 4211">
     <span class='ocr_line' id='line_1_17' title="bbox 533 2311 1550 2393; baseline -0.003 -21"><span class='ocrx_word' id='word_1_124' title='bbox 533 2311 704 2375; x_wconf 74' lang='lat' dir='ltr'><strong>Praeterea</strong></span> <span class='ocrx_word' id='word_1_125' title='bbox 727 2315 811 2375; x_wconf 89' lang='lat' dir='ltr'><strong>circs</strong></span> <span class='ocrx_word' id='word_1_126' title='bbox 839 2313 983 2391; x_wconf 84' lang='lat' dir='ltr'><strong>praeieta</strong></span> <span class='ocrx_word' id='word_1_127' title='bbox 1011 2311 1172 2376; x_wconf 86' lang='lat' dir='ltr'><strong>Geoeseos</strong></span> <span class='ocrx_word' id='word_1_128' title='bbox 1196 2316 1293 2376; x_wconf 83' lang='lat' dir='ltr'><strong>rerba</strong></span> <span class='ocrx_word' id='word_1_129' title='bbox 1314 2314 1354 2376; x_wconf 93' lang='lat' dir='ltr'><strong>de</strong></span> <span class='ocrx_word' id='word_1_130' title='bbox 1375 2313 1508 2393; x_wconf 76' lang='lat' dir='ltr'><strong>imagine</strong></span> <span class='ocrx_word' id='word_1_131' title='bbox 1526 2315 1550 2370; x_wconf 86' lang='lat' dir='ltr'><strong>el</strong></span> 
     </span>
     <span class='ocr_line' id='line_1_18' title="bbox 449 2411 1551 2495; baseline -0.001 -22"><span class='ocrx_word' id='word_1_132' title='bbox 449 2413 660 2475; x_wconf 79' lang='lat' dir='ltr'><strong>similitudine</strong></span> <span class='ocrx_word' id='word_1_133' title='bbox 680 2415 785 2476; x_wconf 85' lang='lat' dir='ltr'><strong>divina</strong></span> <span class='ocrx_word' id='word_1_134' title='bbox 810 2416 929 2476; x_wconf 86' lang='lat' dir='ltr'><strong>homini</strong></span> <span class='ocrx_word' id='word_1_135' title='bbox 952 2415 1063 2488; x_wconf 88' lang='lat' dir='ltr'><strong>indita,</strong></span> <span class='ocrx_word' id='word_1_136' title='bbox 1088 2416 1183 2478; x_wconf 90' lang='lat' dir='ltr'><strong>valde</strong></span> <span class='ocrx_word' id='word_1_137' title='bbox 1204 2415 1332 2478; x_wconf 88' lang='lat' dir='ltr'><strong>coniert</strong></span> <span class='ocrx_word' id='word_1_138' title='bbox 1352 2415 1441 2495; x_wconf 89' lang='lat' dir='ltr'><strong>quod</strong></span> <span class='ocrx_word' id='word_1_139' title='bbox 1458 2411 1551 2476; x_wconf 85' lang='lat' dir='ltr'><strong>Homi-</strong></span> 
     </span>
     <span class='ocr_line' id='line_1_19' title="bbox 450 2511 1550 2596; baseline -0.002 -22"><span class='ocrx_word' id='word_1_140' title='bbox 450 2515 494 2574; x_wconf 88' lang='lat' dir='ltr'><strong>lin</strong></span> <span class='ocrx_word' id='word_1_141' title='bbox 519 2511 541 2573; x_wconf 92' lang='grc' dir='ltr'><strong>Ι.</strong></span> <span class='ocrx_word' id='word_1_142' title='bbox 565 2533 594 2576; x_wconf 93' lang='lat' dir='ltr'><strong>u.</strong></span> <span class='ocrx_word' id='word_1_143' title='bbox 623 2512 669 2579; x_wconf 84' lang='lat' dir='ltr'><strong>i3.</strong></span> <span class='ocrx_word' id='word_1_144' title='bbox 693 2517 724 2577; x_wconf 91' lang='lat' dir='ltr'><strong>in</strong></span> <span class='ocrx_word' id='word_1_145' title='bbox 754 2516 904 2578; x_wconf 86' lang='lat' dir='ltr'><strong>eumdem</strong></span> <span class='ocrx_word' id='word_1_146' title='bbox 929 2515 1060 2578; x_wconf 86' lang='lat' dir='ltr'><strong>Librum</strong></span> <span class='ocrx_word' id='word_1_147' title='bbox 1092 2517 1205 2578; x_wconf 79' lang='lat' dir='ltr'><strong>scribit</strong></span> <span class='ocrx_word' id='word_1_148' title='bbox 1229 2515 1409 2596; x_wconf 82' lang='lat' dir='ltr'><strong>Origenes:</strong></span> <span class='ocrx_word' id='word_1_149' title='bbox 1434 2536 1451 2572; x_wconf 82' lang='lat' dir='ltr'><strong>e</strong></span> <span class='ocrx_word' id='word_1_150' title='bbox 1472 2511 1550 2576; x_wconf 82' lang='lat' dir='ltr'><strong>lions</strong></span> 
     </span>
     <span class='ocr_line' id='line_1_20' title="bbox 451 2613 1552 2698; baseline -0.006 -20"><span class='ocrx_word' id='word_1_151' title='bbox 451 2633 527 2678; x_wconf 87' lang='lat' dir='ltr'><strong>sane</strong></span> <span class='ocrx_word' id='word_1_152' title='bbox 549 2616 723 2690; x_wconf 87' lang='lat' dir='ltr'><strong>hominem,</strong></span> <span class='ocrx_word' id='word_1_153' title='bbox 739 2636 836 2698; x_wconf 89' lang='lat' dir='ltr'><strong>qoem</strong></span> <span class='ocrx_word' id='word_1_154' title='bbox 860 2619 936 2679; x_wconf 88' lang='lat' dir='ltr'><strong>dicit</strong></span> <span class='ocrx_word' id='word_1_155' title='bbox 951 2615 991 2678; x_wconf 89' lang='lat' dir='ltr'><strong>ad</strong></span> <span class='ocrx_word' id='word_1_156' title='bbox 1006 2620 1177 2698; x_wconf 87' lang='lat' dir='ltr'><strong>imaginem</strong></span> <span class='ocrx_word' id='word_1_157' title='bbox 1200 2616 1256 2678; x_wconf 87' lang='lat' dir='ltr'><strong>Dei</strong></span> <span class='ocrx_word' id='word_1_158' title='bbox 1277 2617 1412 2691; x_wconf 82' lang='lat' dir='ltr'><strong>lectum,</strong></span> <span class='ocrx_word' id='word_1_159' title='bbox 1437 2635 1495 2678; x_wconf 92' lang='lat' dir='ltr'><strong>oon</strong></span> <span class='ocrx_word' id='word_1_160' title='bbox 1516 2613 1552 2672; x_wconf 93' lang='lat' dir='ltr'><strong>in-</strong></span> 
     </span>
     <span class='ocr_line' id='line_1_21' title="bbox 455 2715 1554 2800; baseline -0.005 -18"><span class='ocrx_word' id='word_1_161' title='bbox 455 2719 630 2799; x_wconf 84' lang='lat' dir='ltr'><strong>telligimus</strong></span> <span class='ocrx_word' id='word_1_162' title='bbox 661 2721 878 2799; x_wconf 75' lang='lat' dir='ltr'><strong>corporalem.</strong></span> <span class='ocrx_word' id='word_1_163' title='bbox 911 2719 981 2783; x_wconf 90' lang='lat' dir='ltr'><strong>Non</strong></span> <span class='ocrx_word' id='word_1_164' title='bbox 1013 2723 1097 2783; x_wconf 90' lang='lat' dir='ltr'><strong>enim</strong></span> <span class='ocrx_word' id='word_1_165' title='bbox 1128 2721 1274 2800; x_wconf 86' lang='lat' dir='ltr'><strong>corporis</strong></span> <span class='ocrx_word' id='word_1_166' title='bbox 1302 2720 1487 2800; x_wconf 80' lang='lat' dir='ltr'><strong>figmentum</strong></span> <span class='ocrx_word' id='word_1_167' title='bbox 1508 2715 1554 2778; x_wconf 87' lang='lat' dir='ltr'><strong>ilei</strong></span> 
     </span>
     <span class='ocr_line' id='line_1_22' title="bbox 455 2816 1553 2898; baseline -0.004 -19"><span class='ocrx_word' id='word_1_168' title='bbox 455 2819 625 2898; x_wconf 78' lang='lat' dir='ltr'><strong>imaginem</strong></span> <span class='ocrx_word' id='word_1_169' title='bbox 647 2821 810 2880; x_wconf 86' lang='lat' dir='ltr'><strong>continet:</strong></span> <span class='ocrx_word' id='word_1_170' title='bbox 839 2835 944 2898; x_wconf 84' lang='lat' dir='ltr'><strong>neque</strong></span> <span class='ocrx_word' id='word_1_171' title='bbox 967 2818 1071 2882; x_wconf 83' lang='lat' dir='ltr'><strong>iectus</strong></span> <span class='ocrx_word' id='word_1_172' title='bbox 1102 2838 1170 2881; x_wconf 89' lang='lat' dir='ltr'><strong>esse</strong></span> <span class='ocrx_word' id='word_1_173' title='bbox 1200 2819 1380 2898; x_wconf 87' lang='lat' dir='ltr'><strong>corporalis</strong></span> <span class='ocrx_word' id='word_1_174' title='bbox 1404 2819 1497 2880; x_wconf 84' lang='lat' dir='ltr'><strong>homo</strong></span> <span class='ocrx_word' id='word_1_175' title='bbox 1517 2816 1553 2876; x_wconf 91' lang='lat' dir='ltr'><strong>di·</strong></span> 
     </span>
     <span class='ocr_line' id='line_1_23' title="bbox 457 2920 1552 3000; baseline -0.007 -18"><span class='ocrx_word' id='word_1_176' title='bbox 457 2920 557 2992; x_wconf 86' lang='lat' dir='ltr'><strong>citur,</strong></span> <span class='ocrx_word' id='word_1_177' title='bbox 578 2920 853 2998; x_wconf 83' lang='lat' dir='ltr'><strong>sedplcsmstus,</strong></span> <span class='ocrx_word' id='word_1_178' title='bbox 876 2923 959 2983; x_wconf 87' lang='lat' dir='ltr'><strong>sicul</strong></span> <span class='ocrx_word' id='word_1_179' title='bbox 981 2921 1301 3000; x_wconf 88' lang='lat' dir='ltr'><strong>inconsequentibus</strong></span> <span class='ocrx_word' id='word_1_180' title='bbox 1331 2920 1488 2999; x_wconf 89' lang='lat' dir='ltr'><strong>scriptum</strong></span> <span class='ocrx_word' id='word_1_181' title='bbox 1507 2925 1552 2978; x_wconf 86' lang='lat' dir='ltr'><strong>est.</strong></span> 
     </span>
     <span class='ocr_line' id='line_1_24' title="bbox 457 3019 1554 3100; baseline -0.005 -19"><span class='ocrx_word' id='word_1_182' title='bbox 457 3019 514 3083; x_wconf 82' lang='lat' dir='ltr'><strong>stt</strong></span> <span class='ocrx_word' id='word_1_183' title='bbox 535 3022 636 3082; x_wconf 74' lang='lat' dir='ltr'><strong>enims</strong></span> <span class='ocrx_word' id='word_1_184' title='bbox 650 3020 822 3100; x_wconf 77' lang='lat' dir='ltr'><strong>plasmavit</strong></span> <span class='ocrx_word' id='word_1_185' title='bbox 838 3019 921 3083; x_wconf 83' lang='lat' dir='ltr'><strong>Deus</strong></span> <span class='ocrx_word' id='word_1_186' title='bbox 935 3020 1099 3084; x_wconf 78' lang='lat' dir='ltr'><strong>inminens.</strong></span> <span class='ocrx_word' id='word_1_187' title='bbox 1121 3021 1218 3094; x_wconf 87' lang='lat' dir='ltr'><strong>idest,</strong></span> <span class='ocrx_word' id='word_1_188' title='bbox 1235 3021 1329 3082; x_wconf 80' lang='lat' dir='ltr'><strong>tinxit</strong></span> <span class='ocrx_word' id='word_1_189' title='bbox 1349 3039 1426 3082; x_wconf 88' lang='lat' dir='ltr'><strong>eum</strong></span> <span class='ocrx_word' id='word_1_190' title='bbox 1447 3020 1487 3081; x_wconf 88' lang='lat' dir='ltr'><strong>de</strong></span> <span class='ocrx_word' id='word_1_191' title='bbox 1507 3029 1554 3078; x_wconf 89' lang='lat' dir='ltr'><strong>ter·</strong></span> 
     </span>
     <span class='ocr_line' id='line_1_25' title="bbox 458 3117 1555 3202; baseline -0.007 -19"><span class='ocrx_word' id='word_1_192' title='bbox 458 3140 514 3183; x_wconf 86' lang='lat' dir='ltr'><strong>rae</strong></span> <span class='ocrx_word' id='word_1_193' title='bbox 534 3123 625 3185; x_wconf 91' lang='lat' dir='ltr'><strong>limo.</strong></span> <span class='ocrx_word' id='word_1_194' title='bbox 644 3122 672 3184; x_wconf 92' lang='lat' dir='ltr'><strong>is</strong></span> <span class='ocrx_word' id='word_1_195' title='bbox 687 3132 809 3197; x_wconf 86' lang='lat' dir='ltr'><strong>autem,</strong></span> <span class='ocrx_word' id='word_1_196' title='bbox 825 3123 882 3202; x_wconf 89' lang='lat' dir='ltr'><strong>qui</strong></span> <span class='ocrx_word' id='word_1_197' title='bbox 898 3124 936 3184; x_wconf 92' lang='lat' dir='ltr'><strong>ad</strong></span> <span class='ocrx_word' id='word_1_198' title='bbox 955 3124 1123 3202; x_wconf 86' lang='lat' dir='ltr'><strong>imaginem</strong></span> <span class='ocrx_word' id='word_1_199' title='bbox 1140 3120 1198 3184; x_wconf 86' lang='lat' dir='ltr'><strong>Dei</strong></span> <span class='ocrx_word' id='word_1_200' title='bbox 1214 3122 1331 3196; x_wconf 83' lang='lat' dir='ltr'><strong>iactus,</strong></span> <span class='ocrx_word' id='word_1_201' title='bbox 1348 3131 1381 3184; x_wconf 88' lang='lat' dir='ltr'><strong>et</strong></span> <span class='ocrx_word' id='word_1_202' title='bbox 1402 3122 1440 3183; x_wconf 87' lang='lat' dir='ltr'><strong>sd</strong></span> <span class='ocrx_word' id='word_1_203' title='bbox 1461 3117 1555 3184; x_wconf 85' lang='lat' dir='ltr'><strong>simiti-</strong></span> 
     </span>
     <span class='ocr_line' id='line_1_26' title="bbox 459 3219 1556 3300; baseline -0.006 -16"><span class='ocrx_word' id='word_1_204' title='bbox 459 3223 618 3297; x_wconf 87' lang='lat' dir='ltr'><strong>tudinem,</strong></span> <span class='ocrx_word' id='word_1_205' title='bbox 636 3226 771 3288; x_wconf 91' lang='lat' dir='ltr'><strong>interior</strong></span> <span class='ocrx_word' id='word_1_206' title='bbox 793 3224 890 3286; x_wconf 88' lang='lat' dir='ltr'><strong>homo</strong></span> <span class='ocrx_word' id='word_1_207' title='bbox 913 3233 1022 3286; x_wconf 86' lang='lat' dir='ltr'><strong>noster</strong></span> <span class='ocrx_word' id='word_1_208' title='bbox 1043 3233 1103 3298; x_wconf 88' lang='lat' dir='ltr'><strong>est,</strong></span> <span class='ocrx_word' id='word_1_209' title='bbox 1121 3223 1288 3286; x_wconf 83' lang='lat' dir='ltr'><strong>invisibilis</strong></span> <span class='ocrx_word' id='word_1_210' title='bbox 1310 3231 1341 3286; x_wconf 89' lang='lat' dir='ltr'><strong>et</strong></span> <span class='ocrx_word' id='word_1_211' title='bbox 1363 3219 1556 3300; x_wconf 81' lang='lat' dir='ltr'><strong>incorporeis</strong></span> 
     </span>
     <span class='ocr_line' id='line_1_27' title="bbox 457 3324 1553 3404; baseline -0.005 -17"><span class='ocrx_word' id='word_1_212' title='bbox 457 3334 491 3388; x_wconf 87' lang='lat' dir='ltr'><strong>et</strong></span> <span class='ocrx_word' id='word_1_213' title='bbox 513 3328 723 3404; x_wconf 89' lang='lat' dir='ltr'><strong>incorruptus</strong></span> <span class='ocrx_word' id='word_1_214' title='bbox 745 3335 777 3389; x_wconf 91' lang='lat' dir='ltr'><strong>et</strong></span> <span class='ocrx_word' id='word_1_215' title='bbox 791 3326 994 3388; x_wconf 88' lang='lat' dir='ltr'><strong>immortalis.</strong></span> <span class='ocrx_word' id='word_1_216' title='bbox 1020 3325 1054 3387; x_wconf 90' lang='lat' dir='ltr'><strong>ln</strong></span> <span class='ocrx_word' id='word_1_217' title='bbox 1076 3327 1124 3387; x_wconf 88' lang='lat' dir='ltr'><strong>his</strong></span> <span class='ocrx_word' id='word_1_218' title='bbox 1139 3327 1222 3387; x_wconf 90' lang='lat' dir='ltr'><strong>enim</strong></span> <span class='ocrx_word' id='word_1_219' title='bbox 1247 3325 1364 3388; x_wconf 84' lang='lat' dir='ltr'><strong>talibus</strong></span> <span class='ocrx_word' id='word_1_220' title='bbox 1388 3324 1444 3386; x_wconf 86' lang='lat' dir='ltr'><strong>Dei</strong></span> <span class='ocrx_word' id='word_1_221' title='bbox 1463 3326 1553 3398; x_wconf 86' lang='lat' dir='ltr'><strong>imago</strong></span> 
     </span>
     <span class='ocr_line' id='line_1_28' title="bbox 458 3424 1552 3507; baseline 0.003 -20"><span class='ocrx_word' id='word_1_222' title='bbox 458 3427 579 3490; x_wconf 89' lang='lat' dir='ltr'><strong>rectius</strong></span> <span class='ocrx_word' id='word_1_223' title='bbox 600 3427 804 3507; x_wconf 88' lang='lat' dir='ltr'><strong>intelligitur.</strong></span> <span class='ocrx_word' id='word_1_224' title='bbox 828 3447 846 3483; x_wconf 83' lang='lat' dir='ltr'><strong>n</strong></span> <span class='ocrx_word' id='word_1_225' title='bbox 869 3424 910 3490; x_wconf 83' lang='lat' dir='ltr'><strong>El</strong></span> <span class='ocrx_word' id='word_1_226' title='bbox 926 3428 1004 3507; x_wconf 89' lang='lat' dir='ltr'><strong>quid</strong></span> <span class='ocrx_word' id='word_1_227' title='bbox 1028 3427 1075 3489; x_wconf 86' lang='lat' dir='ltr'><strong>lris</strong></span> <span class='ocrx_word' id='word_1_228' title='bbox 1099 3427 1204 3489; x_wconf 82' lang='lat' dir='ltr'><strong>serbis</strong></span> <span class='ocrx_word' id='word_1_229' title='bbox 1225 3427 1416 3505; x_wconf 77' lang='lat' dir='ltr'><strong>significavit</strong></span> <span class='ocrx_word' id='word_1_230' title='bbox 1433 3425 1552 3490; x_wconf 77' lang='lat' dir='ltr'><strong>sueton</strong></span> 
     </span>
     <span class='ocr_line' id='line_1_29' title="bbox 456 3527 1553 3602; baseline -0.005 -14"><span class='ocrx_word' id='word_1_231' title='bbox 456 3527 515 3588; x_wconf 91' lang='lat' dir='ltr'><strong>nisi</strong></span> <span class='ocrx_word' id='word_1_232' title='bbox 530 3527 655 3589; x_wconf 88' lang='lat' dir='ltr'><strong>animae</strong></span> <span class='ocrx_word' id='word_1_233' title='bbox 669 3529 867 3590; x_wconf 89' lang='lat' dir='ltr'><strong>creationem</strong></span> <span class='ocrx_word' id='word_1_234' title='bbox 889 3535 920 3589; x_wconf 90' lang='lat' dir='ltr'><strong>et</strong></span> <span class='ocrx_word' id='word_1_235' title='bbox 935 3527 1127 3590; x_wconf 83' lang='lat' dir='ltr'><strong>inlusionem</strong></span> <span class='ocrx_word' id='word_1_236' title='bbox 1150 3527 1180 3590; x_wconf 93' lang='lat' dir='ltr'><strong>in</strong></span> <span class='ocrx_word' id='word_1_237' title='bbox 1205 3527 1341 3602; x_wconf 75' lang='lat' dir='ltr'><strong>Adime,</strong></span> <span class='ocrx_word' id='word_1_238' title='bbox 1358 3527 1469 3589; x_wconf 89' lang='lat' dir='ltr'><strong>eodem</strong></span> <span class='ocrx_word' id='word_1_239' title='bbox 1492 3534 1553 3586; x_wconf 89' lang='lat' dir='ltr'><strong>tem·</strong></span> 
     </span>
     <span class='ocr_line' id='line_1_30' title="bbox 459 3616 1555 3708; baseline -0.003 -21"><span class='ocrx_word' id='word_1_240' title='bbox 459 3627 570 3705; x_wconf 85' lang='lat' dir='ltr'><strong>pore(</strong></span> <span class='ocrx_word' id='word_1_241' title='bbox 582 3645 687 3707; x_wconf 90' lang='lat' dir='ltr'><strong>neque</strong></span> <span class='ocrx_word' id='word_1_242' title='bbox 704 3645 782 3689; x_wconf 87' lang='lat' dir='ltr'><strong>sero</strong></span> <span class='ocrx_word' id='word_1_243' title='bbox 803 3625 918 3701; x_wconf 79' lang='lat' dir='ltr'><strong>antea)</strong></span> <span class='ocrx_word' id='word_1_244' title='bbox 935 3642 1001 3708; x_wconf 86' lang='lat' dir='ltr'><strong>quo</strong></span> <span class='ocrx_word' id='word_1_245' title='bbox 1017 3629 1186 3706; x_wconf 79' lang='lat' dir='ltr'><strong>plasmavit</strong></span> <span class='ocrx_word' id='word_1_246' title='bbox 1208 3626 1294 3689; x_wconf 87' lang='lat' dir='ltr'><strong>Deus</strong></span> <span class='ocrx_word' id='word_1_247' title='bbox 1315 3645 1436 3708; x_wconf 89' lang='lat' dir='ltr'><strong>corpus</strong></span> <span class='ocrx_word' id='word_1_248' title='bbox 1451 3616 1555 3687; x_wconf 76' lang='lat' dir='ltr'><strong>suun?</strong></span> 
     </span>
     <span class='ocr_line' id='line_1_31' title="bbox 458 3723 1556 3816; baseline -0.009 -28"><span class='ocrx_word' id='word_1_249' title='bbox 458 3723 542 3788; x_wconf 83' lang='lat' dir='ltr'><strong>Cum</strong></span> <span class='ocrx_word' id='word_1_250' title='bbox 563 3743 703 3816; x_wconf 81' lang='lat' dir='ltr'><strong>namque</strong></span> <span class='ocrx_word' id='word_1_251' title='bbox 724 3726 822 3802; x_wconf 89' lang='lat' dir='ltr'><strong>dicit,</strong></span> <span class='ocrx_word' id='word_1_252' title='bbox 847 3727 1031 3798; x_wconf 84' lang='lat' dir='ltr'><strong>hominem,</strong></span> <span class='ocrx_word' id='word_1_253' title='bbox 1052 3728 1108 3807; x_wconf 89' lang='lat' dir='ltr'><strong>qni</strong></span> <span class='ocrx_word' id='word_1_254' title='bbox 1130 3728 1170 3789; x_wconf 87' lang='lat' dir='ltr'><strong>ad</strong></span> <span class='ocrx_word' id='word_1_255' title='bbox 1198 3727 1369 3806; x_wconf 85' lang='lat' dir='ltr'><strong>imaginem</strong></span> <span class='ocrx_word' id='word_1_256' title='bbox 1393 3725 1450 3788; x_wconf 86' lang='lat' dir='ltr'><strong>Dei</strong></span> <span class='ocrx_word' id='word_1_257' title='bbox 1473 3725 1556 3786; x_wconf 82' lang='lat' dir='ltr'><strong>iactus</strong></span> 
     </span>
     <span class='ocr_line' id='line_1_32' title="bbox 459 3825 1556 3903; baseline -0.009 -13"><span class='ocrx_word' id='word_1_258' title='bbox 459 3837 521 3902; x_wconf 89' lang='lat' dir='ltr'><strong>est,</strong></span> <span class='ocrx_word' id='word_1_259' title='bbox 543 3845 612 3889; x_wconf 89' lang='lat' dir='ltr'><strong>esse</strong></span> <span class='ocrx_word' id='word_1_260' title='bbox 632 3825 813 3889; x_wconf 83' lang='lat' dir='ltr'><strong>interiorem</strong></span> <span class='ocrx_word' id='word_1_261' title='bbox 834 3827 990 3890; x_wconf 78' lang='lat' dir='ltr'><strong>nominem</strong></span> <span class='ocrx_word' id='word_1_262' title='bbox 1010 3837 1167 3903; x_wconf 84' lang='lat' dir='ltr'><strong>nostrum,</strong></span> <span class='ocrx_word' id='word_1_263' title='bbox 1185 3827 1392 3903; x_wconf 82' lang='lat' dir='ltr'><strong>invisibilem,</strong></span> <span class='ocrx_word' id='word_1_264' title='bbox 1414 3829 1556 3889; x_wconf 86' lang='lat' dir='ltr'><strong>immorta-</strong></span> 
     </span>
     <span class='ocr_line' id='line_1_33' title="bbox 424 3921 1557 4012; baseline -0.004 -22"><span class='ocrx_word' id='word_1_265' title='bbox 424 4001 430 4012; x_wconf 86' lang='lat'><strong>.</strong></span> <span class='ocrx_word' id='word_1_266' title='bbox 458 3930 524 3992; x_wconf 90' lang='lat' dir='ltr'><strong>lem</strong></span> <span class='ocrx_word' id='word_1_267' title='bbox 546 3937 607 3990; x_wconf 92' lang='lat' dir='ltr'><strong>etc.</strong></span> <span class='ocrx_word' id='word_1_268' title='bbox 631 3929 715 3991; x_wconf 87' lang='lat' dir='ltr'><strong>idem</strong></span> <span class='ocrx_word' id='word_1_269' title='bbox 736 3937 786 3991; x_wconf 91' lang='lat' dir='ltr'><strong>est</strong></span> <span class='ocrx_word' id='word_1_270' title='bbox 805 3947 844 3991; x_wconf 92' lang='lat' dir='ltr'><strong>ac</strong></span> <span class='ocrx_word' id='word_1_271' title='bbox 865 3929 1000 4004; x_wconf 86' lang='lat' dir='ltr'><strong>diceret,</strong></span> <span class='ocrx_word' id='word_1_272' title='bbox 1025 3947 1087 3992; x_wconf 84' lang='lat' dir='ltr'><strong>uos</strong></span> <span class='ocrx_word' id='word_1_273' title='bbox 1110 3947 1184 3992; x_wconf 88' lang='lat' dir='ltr'><strong>curn</strong></span> <span class='ocrx_word' id='word_1_274' title='bbox 1207 3947 1347 4008; x_wconf 88' lang='lat' dir='ltr'><strong>corpore</strong></span> <span class='ocrx_word' id='word_1_275' title='bbox 1369 3945 1494 3991; x_wconf 77' lang='lat' dir='ltr'><strong>emesae</strong></span> <span class='ocrx_word' id='word_1_276' title='bbox 1511 3921 1557 3984; x_wconf 82' lang='lat' dir='ltr'><strong>lis·</strong></span> 
     </span>
     <span class='ocr_line' id='line_1_34' title="bbox 458 4020 1555 4110; baseline -0.005 -16"><span class='ocrx_word' id='word_1_277' title='bbox 458 4049 514 4094; x_wconf 91' lang='lat' dir='ltr'><strong>um</strong></span> <span class='ocrx_word' id='word_1_278' title='bbox 535 4031 679 4092; x_wconf 86' lang='lat' dir='ltr'><strong>animum</strong></span> <span class='ocrx_word' id='word_1_279' title='bbox 699 4032 767 4093; x_wconf 84' lang='lat' dir='ltr'><strong>sire</strong></span> <span class='ocrx_word' id='word_1_280' title='bbox 789 4037 941 4106; x_wconf 87' lang='lat' dir='ltr'><strong>mentem,</strong></span> <span class='ocrx_word' id='word_1_281' title='bbox 963 4020 1176 4093; x_wconf 83' lang='lat' dir='ltr'><strong>substantiam</strong></span> <span class='ocrx_word' id='word_1_282' title='bbox 1196 4031 1321 4094; x_wconf 87' lang='lat' dir='ltr'><strong>scilicet</strong></span> <span class='ocrx_word' id='word_1_283' title='bbox 1341 4031 1513 4110; x_wconf 87' lang='lat' dir='ltr'><strong>spiritalem</strong></span> <span class='ocrx_word' id='word_1_284' title='bbox 1531 4027 1555 4082; x_wconf 80' lang='lat' dir='ltr'><strong>el</strong></span> 
     </span>
     <span class='ocr_line' id='line_1_35' title="bbox 462 4133 700 4211; baseline 0.008 -21"><span class='ocrx_word' id='word_1_285' title='bbox 462 4133 700 4211; x_wconf 88' lang='lat' dir='ltr'><strong>incorpoream.</strong></span> 
     </span>
    </p>

    <p class='ocr_par' dir='ltr' id='par_1_6' title="bbox 461 4228 1557 4611">
     <span class='ocr_line' id='line_1_36' title="bbox 535 4228 1557 4312; baseline -0.006 -19"><span class='ocrx_word' id='word_1_286' title='bbox 535 4228 578 4293; x_wconf 83' lang='lat' dir='ltr'><strong>Et</strong></span> <span class='ocrx_word' id='word_1_287' title='bbox 589 4231 667 4312; x_wconf 84' lang='lat' dir='ltr'><strong>jure</strong></span> <span class='ocrx_word' id='word_1_288' title='bbox 680 4231 823 4311; x_wconf 81' lang='lat' dir='ltr'><strong>quidem:</strong></span> <span class='ocrx_word' id='word_1_289' title='bbox 842 4230 999 4294; x_wconf 80' lang='lat' dir='ltr'><strong>vocabula</strong></span> <span class='ocrx_word' id='word_1_290' title='bbox 1016 4235 1100 4295; x_wconf 89' lang='lat' dir='ltr'><strong>enim</strong></span> <span class='ocrx_word' id='word_1_291' title='bbox 1115 4229 1251 4294; x_wconf 86' lang='lat' dir='ltr'><strong>interior</strong></span> <span class='ocrx_word' id='word_1_292' title='bbox 1265 4231 1355 4294; x_wconf 74' lang='lat' dir='ltr'><strong>sosio</strong></span> <span class='ocrx_word' id='word_1_293' title='bbox 1366 4239 1480 4302; x_wconf 71' lang='lat' dir='ltr'><strong>noser,</strong></span> <span class='ocrx_word' id='word_1_294' title='bbox 1492 4239 1557 4306; x_wconf 80' lang='lat' dir='ltr'><strong>quas</strong></span> 
     </span>
     <span class='ocr_line' id='line_1_37' title="bbox 463 4321 1555 4413; baseline -0.009 -15"><span class='ocrx_word' id='word_1_295' title='bbox 463 4341 633 4398; x_wconf 87' lang='lat' dir='ltr'><strong>mutuatus</strong></span> <span class='ocrx_word' id='word_1_296' title='bbox 663 4341 713 4396; x_wconf 88' lang='lat' dir='ltr'><strong>est</strong></span> <span class='ocrx_word' id='word_1_297' title='bbox 741 4332 954 4396; x_wconf 77' lang='lat' dir='ltr'><strong>Adamantius</strong></span> <span class='ocrx_word' id='word_1_298' title='bbox 975 4351 1018 4396; x_wconf 83' lang='lat' dir='ltr'><strong>ex</strong></span> <span class='ocrx_word' id='word_1_299' title='bbox 1039 4331 1187 4413; x_wconf 78' lang='lat' dir='ltr'><strong>Epistola</strong></span> <span class='ocrx_word' id='word_1_300' title='bbox 1210 4332 1253 4394; x_wconf 84' lang='lat' dir='ltr'><strong>ed</strong></span> <span class='ocrx_word' id='word_1_301' title='bbox 1273 4329 1434 4396; x_wconf 75' lang='lat' dir='ltr'><strong>Romanos</strong></span> <span class='ocrx_word' id='word_1_302' title='bbox 1454 4351 1481 4394; x_wconf 92' lang='lat' dir='ltr'><strong>c.</strong></span> <span class='ocrx_word' id='word_1_303' title='bbox 1501 4321 1555 4388; x_wconf 88' lang='lat' dir='ltr'><strong>vtt</strong></span> 
     </span>
     <span class='ocr_line' id='line_1_38' title="bbox 461 4427 1556 4513; baseline -0.007 -15"><span class='ocrx_word' id='word_1_304' title='bbox 461 4453 493 4498; x_wconf 89' lang='lat' dir='ltr'><strong>n.</strong></span> <span class='ocrx_word' id='word_1_305' title='bbox 513 4434 565 4500; x_wconf 56' lang='grc' dir='ltr'><strong><em>ἢ</em></strong></span> <span class='ocrx_word' id='word_1_306' title='bbox 584 4435 640 4497; x_wconf 83' lang='lat' dir='ltr'><strong>nbi</strong></span> <span class='ocrx_word' id='word_1_307' title='bbox 660 4434 766 4513; x_wconf 84' lang='lat' dir='ltr'><strong>inquil</strong></span> <span class='ocrx_word' id='word_1_308' title='bbox 786 4431 986 4512; x_wconf 76' lang='lat' dir='ltr'><strong>Apostotnss</strong></span> <span class='ocrx_word' id='word_1_309' title='bbox 1004 4435 1196 4496; x_wconf 84' lang='lat' dir='ltr'><strong>condelector</strong></span> <span class='ocrx_word' id='word_1_310' title='bbox 1209 4431 1295 4496; x_wconf 86' lang='lat' dir='ltr'><strong>mim</strong></span> <span class='ocrx_word' id='word_1_311' title='bbox 1316 4429 1377 4511; x_wconf 77' lang='lat' dir='ltr'><strong>legi</strong></span> <span class='ocrx_word' id='word_1_312' title='bbox 1393 4427 1451 4494; x_wconf 84' lang='lat' dir='ltr'><strong>Dei</strong></span> <span class='ocrx_word' id='word_1_313' title='bbox 1469 4441 1556 4492; x_wconf 80' lang='lat' dir='ltr'><strong>srcstr</strong></span> 
     </span>
     <span class='ocr_line' id='line_1_39' title="bbox 462 4530 1556 4611; baseline -0.011 -13"><span class='ocrx_word' id='word_1_314' title='bbox 462 4533 539 4598; x_wconf 71' lang='lat' dir='ltr'><strong>sss·</strong></span> <span class='ocrx_word' id='word_1_315' title='bbox 557 4532 740 4598; x_wconf 74' lang='lat' dir='ltr'><strong>interiorem</strong></span> <span class='ocrx_word' id='word_1_316' title='bbox 757 4530 926 4608; x_wconf 75' lang='lat' dir='ltr'><strong>nominem,</strong></span> <span class='ocrx_word' id='word_1_317' title='bbox 951 4536 1011 4598; x_wconf 84' lang='lat' dir='ltr'><strong>hoc</strong></span> <span class='ocrx_word' id='word_1_318' title='bbox 1031 4537 1214 4599; x_wconf 77' lang='lat' dir='ltr'><strong>adstruunt.</strong></span> <span class='ocrx_word' id='word_1_319' title='bbox 1233 4532 1333 4611; x_wconf 87' lang='lat' dir='ltr'><strong>Quasi</strong></span> <span class='ocrx_word' id='word_1_320' title='bbox 1348 4532 1478 4606; x_wconf 87' lang='lat' dir='ltr'><strong>diceret,</strong></span> <span class='ocrx_word' id='word_1_321' title='bbox 1497 4541 1556 4590; x_wconf 89' lang='lat' dir='ltr'><strong>con</strong></span> 
     </span>
    </p>
   </div>
   <div class='ocr_carea' id='block_1_5' title="bbox 0 0 1723 5567">
    <p class='ocr_par' dir='ltr' id='par_1_7' title="bbox 0 0 1723 5567">
     <span class='ocr_line' id='line_1_40' title="bbox 0 0 1723 5567; baseline 0 0"><span class='ocrx_word' id='word_1_322' title='bbox 0 0 1723 5567; x_wconf 95' lang='lat' dir='ltr'><strong> </strong></span> 
     </span>
    </p>
   </div>
  </div>
 </body>
</html>
