3375 5567
149 787 276 850 bulosani
305 788 537 851 considerasset
558 787 698 848 (lisinam
724 787 937 865 scripturam.
970 785 1091 850 Verum
1115 789 1175 850 boc
1197 787 1242 847 di·

149 893 183 950 cit
199 909 236 952 es
257 890 424 970 gentilium
445 891 560 968 nugis,
579 907 664 969 quas
684 889 744 950 sibi
774 897 1043 967 comparaverant
1064 890 1103 950 tle
1134 889 1243 950 mundi

151 990 226 1052 initio
245 999 276 1052 et
296 989 468 1062 similibus,
491 1007 571 1069 quas
594 993 661 1069 ipse
692 990 818 1068 respuit
838 997 870 1050 et
891 987 1084 1062 contutant,
1106 990 1246 1053 subdens

149 1090 253 1153 iocose
272 1108 290 1152 a
314 1090 442 1153 (luobus
460 1091 543 1153 velle
563 1090 768 1152 ascenderes
793 1088 902 1152 iabnla
921 1089 1101 1168 gemilium,
1124 1091 1180 1170 qni
1195 1107 1245 1151 sa-

148 1209 194 1254 rra
213 1194 370 1256 miscuere
382 1190 537 1272 profanis,
559 1199 621 1253 eta
643 1191 767 1261 littera,
781 1199 819 1252 ut
840 1199 978 1254 mentem
994 1197 1135 1254 nmirum
1158 1209 1175 1252 a
1191 1209 1244 1272 pa·

149 1291 242 1354 radisu
262 1291 466 1364 terrestriatl
489 1291 629 1354 coeleste
653 1291 876 1353 transveheret
898 1291 1129 1354 babitaculum.

214 1391 430 1457 Nihilominus
464 1410 598 1473 pergens
627 1411 654 1454 s.
678 1391 858 1472 Episcopus
889 1392 1045 1456 adversus
1072 1391 1245 1471 Origenem

149 1513 172 1554 n.
185 1492 221 1558 ll
234 1496 275 1556 ob
298 1494 473 1558 Abrabami
489 1495 655 1556 historiam
670 1495 700 1554 in
715 1494 890 1575 allegorias
913 1511 1037 1558 versam
1055 1497 1111 1556 ait:
1130 1515 1146 1552 s
1163 1492 1249 1557 Non·

149 1616 179 1658 ne
197 1597 269 1660 item
290 1597 332 1658 ab
353 1596 517 1660 soranam
539 1606 654 1676 puteos
675 1595 819 1671 ellossos,
842 1596 972 1676 aliaque
986 1613 1173 1660 sermonum
1195 1614 1249 1659 eo-

149 1701 190 1778 pia
210 1700 239 1762 in
259 1701 451 1762 immensum
473 1706 662 1777 protracta,
682 1715 777 1761 omne
797 1697 838 1760 de
861 1698 924 1760 illis
946 1698 1110 1778 negotium
1134 1698 1247 1760 dister-

149 1801 288 1863 minatio
308 1799 406 1862 aliam
427 1799 616 1862 sententiam
639 1799 854 1874 translatum,
877 1798 953 1861 licct
973 1800 1011 1860 atl
1035 1798 1115 1861 baeu
1145 1815 1249 1878 nsque

92 1950 97 1962 .
149 1911 280 1982 tempora
301 1904 333 1965 in
355 1901 485 1979 regione
507 1901 562 1961 illa
584 1901 689 1964 oeulis
710 1899 818 1962 adhuc
845 1895 1113 1979 conspiciantur?
1136 1896 1248 1960 Nonne

148 2001 226 2066 lsaac
243 2011 277 2066 et
298 2002 464 2064 Rebeccae
486 2021 537 2064 res
558 2012 663 2080 gestas
683 2001 879 2075 immutarit,
900 2002 1028 2063 inaures
1050 2011 1082 2062 et
1103 1998 1247 2062 armillas

147 2123 284 2168 mmoaes
304 2123 416 2167 aereos
435 2123 504 2166 esse
520 2103 640 2182 (liceum
662 2112 695 2166 et
715 2104 902 2166 universnm
924 2102 1062 2181 denique
1078 2117 1249 2181 argumen-

149 2216 207 2270 tum
226 2227 285 2288 per
306 2207 371 2269 rim
391 2207 564 2268 distortum
586 2205 625 2266 ad
646 2221 697 2279 aa,
713 2199 800 2283 'qnae
819 2205 927 2266 animo
942 2211 1133 2277 cernuntur,
1150 2209 1183 2264 et
1199 2219 1249 2264 rn-

151 2309 224 2370 tions
244 2307 482 2386 intelliguntur,
506 2306 693 2368 traductum
715 2304 974 2367 carillationibns
996 2300 1211 2383 deturparit?
1233 2321 1248 2356 n

217 2407 289 2472 tam
312 2407 550 2487 praevenimus,
572 2405 746 2484 Origenem
769 2423 933 2485 nunqnam
955 2423 1083 2468 sensnm
1099 2403 1251 2483 allegori-

151 2527 215 2569 cum
229 2525 395 2586 separasse
408 2525 426 2568 a
443 2507 588 2579 litterali,
600 2514 633 2568 et
648 2507 788 2568 maxime
802 2507 842 2568 tle
856 2504 954 2568 Libro
967 2504 1128 2570 Geneseos
1134 2527 1144 2583 3
1158 2503 1252 2583 cnjus

152 2611 192 2670 rei
212 2618 421 2690 prototypum
444 2607 595 2670 habueris
617 2607 754 2685 primam
771 2610 802 2667 in
818 2607 904 2670 bunc
928 2605 1060 2672 Librum
1082 2607 1253 2668 consulens

150 2705 336 2786 llomiliam5
353 2708 492 2786 ideoque
512 2706 617 2768 minna
638 2707 713 2769 item
730 2706 807 2769 lacit
827 2705 1169 2785 adrersnsOriqenem
1189 2703 1254 2768 En·

150 2810 248 2870 statbii
268 2820 300 2872 et
322 2808 379 2890 qni
402 2826 476 2870 eum
502 2827 542 2871 eo
564 2807 719 2871 foederati
743 2817 841 2884 sunt,
867 2809 1058 2871 couintatio.
1083 2805 1116 2868 ln
1143 2805 1254 2870 Homi-

152 2910 190 2972 lia
204 2908 290 2984 Xlll,
308 2928 406 2990 quam
428 2910 558 2987 respicit
578 2928 604 2972 a.
619 2908 810 2990 Episcopus,
822 2911 919 2973 sicuti
935 2910 965 2970 in
989 2909 1254 2990 praecedentibus

150 3011 317 3090 spiritalem
339 3011 470 3090 quidem
484 3028 613 3074 sensum
629 3021 799 3074 serutatur
810 3009 980 3089 Origenes,
1002 3011 1153 3090 mysteria
1172 3008 1257 3071 litte·

155 3132 204 3175 rae
222 3131 384 3193 exponens
406 3111 574 3185 fidelibus,
595 3131 650 3176 eos
671 3113 744 3175 ioue
765 3131 782 3172 e
806 3121 891 3174 terra
914 3113 1064 3188 elevans,
1088 3113 1118 3173 in
1141 3125 1256 3173 eornm

154 3215 303 3290 mentibus
323 3215 474 3295 pietatem
496 3231 534 3275 ac
556 3212 651 3275 fidem
672 3213 854 3276 aedificans.
879 3211 1014 3276 Planum
1030 3230 1105 3274 sane
1126 3213 1256 3275 boeest.

154 3311 231 3378 Nuus
253 3317 325 3380 ileo
355 3314 588 3378 insimulandus
607 3324 655 3378 est
678 3312 1019 3395 exprobrandnsqne?
1042 3313 1192 3377 Fortasse
1214 3315 1255 3375 ita

152 3431 244 3492 agens
259 3426 385 3480 textum
407 3416 603 3490 litteralem,
625 3416 693 3478 sire
715 3416 868 3480 historiae
892 3417 1060 3478 veritatem
1084 3415 1255 3494 repudiat,

155 3516 257 3580 abnuit
275 3517 433 3597 Origenes
442 3516 460 3566 '³
475 3515 640 3597 Numquid
662 3518 818 3579 mentitur
832 3519 927 3596 gestis
949 3515 1125 3589 Abrabam,
1144 3513 1256 3588 lsaaci,

155 3613 258 3679 lacobi
279 3618 489 3698 aliorumque
511 3618 786 3696 patriarcharum,
810 3619 858 3681 nti
880 3624 1075 3680 enarrantur
1100 3618 1131 3678 in
1153 3614 1258 3677 divina

120 3786 126 3796 p
156 3714 342 3797 Scriptura?
362 3717 444 3782 Cum
466 3737 519 3781 ex.
553 3734 582 3797 q.
605 3718 637 3779 io
659 3715 799 3780 llomilia
822 3716 896 3780 xit.
921 3735 953 3779 n.
974 3717 1002 3782 l.
1028 3717 1133 3796 inquit
1160 3715 1260 3780 eonti-

157 3819 217 3878 nsri
237 3828 435 3882 sacramenta
458 3819 489 3880 in
512 3818 721 3893 Patriarcbis,
744 3821 774 3879 in
795 3837 911 3882 eornm
934 3819 1072 3893 actibus,
1096 3819 1127 3881 in
1142 3817 1260 3898 puteis,
1334 3807 1338 3814 ⁴

157 3915 324 3998 innuptiis,
347 3919 379 3980 io
397 3917 682 3998 parturitionibus,
703 3919 735 3980 in
748 3920 987 3995 sterilitatibus,
1002 3921 1138 3982 tortasse
1152 3918 1264 3983 occul-

159 4019 229 4081 tavit
255 4020 409 4082 bistoriae
431 4014 627 4082 veritatem?
648 4020 716 4082 Ant
744 4020 873 4084 litterae
894 4038 1022 4084 sensnm
1054 4020 1210 4084 refutavit
1231 4021 1262 4081 in

158 4121 242 4193 gestis
261 4129 447 4185 sanctarum
470 4121 644 4186 mulierum
667 4121 778 4196 Sarae,
802 4120 981 4197 Rebeccae,
1005 4121 1176 4198 liacbelis,
1200 4121 1264 4184 bn·

160 4234 211 4280 nae
230 4219 388 4286 Samuelis
409 4223 533 4298 matris,
554 4230 750 4302 sanctaeque
773 4220 952 4298 Elisabeth,
970 4225 1016 4286 nti
1043 4231 1214 4286 censentur
1231 4221 1262 4282 io

159 4314 351 4400 scripturis?
366 4321 581 4404 Nequaquam
603 4325 664 4386 boc
686 4322 865 4403 putandum
890 4333 948 4388 est.
971 4321 1078 4388 Unum
1095 4329 1187 4385 antea
1209 4322 1264 4384 ad·

161 4419 258 4501 mittit,
278 4443 408 4488 sensum
424 4425 576 4488 nimirum
590 4425 778 4488 litteralem.
797 4424 838 4489 Et
857 4444 932 4488 cum
955 4425 1149 4507 Apostolum
1162 4424 1265 4486 imite-

164 4524 210 4581 tnr
227 4521 398 4602 licentem,
414 4525 496 4589 duos
517 4525 600 4590 lilios
616 4525 765 4590 babuisse
783 4523 961 4603 Abrabam,
980 4543 1080 4589 unum
1092 4524 1131 4587 de
1146 4523 1263 4587 ancilla
