3375 5567
173 854 228 916 qao
244 852 323 899 nune
337 836 370 899 ln
385 834 599 917 ignobilitate,
611 840 645 898 et
665 835 698 897 in
712 834 923 916 corruptione
944 839 977 898 et
994 833 1179 899 inilrmitate
1201 838 1262 901 nti·

172 956 249 1016 anr3
268 944 298 1000 et
318 936 409 998 aiiud
431 937 494 1001 erit
508 937 604 1012 iliud,
627 954 695 1017 qno
717 937 749 1000 in
765 936 1010 1017 incorruptione
1029 943 1161 1000 utemur
1179 944 1212 1001 et
1232 938 1263 1000 in

172 1041 272 1100 virtute
291 1042 324 1099 et
344 1038 377 1099 in
398 1038 524 1118 gloria3
538 1036 596 1101 aed
617 1039 680 1101 iroc
700 1041 821 1119 ipsum,
843 1037 977 1119 abjectio
999 1038 1048 1099 laia
1069 1037 1261 1103 infirmitati·

169 1140 233 1215 ιιι,
251 1140 283 1203 iu
301 1142 422 1221 quibua
442 1158 529 1203 nnnc
549 1149 618 1215 eat,
640 1140 673 1202 in
693 1141 832 1221 gloriam
857 1139 1149 1216 transmutabitur,
1169 1140 1262 1220 apiri-

166 1242 218 1305 taie
234 1242 406 1321 ellectum3
431 1250 469 1305 ut
488 1242 576 1321 qnod
599 1241 660 1305 luit
682 1242 878 1322 indignitatis
902 1259 973 1317 aas,
997 1241 1058 1305 hoc
1080 1241 1184 1323 ipsum
1207 1262 1264 1307 ex·

165 1353 342 1423 purgatum,
365 1343 423 1405 flat
445 1345 667 1419 vaeneuntia,
689 1350 722 1407 et
738 1343 945 1407 beatitudinis
967 1342 1200 1406 habitaculum.
1224 1363 1240 1399 a

227 1443 361 1509 llemunr
383 1449 470 1510 eirca
491 1464 590 1527 quam
612 1446 785 1525 lineaeque
813 1443 1027 1525 expendimus
1048 1447 1260 1507 necessariam

159 1548 319 1628 uuicuique
333 1556 407 1629 post
429 1558 567 1611 mortem
588 1548 848 1611 lustrationem
868 1546 1000 1609 educito
1023 1547 1158 1619 malitia,
1180 1546 1260 1610 divi-

158 1650 230 1711 nitas
249 1651 280 1710 in
302 1649 505 1713 humanitate
525 1657 634 1713 nostra
656 1648 868 1723 efficiendam,
891 1648 1022 1711 acideo
1045 1648 1259 1710 resurrectio·

156 1750 185 1808 ni
201 1750 372 1813 universali
391 1752 489 1813 sicuti
510 1760 543 1813 et
559 1750 685 1833 jndicio
706 1752 881 1813 novissimo
903 1750 1082 1828 praeviam,
1104 1752 1258 1831 quemad·

156 1850 275 1911 nodum
296 1852 470 1931 perspicue
489 1869 529 1915 ac
548 1870 645 1933 saepe
668 1851 801 1914 tradidit
820 1849 992 1930 Origenes,
1013 1870 1075 1915 uon
1096 1861 1145 1915 eat
1164 1854 1260 1916 ailen-

155 1950 194 2009 tio
204 1951 479 2028 praetereundum
494 1951 581 2033 quod
597 1956 666 2033 ipse
679 1952 907 2015 animadvertit
924 1951 963 2014 de
979 1954 1132 2033 temporis
1155 1954 1257 2017 varie·

153 2058 221 2125 tate,
235 2068 302 2131 qno
317 2054 351 2114 in
372 2062 481 2116 nostra
495 2052 550 2117 liet
571 2066 687 2117 natura
709 2056 864 2134 expiatio.
888 2053 922 2116 ln
941 2052 1054 2116 eodem
1070 2053 1155 2117 libro
1171 2074 1258 2120 uam·

151 2168 209 2229 que
227 2172 255 2215 e.
278 2150 334 2215 Vl.
357 2152 390 2219 6.
415 2153 460 2217 ne
477 2153 655 2235 Principiis
675 2158 733 2231 ait,
757 2155 943 2237 hujusmodi
965 2157 1162 2221 substantiae
1184 2178 1256 2223 eor-

151 2271 262 2332 poreae
276 2255 534 2321 emendationem
556 2276 619 2320 oon
633 2257 742 2319 annito
764 2262 836 2335 poet
858 2264 1010 2331 mortem,
1023 2257 1079 2319 sed
1101 2258 1257 2336 paulatim

151 2354 214 2417 deri
234 2364 266 2419 et
287 2361 425 2438 partim,
454 2365 488 2423 et
508 2360 670 2423 immensia
690 2356 872 2420 labentibus
893 2357 1011 2421 seculis
1033 2356 1135 2421 donec
1155 2360 1258 2423 inimi·

149 2476 181 2519 ca
201 2457 393 2523 detranatur
414 2478 526 2534 mora,
558 2470 596 2525 ιιι
615 2463 658 2523 ait
679 2456 765 2522 liena
797 2458 903 2522 omnia
927 2460 958 2520 in
985 2460 1156 2523 omnibns=
1181 2468 1257 2526 tnnc

148 2560 309 2635 nimirum,
330 2560 546 2642 quandolnia
566 2563 711 2624 omnium
733 2560 859 2623 initium
877 2560 940 2622 erit
961 2559 1096 2623 alterius
1117 2564 1201 2638 aevi,
1225 2564 1256 2626 iu

147 2674 209 2737 qno
223 2658 387 2736 Christus,
402 2662 529 2726 devicta
545 2670 663 2733 morte,
684 2660 775 2724 coins
791 2658 948 2740 reguabit.
962 2658 1132 2725 »Tandem
1152 2663 1191 2727 de
1209 2665 1256 2729 his

147 2761 324 2825 revocanda
345 2771 442 2839 anni,
473 2782 558 2844 quae
578 2782 620 2826 en
641 2760 788 2846 Nysaeno
808 2778 910 2841 snpra
931 2768 1039 2824 notata
1060 2770 1155 2838 aunt,
1177 2762 1255 2828 dnm

146 2860 186 2923 ait
204 2878 241 2923 ae
259 2879 303 2925 ex
323 2864 506 2944 molentum
524 2864 649 2945 judicio
664 2862 706 2925 ita
728 2861 847 2925 docere
869 2861 908 2924 de
929 2862 1074 2925 modoet
1096 2870 1254 2941 tempore,

145 2978 207 3041 qno
228 2969 302 3043 poat
332 2965 459 3027 oltitum
481 2974 629 3029 nostrum
660 2965 734 3028 talia
753 2964 899 3027 malitiae
921 2962 975 3026 det
995 2963 1176 3027 deloeoatio
1197 2984 1256 3045 per

142 3062 242 3143 ἰςκιιι
262 3066 419 3131 divinitus
440 3068 629 3131 immissum.
644 3067 697 3133 Sic
717 3074 750 3130 et
768 3064 946 3147 Origenes,
961 3066 1020 3128 etai
1042 3068 1254 3132 neeessariam

141 3173 259 3230 rtatnat
281 3176 355 3246 poet
375 3179 515 3233 mortem
537 3170 715 3250 unicuique
731 3186 790 3250 per
809 3171 915 3247 iguem
930 3166 1147 3246 expiationem
1168 3186 1255 3232 eam·

142 3284 201 3347 que
219 3266 295 3332 lieo
315 3271 519 3349 noscibilem:
535 3272 642 3352 quoad
667 3281 777 3334 autem
801 3268 932 3331 modum
953 3270 1160 3348 cluentium,
1181 3270 1253 3350 qui-

140 3366 194 3432 liua
207 3371 275 3433 ltoc
288 3389 373 3452 opus
387 3372 535 3453 perficiet
548 3369 636 3435 Deua
657 3380 730 3454 poat
750 3378 900 3446 mortem,
915 3373 1023 3450 potina
1037 3370 1078 3432 de
1092 3390 1132 3433 eo
1145 3371 1255 3451 dianu-

140 3474 203 3532 tare
221 3470 318 3547 dicit,
333 3490 434 3555 qnam
451 3492 512 3554 pro
532 3481 623 3536 certo
636 3482 670 3535 et
687 3472 820 3535 tenoilo
839 3477 995 3535 statuere.
1020 3466 1163 3551 ideoque
1177 3490 1252 3537 cum

138 3567 190 3630 ista
210 3588 336 3650 parurn
349 3574 534 3655 quaeationi
555 3582 684 3635 nostrae
698 3572 895 3653 praecipuae
915 3570 1097 3646 conleraut,
1112 3570 1253 3652 prudeu-

140 3675 257 3739 tiornm
271 3676 411 3739 coneilio
434 3676 631 3756 relinquere,
646 3675 686 3737 ad
702 3682 828 3737 ceteras
841 3672 1002 3752 gravioria
1019 3674 1169 3737 momenti
1191 3673 1251 3737 dil·

139 3770 298 3840 ioaltatea
317 3777 538 3859 expediendas
558 3776 720 3842 accedam.

497 4124 896 4201 w
