<?xml version="1.0" encoding="UTF-8"?>
<!DOCTYPE html PUBLIC "-//W3C//DTD XHTML 1.0 Transitional//EN"
    "http://www.w3.org/TR/xhtml1/DTD/xhtml1-transitional.dtd">
<html xmlns="http://www.w3.org/1999/xhtml" xml:lang="en" lang="en">
 <head>
  <title>
</title>
<meta http-equiv="Content-Type" content="text/html;charset=utf-8" />
  <meta name='ocr-system' content='tesseract 3.04.00' />
  <meta name='ocr-capabilities' content='ocr_page ocr_carea ocr_par ocr_line ocrx_word'/>
</head>
<body>
  <div class='ocr_page' id='page_1' title='image "./insgregoriinyss02vincgoog/insgregoriinyss02vincgoog_0171.png"; bbox 0 0 3375 5567; ppageno 0'>
   <div class='ocr_carea' id='block_1_1' title="bbox 1197 625 1362 745">
    <p class='ocr_par' dir='ltr' id='par_1_1' title="bbox 1197 625 1362 745">
     <span class='ocr_line' id='line_1_1' title="bbox 1197 625 1362 745; baseline 0.012 -2"><span class='ocrx_word' id='word_1_1' title='bbox 1197 674 1255 745; x_wconf 82' lang='grc' dir='ltr'><strong>ιιι</strong></span> <span class='ocrx_word' id='word_1_2' title='bbox 1356 625 1362 635; x_wconf 73' lang='grc'><strong>’</strong></span> 
     </span>
    </p>
   </div>
   <div class='ocr_carea' id='block_1_2' title="bbox 148 774 1326 4623">
    <p class='ocr_par' dir='ltr' id='par_1_2' title="bbox 157 774 1265 1777">
     <span class='ocr_line' id='line_1_2' title="bbox 166 774 1265 858; baseline 0 -16"><span class='ocrx_word' id='word_1_3' title='bbox 166 780 268 843; x_wconf 80' lang='lat' dir='ltr'><strong>ritimis</strong></span> <span class='ocrx_word' id='word_1_4' title='bbox 287 778 378 841; x_wconf 86' lang='lat' dir='ltr'><strong>malis</strong></span> <span class='ocrx_word' id='word_1_5' title='bbox 398 776 439 841; x_wconf 90' lang='lat' dir='ltr'><strong>ad</strong></span> <span class='ocrx_word' id='word_1_6' title='bbox 460 796 585 841; x_wconf 88' lang='lat' dir='ltr'><strong>summa</strong></span> <span class='ocrx_word' id='word_1_7' title='bbox 606 777 689 840; x_wconf 86' lang='lat' dir='ltr'><strong>bona</strong></span> <span class='ocrx_word' id='word_1_8' title='bbox 712 785 895 858; x_wconf 71' lang='lat' dir='ltr'><strong>reparetur.</strong></span> <span class='ocrx_word' id='word_1_9' title='bbox 917 796 933 835; x_wconf 81' lang='grc' dir='ltr'><strong>ι</strong></span> <span class='ocrx_word' id='word_1_10' title='bbox 958 774 1059 842; x_wconf 79' lang='lat' dir='ltr'><strong>[linus</strong></span> <span class='ocrx_word' id='word_1_11' title='bbox 1083 796 1160 841; x_wconf 82' lang='lat' dir='ltr'><strong>vero</strong></span> <span class='ocrx_word' id='word_1_12' title='bbox 1182 776 1265 842; x_wconf 69' lang='lat' dir='ltr'><strong>tlte·</strong></span> 
     </span>
     <span class='ocr_line' id='line_1_3' title="bbox 166 878 1258 967; baseline -0.002 -21"><span class='ocrx_word' id='word_1_13' title='bbox 166 900 297 967; x_wconf 70' lang='lat' dir='ltr'><strong>marmus</strong></span> <span class='ocrx_word' id='word_1_14' title='bbox 317 883 398 945; x_wconf 74' lang='lat' dir='ltr'><strong>llaec</strong></span> <span class='ocrx_word' id='word_1_15' title='bbox 418 881 531 944; x_wconf 87' lang='lat' dir='ltr'><strong>eadem</strong></span> <span class='ocrx_word' id='word_1_16' title='bbox 549 883 646 945; x_wconf 90' lang='lat' dir='ltr'><strong>rertit</strong></span> <span class='ocrx_word' id='word_1_17' title='bbox 659 882 692 945; x_wconf 92' lang='lat' dir='ltr'><strong>io</strong></span> <span class='ocrx_word' id='word_1_18' title='bbox 712 878 858 961; x_wconf 72' lang='lat' dir='ltr'><strong>Epistola</strong></span> <span class='ocrx_word' id='word_1_19' title='bbox 873 880 913 943; x_wconf 91' lang='lat' dir='ltr'><strong>ad</strong></span> <span class='ocrx_word' id='word_1_20' title='bbox 930 879 1076 945; x_wconf 73' lang='lat' dir='ltr'><strong>Avitum:</strong></span> <span class='ocrx_word' id='word_1_21' title='bbox 1090 902 1107 939; x_wconf 87' lang='grc' dir='ltr'><strong>ι</strong></span> <span class='ocrx_word' id='word_1_22' title='bbox 1123 880 1258 962; x_wconf 87' lang='lat' dir='ltr'><strong>Saepius</strong></span> 
     </span>
     <span class='ocr_line' id='line_1_4' title="bbox 163 982 1256 1063; baseline -0.002 -16"><span class='ocrx_word' id='word_1_23' title='bbox 163 987 283 1049; x_wconf 75' lang='lat' dir='ltr'>diximus</span> <span class='ocrx_word' id='word_1_24' title='bbox 312 986 344 1046; x_wconf 94' lang='lat' dir='ltr'><strong>in</strong></span> <span class='ocrx_word' id='word_1_25' title='bbox 365 982 495 1046; x_wconf 88' lang='lat' dir='ltr'><strong>intinitis</strong></span> <span class='ocrx_word' id='word_1_26' title='bbox 524 983 756 1063; x_wconf 83' lang='lat' dir='ltr'><strong>perpetuisque</strong></span> <span class='ocrx_word' id='word_1_27' title='bbox 778 983 919 1060; x_wconf 86' lang='lat' dir='ltr'><strong>seculis,</strong></span> <span class='ocrx_word' id='word_1_28' title='bbox 946 982 977 1045; x_wconf 88' lang='lat' dir='ltr'><strong>iu</strong></span> <span class='ocrx_word' id='word_1_29' title='bbox 1002 982 1123 1062; x_wconf 77' lang='lat' dir='ltr'><strong>quihus</strong></span> <span class='ocrx_word' id='word_1_30' title='bbox 1151 984 1256 1046; x_wconf 89' lang='lat' dir='ltr'><strong>anima</strong></span> 
     </span>
     <span class='ocr_line' id='line_1_5' title="bbox 163 1084 1256 1166; baseline -0.004 -15"><span class='ocrx_word' id='word_1_31' title='bbox 163 1088 297 1160; x_wconf 73' lang='lat' dir='ltr'>subsistit,</span> <span class='ocrx_word' id='word_1_32' title='bbox 318 1095 352 1149; x_wconf 85' lang='lat' dir='ltr'><strong>et</strong></span> <span class='ocrx_word' id='word_1_33' title='bbox 375 1087 471 1161; x_wconf 81' lang='lat' dir='ltr'><strong>vivit,</strong></span> <span class='ocrx_word' id='word_1_34' title='bbox 493 1085 540 1147; x_wconf 91' lang='lat' dir='ltr'><strong>sic</strong></span> <span class='ocrx_word' id='word_1_35' title='bbox 561 1085 733 1149; x_wconf 88' lang='lat' dir='ltr'><strong>nonnullas</strong></span> <span class='ocrx_word' id='word_1_36' title='bbox 753 1103 867 1149; x_wconf 82' lang='lat' dir='ltr'><strong>aarum</strong></span> <span class='ocrx_word' id='word_1_37' title='bbox 890 1084 929 1149; x_wconf 91' lang='lat' dir='ltr'><strong>ad</strong></span> <span class='ocrx_word' id='word_1_38' title='bbox 952 1084 1063 1166; x_wconf 79' lang='lat' dir='ltr'><strong>pejora</strong></span> <span class='ocrx_word' id='word_1_39' title='bbox 1085 1100 1256 1160; x_wconf 76' lang='lat' dir='ltr'><strong>corruere,</strong></span> 
     </span>
     <span class='ocr_line' id='line_1_6' title="bbox 163 1186 1257 1268; baseline -0.005 -14"><span class='ocrx_word' id='word_1_40' title='bbox 163 1200 190 1255; x_wconf 97' lang='grc' dir='ltr'><strong>ιι</strong></span> <span class='ocrx_word' id='word_1_41' title='bbox 206 1192 352 1254; x_wconf 88' lang='lat' dir='ltr'><strong>ultimum</strong></span> <span class='ocrx_word' id='word_1_42' title='bbox 374 1187 518 1251; x_wconf 84' lang='lat' dir='ltr'><strong>malitiae</strong></span> <span class='ocrx_word' id='word_1_43' title='bbox 538 1188 649 1251; x_wconf 89' lang='lat' dir='ltr'><strong>locum</strong></span> <span class='ocrx_word' id='word_1_44' title='bbox 672 1196 826 1267; x_wconf 86' lang='lat' dir='ltr'><strong>teneant;</strong></span> <span class='ocrx_word' id='word_1_45' title='bbox 850 1194 882 1251; x_wconf 92' lang='lat' dir='ltr'><strong>et</strong></span> <span class='ocrx_word' id='word_1_46' title='bbox 902 1187 948 1251; x_wconf 83' lang='lat' dir='ltr'><strong>ste</strong></span> <span class='ocrx_word' id='word_1_47' title='bbox 978 1186 1134 1267; x_wconf 90' lang='lat' dir='ltr'><strong>quasdam</strong></span> <span class='ocrx_word' id='word_1_48' title='bbox 1160 1186 1257 1268; x_wconf 83' lang='lat' dir='ltr'><strong>prod·</strong></span> 
     </span>
     <span class='ocr_line' id='line_1_7' title="bbox 162 1289 1259 1370; baseline -0.003 -15"><span class='ocrx_word' id='word_1_49' title='bbox 162 1311 233 1368; x_wconf 85' lang='lat' dir='ltr'><strong>ecre,</strong></span> <span class='ocrx_word' id='word_1_50' title='bbox 253 1290 345 1354; x_wconf 89' lang='lat' dir='ltr'><strong>uide</strong></span> <span class='ocrx_word' id='word_1_51' title='bbox 367 1290 484 1353; x_wconf 85' lang='lat' dir='ltr'><strong>ultimo</strong></span> <span class='ocrx_word' id='word_1_52' title='bbox 495 1289 638 1351; x_wconf 89' lang='lat' dir='ltr'><strong>malitiae</strong></span> <span class='ocrx_word' id='word_1_53' title='bbox 660 1289 763 1369; x_wconf 77' lang='lat' dir='ltr'><strong>gradu</strong></span> <span class='ocrx_word' id='word_1_54' title='bbox 784 1290 825 1351; x_wconf 88' lang='lat' dir='ltr'><strong>ad</strong></span> <span class='ocrx_word' id='word_1_55' title='bbox 841 1290 1018 1370; x_wconf 83' lang='lat' dir='ltr'><strong>perlectam</strong></span> <span class='ocrx_word' id='word_1_56' title='bbox 1041 1291 1169 1353; x_wconf 81' lang='lat' dir='ltr'><strong>neuiaut</strong></span> <span class='ocrx_word' id='word_1_57' title='bbox 1183 1308 1259 1353; x_wconf 89' lang='lat' dir='ltr'><strong>eoa·</strong></span> 
     </span>
     <span class='ocr_line' id='line_1_8' title="bbox 162 1388 1257 1472; baseline -0.003 -16"><span class='ocrx_word' id='word_1_58' title='bbox 162 1400 405 1472; x_wconf 84' lang='lat' dir='ltr'><strong>summatamque</strong></span> <span class='ocrx_word' id='word_1_59' title='bbox 420 1391 617 1454; x_wconf 77' lang='lat' dir='ltr'><strong>virtutem.»</strong></span> <span class='ocrx_word' id='word_1_60' title='bbox 631 1388 742 1454; x_wconf 80' lang='lat' dir='ltr'><strong>listris</strong></span> <span class='ocrx_word' id='word_1_61' title='bbox 758 1389 897 1455; x_wconf 88' lang='lat' dir='ltr'><strong>iluetins</strong></span> <span class='ocrx_word' id='word_1_62' title='bbox 908 1392 1074 1471; x_wconf 86' lang='lat' dir='ltr'><strong>ceterique</strong></span> <span class='ocrx_word' id='word_1_63' title='bbox 1087 1398 1257 1471; x_wconf 89' lang='lat' dir='ltr'><strong>putarunt,</strong></span> 
     </span>
     <span class='ocr_line' id='line_1_9' title="bbox 160 1490 1257 1575; baseline -0.002 -18"><span class='ocrx_word' id='word_1_64' title='bbox 160 1496 261 1575; x_wconf 82' lang='lat' dir='ltr'><strong>probos</strong></span> <span class='ocrx_word' id='word_1_65' title='bbox 280 1496 313 1555; x_wconf 95' lang='lat' dir='ltr'><strong>iu</strong></span> <span class='ocrx_word' id='word_1_66' title='bbox 336 1494 401 1555; x_wconf 90' lang='lat' dir='ltr'><strong>rita</strong></span> <span class='ocrx_word' id='word_1_67' title='bbox 425 1491 537 1555; x_wconf 84' lang='lat' dir='ltr'><strong>lutura</strong></span> <span class='ocrx_word' id='word_1_68' title='bbox 570 1490 643 1554; x_wconf 85' lang='lat' dir='ltr'><strong>lieri</strong></span> <span class='ocrx_word' id='word_1_69' title='bbox 663 1510 756 1571; x_wconf 87' lang='lat' dir='ltr'><strong>posse</strong></span> <span class='ocrx_word' id='word_1_70' title='bbox 778 1492 944 1572; x_wconf 83' lang='lat' dir='ltr'><strong>improbos</strong></span> <span class='ocrx_word' id='word_1_71' title='bbox 956 1512 967 1572; x_wconf 91' lang='lat'>;</span> <span class='ocrx_word' id='word_1_72' title='bbox 989 1500 1023 1555; x_wconf 90' lang='lat' dir='ltr'><strong>ot</strong></span> <span class='ocrx_word' id='word_1_73' title='bbox 1043 1492 1089 1556; x_wconf 89' lang='lat' dir='ltr'><strong>sic</strong></span> <span class='ocrx_word' id='word_1_74' title='bbox 1121 1492 1257 1557; x_wconf 84' lang='lat' dir='ltr'><strong>vicissim</strong></span> 
     </span>
     <span class='ocr_line' id='line_1_10' title="bbox 159 1593 1259 1675; baseline -0.003 -16"><span class='ocrx_word' id='word_1_75' title='bbox 159 1596 298 1675; x_wconf 84' lang='lat' dir='ltr'><strong>reprobos</strong></span> <span class='ocrx_word' id='word_1_76' title='bbox 325 1594 366 1656; x_wconf 81' lang='lat' dir='ltr'><strong>ad</strong></span> <span class='ocrx_word' id='word_1_77' title='bbox 384 1594 579 1675; x_wconf 77' lang='lat' dir='ltr'><strong>probitatem</strong></span> <span class='ocrx_word' id='word_1_78' title='bbox 609 1594 780 1657; x_wconf 84' lang='lat' dir='ltr'><strong>conserti:</strong></span> <span class='ocrx_word' id='word_1_79' title='bbox 800 1602 838 1657; x_wconf 83' lang='lat' dir='ltr'><strong>‘et</strong></span> <span class='ocrx_word' id='word_1_80' title='bbox 865 1594 908 1657; x_wconf 87' lang='lat' dir='ltr'><strong>itu</strong></span> <span class='ocrx_word' id='word_1_81' title='bbox 930 1593 1080 1658; x_wconf 82' lang='lat' dir='ltr'><strong>docuisse</strong></span> <span class='ocrx_word' id='word_1_82' title='bbox 1110 1604 1259 1657; x_wconf 87' lang='lat' dir='ltr'><strong>asserunt</strong></span> 
     </span>
     <span class='ocr_line' id='line_1_11' title="bbox 157 1696 329 1777; baseline -0.012 -18"><span class='ocrx_word' id='word_1_83' title='bbox 157 1696 329 1777; x_wconf 72' lang='lat' dir='ltr'><strong>Origenem.</strong></span> 
     </span>
    </p>

    <p class='ocr_par' dir='ltr' id='par_1_3' title="bbox 148 1796 1326 3604">
     <span class='ocr_line' id='line_1_12' title="bbox 227 1796 1260 1881; baseline 0.001 -21"><span class='ocrx_word' id='word_1_84' title='bbox 227 1796 261 1861; x_wconf 92' lang='lat' dir='ltr'><strong>ln</strong></span> <span class='ocrx_word' id='word_1_85' title='bbox 281 1800 344 1862; x_wconf 87' lang='grc' dir='ltr'>Ιιιι</span> <span class='ocrx_word' id='word_1_86' title='bbox 365 1800 556 1880; x_wconf 80' lang='lat' dir='ltr'><strong>quaestione</strong></span> <span class='ocrx_word' id='word_1_87' title='bbox 577 1798 686 1879; x_wconf 90' lang='lat' dir='ltr'><strong>primo</strong></span> <span class='ocrx_word' id='word_1_88' title='bbox 699 1797 877 1862; x_wconf 85' lang='lat' dir='ltr'><strong>notandum</strong></span> <span class='ocrx_word' id='word_1_89' title='bbox 899 1798 1058 1881; x_wconf 89' lang='lat' dir='ltr'><strong>est,quod</strong></span> <span class='ocrx_word' id='word_1_90' title='bbox 1081 1796 1260 1879; x_wconf 79' lang='lat' dir='ltr'><strong>ainntEdi·</strong></span> 
     </span>
     <span class='ocr_line' id='line_1_13' title="bbox 159 1898 1258 1981; baseline 0.003 -20"><span class='ocrx_word' id='word_1_91' title='bbox 159 1908 235 1963; x_wconf 82' lang='lat' dir='ltr'><strong>tores</strong></span> <span class='ocrx_word' id='word_1_92' title='bbox 254 1898 412 1975; x_wconf 71' lang='lat' dir='ltr'><strong>Maurici,</strong></span> <span class='ocrx_word' id='word_1_93' title='bbox 435 1900 519 1963; x_wconf 86' lang='lat' dir='ltr'><strong>haue</strong></span> <span class='ocrx_word' id='word_1_94' title='bbox 540 1918 654 1980; x_wconf 87' lang='lat' dir='ltr'><strong>nempe</strong></span> <span class='ocrx_word' id='word_1_95' title='bbox 675 1901 860 1981; x_wconf 86' lang='lat' dir='ltr'><strong>pericopem</strong></span> <span class='ocrx_word' id='word_1_96' title='bbox 883 1918 945 1964; x_wconf 92' lang='lat' dir='ltr'><strong>non</strong></span> <span class='ocrx_word' id='word_1_97' title='bbox 959 1901 1097 1980; x_wconf 90' lang='lat' dir='ltr'><strong>reperiri</strong></span> <span class='ocrx_word' id='word_1_98' title='bbox 1119 1900 1149 1961; x_wconf 87' lang='lat' dir='ltr'><strong>lu</strong></span> <span class='ocrx_word' id='word_1_99' title='bbox 1166 1907 1258 1965; x_wconf 85' lang='lat' dir='ltr'><strong>textu</strong></span> 
     </span>
     <span class='ocr_line' id='line_1_14' title="bbox 156 2001 1259 2083; baseline 0.004 -21"><span class='ocrx_word' id='word_1_100' title='bbox 156 2018 263 2079; x_wconf 69' lang='lat' dir='ltr'><strong>graeco</strong></span> <span class='ocrx_word' id='word_1_101' title='bbox 276 2002 441 2081; x_wconf 77' lang='lat' dir='ltr'><strong>originali,</strong></span> <span class='ocrx_word' id='word_1_102' title='bbox 454 2020 550 2083; x_wconf 82' lang='lat' dir='ltr'><strong>quern</strong></span> <span class='ocrx_word' id='word_1_103' title='bbox 562 2020 641 2082; x_wconf 86' lang='lat' dir='ltr'><strong>prae</strong></span> <span class='ocrx_word' id='word_1_104' title='bbox 653 2002 800 2066; x_wconf 86' lang='lat' dir='ltr'><strong>maoibus</strong></span> <span class='ocrx_word' id='word_1_105' title='bbox 813 2002 1001 2078; x_wconf 81' lang='lat' dir='ltr'><strong>habueruut</strong></span> <span class='ocrx_word' id='word_1_106' title='bbox 1012 2001 1173 2065; x_wconf 72' lang='lat' dir='ltr'><strong>ductores</strong></span> <span class='ocrx_word' id='word_1_107' title='bbox 1186 2001 1259 2066; x_wconf 75' lang='lat' dir='ltr'><strong>Pot-</strong></span> 
     </span>
     <span class='ocr_line' id='line_1_15' title="bbox 154 2101 1260 2185; baseline 0.003 -22"><span class='ocrx_word' id='word_1_108' title='bbox 154 2102 279 2167; x_wconf 81' lang='lat' dir='ltr'><strong>locsliae</strong></span> <span class='ocrx_word' id='word_1_109' title='bbox 293 2148 303 2179; x_wconf 90' lang='lat'><strong>,</strong></span> <span class='ocrx_word' id='word_1_110' title='bbox 318 2104 415 2185; x_wconf 85' lang='lat' dir='ltr'><strong>cnjus</strong></span> <span class='ocrx_word' id='word_1_111' title='bbox 436 2103 616 2167; x_wconf 91' lang='lat' dir='ltr'><strong>omissionis</strong></span> <span class='ocrx_word' id='word_1_112' title='bbox 638 2104 810 2184; x_wconf 78' lang='lat' dir='ltr'><strong>ignoratur</strong></span> <span class='ocrx_word' id='word_1_113' title='bbox 829 2121 939 2168; x_wconf 88' lang='lat' dir='ltr'><strong>cansa.</strong></span> <span class='ocrx_word' id='word_1_114' title='bbox 957 2101 1106 2167; x_wconf 83' lang='lat' dir='ltr'><strong>llnfflnus</strong></span> <span class='ocrx_word' id='word_1_115' title='bbox 1127 2121 1205 2165; x_wconf 85' lang='lat' dir='ltr'><strong>vero</strong></span> <span class='ocrx_word' id='word_1_116' title='bbox 1227 2110 1260 2166; x_wconf 88' lang='grc' dir='ltr'><strong>ιι</strong></span> 
     </span>
     <span class='ocr_line' id='line_1_16' title="bbox 156 2202 1326 2293; baseline 0 -26"><span class='ocrx_word' id='word_1_117' title='bbox 156 2202 368 2293; x_wconf 73' lang='lat' dir='ltr'><strong>Hieronymus</strong></span> <span class='ocrx_word' id='word_1_118' title='bbox 386 2206 484 2287; x_wconf 83' lang='lat' dir='ltr'><strong>juxta</strong></span> <span class='ocrx_word' id='word_1_119' title='bbox 509 2207 657 2285; x_wconf 83' lang='lat' dir='ltr'><strong>exposita</strong></span> <span class='ocrx_word' id='word_1_120' title='bbox 679 2207 723 2267; x_wconf 92' lang='lat' dir='ltr'><strong>ita</strong></span> <span class='ocrx_word' id='word_1_121' title='bbox 746 2204 973 2280; x_wconf 86' lang='lat' dir='ltr'><strong>tradiderunt,</strong></span> <span class='ocrx_word' id='word_1_122' title='bbox 995 2212 1033 2268; x_wconf 93' lang='lat' dir='ltr'><strong>nt</strong></span> <span class='ocrx_word' id='word_1_123' title='bbox 1054 2204 1259 2285; x_wconf 80' lang='lat' dir='ltr'><strong>paraphrasis</strong></span> <span class='ocrx_word' id='word_1_124' title='bbox 1319 2204 1326 2215; x_wconf 82' lang='grc'><em>“</em></span> 
     </span>
     <span class='ocr_line' id='line_1_17' title="bbox 154 2304 1259 2387; baseline -0.005 -15"><span class='ocrx_word' id='word_1_125' title='bbox 154 2307 252 2387; x_wconf 89' lang='lat' dir='ltr'><strong>potins</strong></span> <span class='ocrx_word' id='word_1_126' title='bbox 271 2327 403 2381; x_wconf 89' lang='lat' dir='ltr'><strong>eorum,</strong></span> <span class='ocrx_word' id='word_1_127' title='bbox 424 2324 511 2387; x_wconf 84' lang='lat' dir='ltr'><strong>quae</strong></span> <span class='ocrx_word' id='word_1_128' title='bbox 532 2316 626 2370; x_wconf 81' lang='lat' dir='ltr'><strong>antea</strong></span> <span class='ocrx_word' id='word_1_129' title='bbox 648 2306 776 2387; x_wconf 86' lang='lat' dir='ltr'><strong>scripsit</strong></span> <span class='ocrx_word' id='word_1_130' title='bbox 796 2304 954 2386; x_wconf 80' lang='lat' dir='ltr'><strong>Origenes</strong></span> <span class='ocrx_word' id='word_1_131' title='bbox 977 2304 1138 2380; x_wconf 84' lang='lat' dir='ltr'><strong>videatur,</strong></span> <span class='ocrx_word' id='word_1_132' title='bbox 1160 2322 1259 2385; x_wconf 81' lang='lat' dir='ltr'><strong>quam</strong></span> 
     </span>
     <span class='ocr_line' id='line_1_18' title="bbox 152 2406 1259 2490; baseline -0.003 -18"><span class='ocrx_word' id='word_1_133' title='bbox 152 2411 244 2489; x_wconf 88' lang='lat' dir='ltr'><strong>ipsius</strong></span> <span class='ocrx_word' id='word_1_134' title='bbox 255 2410 407 2490; x_wconf 75' lang='lat' dir='ltr'><strong>Origeuis</strong></span> <span class='ocrx_word' id='word_1_135' title='bbox 428 2409 586 2489; x_wconf 74' lang='lat' dir='ltr'><strong>genuinus</strong></span> <span class='ocrx_word' id='word_1_136' title='bbox 598 2407 715 2473; x_wconf 83' lang='lat' dir='ltr'><strong>doetus.</strong></span> <span class='ocrx_word' id='word_1_137' title='bbox 730 2406 1048 2487; x_wconf 86' lang='lat' dir='ltr'><strong>Quomodocumqne</strong></span> <span class='ocrx_word' id='word_1_138' title='bbox 1065 2406 1191 2471; x_wconf 90' lang='lat' dir='ltr'><strong>taudem</strong></span> <span class='ocrx_word' id='word_1_139' title='bbox 1205 2406 1259 2481; x_wconf 89' lang='lat' dir='ltr'><strong>sit,</strong></span> 
     </span>
     <span class='ocr_line' id='line_1_19' title="bbox 152 2508 1261 2591; baseline -0.002 -18"><span class='ocrx_word' id='word_1_140' title='bbox 152 2512 223 2574; x_wconf 76' lang='lat' dir='ltr'><strong>nillil</strong></span> <span class='ocrx_word' id='word_1_141' title='bbox 242 2511 317 2577; x_wconf 91' lang='lat' dir='ltr'><strong>iude</strong></span> <span class='ocrx_word' id='word_1_142' title='bbox 339 2510 521 2575; x_wconf 89' lang='lat' dir='ltr'><strong>eruendum</strong></span> <span class='ocrx_word' id='word_1_143' title='bbox 541 2517 590 2574; x_wconf 88' lang='lat' dir='ltr'><strong>est</strong></span> <span class='ocrx_word' id='word_1_144' title='bbox 604 2516 718 2573; x_wconf 89' lang='lat' dir='ltr'><strong>contra</strong></span> <span class='ocrx_word' id='word_1_145' title='bbox 739 2510 855 2591; x_wconf 74' lang='lat' dir='ltr'><strong>dogma</strong></span> <span class='ocrx_word' id='word_1_146' title='bbox 878 2508 918 2573; x_wconf 88' lang='lat' dir='ltr'><strong>tle</strong></span> <span class='ocrx_word' id='word_1_147' title='bbox 938 2510 1130 2573; x_wconf 80' lang='lat' dir='ltr'><strong>aeternitate</strong></span> <span class='ocrx_word' id='word_1_148' title='bbox 1144 2525 1261 2589; x_wconf 87' lang='lat' dir='ltr'><strong>poena·</strong></span> 
     </span>
     <span class='ocr_line' id='line_1_20' title="bbox 152 2609 1258 2692; baseline 0 -19"><span class='ocrx_word' id='word_1_149' title='bbox 152 2631 219 2674; x_wconf 85' lang='lat' dir='ltr'><strong>rum</strong></span> <span class='ocrx_word' id='word_1_150' title='bbox 233 2613 266 2674; x_wconf 93' lang='lat' dir='ltr'><strong>in</strong></span> <span class='ocrx_word' id='word_1_151' title='bbox 281 2612 389 2674; x_wconf 84' lang='lat' dir='ltr'><strong>altero</strong></span> <span class='ocrx_word' id='word_1_152' title='bbox 401 2610 527 2684; x_wconf 87' lang='lat' dir='ltr'><strong>seculo,</strong></span> <span class='ocrx_word' id='word_1_153' title='bbox 541 2609 636 2674; x_wconf 85' lang='lat' dir='ltr'><strong>sicuti</strong></span> <span class='ocrx_word' id='word_1_154' title='bbox 651 2628 758 2691; x_wconf 89' lang='lat' dir='ltr'><strong>neque</strong></span> <span class='ocrx_word' id='word_1_155' title='bbox 771 2611 811 2674; x_wconf 91' lang='lat' dir='ltr'><strong>de</strong></span> <span class='ocrx_word' id='word_1_156' title='bbox 821 2612 1001 2692; x_wconf 88' lang='lat' dir='ltr'><strong>proborum</strong></span> <span class='ocrx_word' id='word_1_157' title='bbox 1016 2610 1164 2686; x_wconf 84' lang='lat' dir='ltr'><strong>arbitrio,</strong></span> <span class='ocrx_word' id='word_1_158' title='bbox 1176 2610 1258 2673; x_wconf 90' lang='lat' dir='ltr'><strong>adeo</strong></span> 
     </span>
     <span class='ocr_line' id='line_1_21' title="bbox 151 2710 1260 2795; baseline 0.002 -21"><span class='ocrx_word' id='word_1_159' title='bbox 151 2719 185 2775; x_wconf 89' lang='lat' dir='ltr'><strong>ut</strong></span> <span class='ocrx_word' id='word_1_160' title='bbox 202 2713 234 2774; x_wconf 89' lang='lat' dir='ltr'><strong>iu</strong></span> <span class='ocrx_word' id='word_1_161' title='bbox 253 2713 381 2774; x_wconf 87' lang='lat' dir='ltr'><strong>malum</strong></span> <span class='ocrx_word' id='word_1_162' title='bbox 402 2710 547 2775; x_wconf 86' lang='lat' dir='ltr'><strong>converti</strong></span> <span class='ocrx_word' id='word_1_163' title='bbox 565 2712 698 2791; x_wconf 87' lang='lat' dir='ltr'><strong>possint,</strong></span> <span class='ocrx_word' id='word_1_164' title='bbox 715 2718 748 2775; x_wconf 87' lang='lat' dir='ltr'><strong>et</strong></span> <span class='ocrx_word' id='word_1_165' title='bbox 762 2711 807 2776; x_wconf 89' lang='lat' dir='ltr'><strong>sic</strong></span> <span class='ocrx_word' id='word_1_166' title='bbox 828 2713 870 2775; x_wconf 91' lang='lat' dir='ltr'><strong>de</strong></span> <span class='ocrx_word' id='word_1_167' title='bbox 892 2712 1037 2795; x_wconf 84' lang='lat' dir='ltr'><strong>reprobis</strong></span> <span class='ocrx_word' id='word_1_168' title='bbox 1058 2714 1098 2775; x_wconf 89' lang='lat' dir='ltr'><strong>de</strong></span> <span class='ocrx_word' id='word_1_169' title='bbox 1120 2711 1207 2775; x_wconf 88' lang='lat' dir='ltr'><strong>malo</strong></span> <span class='ocrx_word' id='word_1_170' title='bbox 1227 2714 1260 2776; x_wconf 91' lang='lat' dir='ltr'><strong>iu</strong></span> 
     </span>
     <span class='ocr_line' id='line_1_22' title="bbox 151 2810 1260 2896; baseline 0 -21"><span class='ocrx_word' id='word_1_171' title='bbox 151 2812 277 2877; x_wconf 80' lang='grc' dir='ltr'>Ιιιιιιιι.</span> <span class='ocrx_word' id='word_1_172' title='bbox 302 2810 515 2875; x_wconf 71' lang='lat' dir='ltr'><strong>Adamantius</strong></span> <span class='ocrx_word' id='word_1_173' title='bbox 534 2830 676 2893; x_wconf 83' lang='lat' dir='ltr'><strong>nemque</strong></span> <span class='ocrx_word' id='word_1_174' title='bbox 697 2814 729 2875; x_wconf 91' lang='lat' dir='ltr'><strong>iu</strong></span> <span class='ocrx_word' id='word_1_175' title='bbox 749 2833 789 2877; x_wconf 89' lang='lat' dir='ltr'><strong>eo</strong></span> <span class='ocrx_word' id='word_1_176' title='bbox 818 2816 923 2896; x_wconf 89' lang='lat' dir='ltr'><strong>capite</strong></span> <span class='ocrx_word' id='word_1_177' title='bbox 947 2814 1019 2878; x_wconf 91' lang='lat' dir='ltr'><strong>totis</strong></span> <span class='ocrx_word' id='word_1_178' title='bbox 1043 2814 1165 2877; x_wconf 76' lang='lat' dir='ltr'><strong>uiribus</strong></span> <span class='ocrx_word' id='word_1_179' title='bbox 1194 2814 1260 2875; x_wconf 93' lang='lat' dir='ltr'><strong>ela·</strong></span> 
     </span>
     <span class='ocr_line' id='line_1_23' title="bbox 151 2912 1259 2990; baseline -0.001 -12"><span class='ocrx_word' id='word_1_180' title='bbox 151 2916 276 2978; x_wconf 77' lang='lat' dir='ltr'><strong>inravit</strong></span> <span class='ocrx_word' id='word_1_181' title='bbox 290 2913 330 2976; x_wconf 85' lang='lat' dir='ltr'><strong>ad</strong></span> <span class='ocrx_word' id='word_1_182' title='bbox 346 2912 475 2976; x_wconf 85' lang='lat' dir='ltr'><strong>arbitrii</strong></span> <span class='ocrx_word' id='word_1_183' title='bbox 494 2912 680 2977; x_wconf 82' lang='lat' dir='ltr'><strong>litertatem</strong></span> <span class='ocrx_word' id='word_1_184' title='bbox 701 2916 733 2977; x_wconf 92' lang='lat' dir='ltr'><strong>iu</strong></span> <span class='ocrx_word' id='word_1_185' title='bbox 756 2915 885 2981; x_wconf 83' lang='lat' dir='ltr'><strong>aomina</strong></span> <span class='ocrx_word' id='word_1_186' title='bbox 905 2915 1173 2990; x_wconf 80' lang='lat' dir='ltr'><strong>constituendam,</strong></span> <span class='ocrx_word' id='word_1_187' title='bbox 1194 2932 1259 2977; x_wconf 88' lang='lat' dir='ltr'><strong>ma-</strong></span> 
     </span>
     <span class='ocr_line' id='line_1_24' title="bbox 150 3015 1259 3098; baseline 0 -19"><span class='ocrx_word' id='word_1_188' title='bbox 150 3018 230 3080; x_wconf 79' lang='lat' dir='ltr'><strong>nime</strong></span> <span class='ocrx_word' id='word_1_189' title='bbox 249 3036 271 3079; x_wconf 85' lang='lat' dir='ltr'><strong>e</strong></span> <span class='ocrx_word' id='word_1_190' title='bbox 292 3016 408 3078; x_wconf 88' lang='lat' dir='ltr'><strong>diriois</strong></span> <span class='ocrx_word' id='word_1_191' title='bbox 433 3015 614 3098; x_wconf 72' lang='lat' dir='ltr'><strong>scripturis</strong></span> <span class='ocrx_word' id='word_1_192' title='bbox 636 3017 801 3097; x_wconf 81' lang='lat' dir='ltr'><strong>probans,</strong></span> <span class='ocrx_word' id='word_1_193' title='bbox 821 3036 879 3082; x_wconf 93' lang='lat' dir='ltr'><strong>nos</strong></span> <span class='ocrx_word' id='word_1_194' title='bbox 909 3018 1000 3081; x_wconf 90' lang='lat' dir='ltr'><strong>nobis</strong></span> <span class='ocrx_word' id='word_1_195' title='bbox 1026 3018 1102 3098; x_wconf 91' lang='lat' dir='ltr'><strong>ipsis</strong></span> <span class='ocrx_word' id='word_1_196' title='bbox 1128 3033 1259 3081; x_wconf 88' lang='lat' dir='ltr'><strong>causam</strong></span> 
     </span>
     <span class='ocr_line' id='line_1_25' title="bbox 149 3116 1261 3199; baseline 0.002 -18"><span class='ocrx_word' id='word_1_197' title='bbox 149 3136 212 3181; x_wconf 82' lang='lat' dir='ltr'><strong>esse</strong></span> <span class='ocrx_word' id='word_1_198' title='bbox 226 3118 346 3180; x_wconf 84' lang='lat' dir='ltr'><strong>salutis</strong></span> <span class='ocrx_word' id='word_1_199' title='bbox 370 3118 423 3181; x_wconf 88' lang='lat' dir='ltr'><strong>rel</strong></span> <span class='ocrx_word' id='word_1_200' title='bbox 438 3118 605 3196; x_wconf 88' lang='lat' dir='ltr'><strong>interitns;</strong></span> <span class='ocrx_word' id='word_1_201' title='bbox 627 3117 766 3199; x_wconf 90' lang='lat' dir='ltr'><strong>ideoque</strong></span> <span class='ocrx_word' id='word_1_202' title='bbox 786 3127 876 3181; x_wconf 91' lang='lat' dir='ltr'><strong>recto</strong></span> <span class='ocrx_word' id='word_1_203' title='bbox 891 3116 949 3181; x_wconf 84' lang='lat' dir='ltr'><strong>ttet</strong></span> <span class='ocrx_word' id='word_1_204' title='bbox 961 3118 1086 3199; x_wconf 84' lang='lat' dir='ltr'><strong>jndicio</strong></span> <span class='ocrx_word' id='word_1_205' title='bbox 1100 3120 1132 3181; x_wconf 92' lang='lat' dir='ltr'><strong>io</strong></span> <span class='ocrx_word' id='word_1_206' title='bbox 1148 3118 1261 3183; x_wconf 84' lang='lat' dir='ltr'><strong>tuturo</strong></span> 
     </span>
     <span class='ocr_line' id='line_1_26' title="bbox 149 3216 1261 3301; baseline 0 -18"><span class='ocrx_word' id='word_1_207' title='bbox 149 3221 258 3283; x_wconf 68' lang='lat' dir='ltr'><strong>oecnlo</strong></span> <span class='ocrx_word' id='word_1_208' title='bbox 274 3238 333 3283; x_wconf 88' lang='grc' dir='ltr'><strong>ιιι</strong></span> <span class='ocrx_word' id='word_1_209' title='bbox 349 3220 546 3284; x_wconf 86' lang='lat' dir='ltr'><strong>audituros:</strong></span> <span class='ocrx_word' id='word_1_210' title='bbox 568 3217 672 3281; x_wconf 80' lang='lat' dir='ltr'><strong>venite</strong></span> <span class='ocrx_word' id='word_1_211' title='bbox 685 3216 836 3284; x_wconf 81' lang='lat' dir='ltr'><strong>denedicti</strong></span> <span class='ocrx_word' id='word_1_212' title='bbox 847 3217 955 3283; x_wconf 84' lang='lat' dir='ltr'><strong>Putris</strong></span> <span class='ocrx_word' id='word_1_213' title='bbox 975 3216 1037 3282; x_wconf 87' lang='lat' dir='ltr'><strong>mei</strong></span> <span class='ocrx_word' id='word_1_214' title='bbox 1056 3226 1117 3283; x_wconf 87' lang='lat' dir='ltr'><strong>etc.</strong></span> <span class='ocrx_word' id='word_1_215' title='bbox 1133 3222 1159 3283; x_wconf 91' lang='lat' dir='ltr'><strong>sl</strong></span> <span class='ocrx_word' id='word_1_216' title='bbox 1172 3220 1261 3301; x_wconf 87' lang='lat' dir='ltr'><strong>juste</strong></span> 
     </span>
     <span class='ocr_line' id='line_1_27' title="bbox 148 3318 1262 3401; baseline 0.003 -19"><span class='ocrx_word' id='word_1_217' title='bbox 148 3323 333 3400; x_wconf 71' lang='lat' dir='ltr'><strong>egerimus3</strong></span> <span class='ocrx_word' id='word_1_218' title='bbox 347 3340 406 3384; x_wconf 88' lang='grc' dir='ltr'><strong>ιιι</strong></span> <span class='ocrx_word' id='word_1_219' title='bbox 421 3320 537 3384; x_wconf 84' lang='lat' dir='ltr'><strong>aliter:</strong></span> <span class='ocrx_word' id='word_1_220' title='bbox 551 3319 592 3383; x_wconf 86' lang='lat' dir='ltr'><strong>ite</strong></span> <span class='ocrx_word' id='word_1_221' title='bbox 604 3318 768 3384; x_wconf 80' lang='lat' dir='ltr'><strong>maledieti</strong></span> <span class='ocrx_word' id='word_1_222' title='bbox 786 3319 823 3384; x_wconf 83' lang='lat' dir='ltr'><strong>iu</strong></span> <span class='ocrx_word' id='word_1_223' title='bbox 843 3318 947 3401; x_wconf 83' lang='lat' dir='ltr'><strong>ipucm</strong></span> <span class='ocrx_word' id='word_1_224' title='bbox 968 3330 1140 3384; x_wconf 78' lang='grc' dir='ltr'>ιιιιιιιιι.</span> <span class='ocrx_word' id='word_1_225' title='bbox 1159 3320 1262 3401; x_wconf 81' lang='lat' dir='ltr'><strong>Cujus</strong></span> 
     </span>
     <span class='ocr_line' id='line_1_28' title="bbox 151 3421 1259 3496; baseline 0.005 -17"><span class='ocrx_word' id='word_1_226' title='bbox 151 3422 301 3485; x_wconf 83' lang='lat' dir='ltr'><strong>roesbuli</strong></span> <span class='ocrx_word' id='word_1_227' title='bbox 321 3421 631 3485; x_wconf 79' lang='lat' dir='ltr'><strong>aeteruum&#39;sensnnr</strong></span> <span class='ocrx_word' id='word_1_228' title='bbox 652 3423 692 3485; x_wconf 89' lang='lat' dir='ltr'><strong>de</strong></span> <span class='ocrx_word' id='word_1_229' title='bbox 713 3440 795 3485; x_wconf 86' lang='lat' dir='ltr'><strong>aero</strong></span> <span class='ocrx_word' id='word_1_230' title='bbox 817 3422 1059 3496; x_wconf 86' lang='lat' dir='ltr'><strong>interminabili,</strong></span> <span class='ocrx_word' id='word_1_231' title='bbox 1075 3423 1151 3485; x_wconf 89' lang='lat' dir='ltr'><strong>satis</strong></span> <span class='ocrx_word' id='word_1_232' title='bbox 1167 3431 1259 3485; x_wconf 88' lang='lat' dir='ltr'><strong>antea</strong></span> 
     </span>
     <span class='ocr_line' id='line_1_29' title="bbox 149 3522 1229 3604; baseline 0.001 -20"><span class='ocrx_word' id='word_1_233' title='bbox 149 3522 399 3604; x_wconf 76' lang='lat' dir='ltr'><strong>explanavimus</strong></span> <span class='ocrx_word' id='word_1_234' title='bbox 418 3532 519 3602; x_wconf 86' lang='lat' dir='ltr'><strong>atque</strong></span> <span class='ocrx_word' id='word_1_235' title='bbox 538 3523 580 3585; x_wconf 81' lang='lat' dir='ltr'><strong>alr</strong></span> <span class='ocrx_word' id='word_1_236' title='bbox 600 3523 745 3604; x_wconf 83' lang='lat' dir='ltr'><strong>ejusdem</strong></span> <span class='ocrx_word' id='word_1_237' title='bbox 766 3522 915 3604; x_wconf 76' lang='lat' dir='ltr'><strong>Origenis</strong></span> <span class='ocrx_word' id='word_1_238' title='bbox 936 3542 994 3587; x_wconf 88' lang='lat' dir='ltr'><strong>ore</strong></span> <span class='ocrx_word' id='word_1_239' title='bbox 1015 3522 1229 3589; x_wconf 83' lang='lat' dir='ltr'><strong>definivimus.</strong></span> 
     </span>
    </p>

    <p class='ocr_par' dir='ltr' id='par_1_4' title="bbox 149 3624 1265 4623">
     <span class='ocr_line' id='line_1_30' title="bbox 226 3624 1263 3708; baseline 0.001 -20"><span class='ocrx_word' id='word_1_240' title='bbox 226 3624 444 3705; x_wconf 79' lang='lat' dir='ltr'><strong>Quapropter</strong></span> <span class='ocrx_word' id='word_1_241' title='bbox 473 3644 513 3689; x_wconf 93' lang='lat' dir='ltr'><strong>ne</strong></span> <span class='ocrx_word' id='word_1_242' title='bbox 534 3626 566 3687; x_wconf 93' lang='lat' dir='ltr'><strong>iu</strong></span> <span class='ocrx_word' id='word_1_243' title='bbox 593 3627 775 3691; x_wconf 90' lang='lat' dir='ltr'><strong>anthitesim</strong></span> <span class='ocrx_word' id='word_1_244' title='bbox 796 3646 908 3690; x_wconf 89' lang='lat' dir='ltr'><strong>secum</strong></span> <span class='ocrx_word' id='word_1_245' title='bbox 931 3628 1001 3708; x_wconf 92' lang='lat' dir='ltr'><strong>ipso</strong></span> <span class='ocrx_word' id='word_1_246' title='bbox 1029 3646 1067 3692; x_wconf 88' lang='lat' dir='ltr'><strong>ac</strong></span> <span class='ocrx_word' id='word_1_247' title='bbox 1088 3625 1200 3689; x_wconf 88' lang='lat' dir='ltr'><strong>eodem</strong></span> <span class='ocrx_word' id='word_1_248' title='bbox 1222 3626 1263 3689; x_wconf 86' lang='lat' dir='ltr'><strong>de</strong></span> 
     </span>
     <span class='ocr_line' id='line_1_31' title="bbox 149 3727 1264 3809; baseline 0.004 -24"><span class='ocrx_word' id='word_1_249' title='bbox 149 3733 342 3806; x_wconf 72' lang='lat' dir='ltr'><strong>argumento</strong></span> <span class='ocrx_word' id='word_1_250' title='bbox 363 3728 564 3806; x_wconf 82' lang='lat' dir='ltr'><strong>reperiamus</strong></span> <span class='ocrx_word' id='word_1_251' title='bbox 592 3729 793 3802; x_wconf 78' lang='lat' dir='ltr'><strong>Auctorem,</strong></span> <span class='ocrx_word' id='word_1_252' title='bbox 816 3727 888 3809; x_wconf 85' lang='lat' dir='ltr'><strong>ejus</strong></span> <span class='ocrx_word' id='word_1_253' title='bbox 908 3736 1048 3791; x_wconf 89' lang='lat' dir='ltr'><strong>mentem</strong></span> <span class='ocrx_word' id='word_1_254' title='bbox 1069 3747 1111 3791; x_wconf 85' lang='lat' dir='ltr'><strong>ex</strong></span> <span class='ocrx_word' id='word_1_255' title='bbox 1134 3738 1264 3808; x_wconf 85' lang='lat' dir='ltr'><strong>praece·</strong></span> 
     </span>
     <span class='ocr_line' id='line_1_32' title="bbox 149 3826 1264 3909; baseline 0.003 -22"><span class='ocrx_word' id='word_1_256' title='bbox 149 3826 298 3889; x_wconf 87' lang='lat' dir='ltr'><strong>dentibus</strong></span> <span class='ocrx_word' id='word_1_257' title='bbox 318 3838 516 3891; x_wconf 87' lang='lat' dir='ltr'><strong>scrutemur.</strong></span> <span class='ocrx_word' id='word_1_258' title='bbox 541 3828 644 3893; x_wconf 83' lang='lat' dir='ltr'><strong>Panlo</strong></span> <span class='ocrx_word' id='word_1_259' title='bbox 666 3839 739 3893; x_wconf 91' lang='lat' dir='ltr'><strong>ante</strong></span> <span class='ocrx_word' id='word_1_260' title='bbox 761 3830 844 3893; x_wconf 89' lang='lat' dir='ltr'><strong>euim</strong></span> <span class='ocrx_word' id='word_1_261' title='bbox 862 3832 973 3894; x_wconf 90' lang='lat' dir='ltr'><strong>docuit</strong></span> <span class='ocrx_word' id='word_1_262' title='bbox 992 3832 1081 3909; x_wconf 89' lang='lat' dir='ltr'><strong>ipse,</strong></span> <span class='ocrx_word' id='word_1_263' title='bbox 1105 3828 1174 3891; x_wconf 82' lang='lat' dir='ltr'><strong>fleri</strong></span> <span class='ocrx_word' id='word_1_264' title='bbox 1192 3846 1264 3908; x_wconf 89' lang='lat' dir='ltr'><strong>pos·</strong></span> 
     </span>
     <span class='ocr_line' id='line_1_33' title="bbox 149 3929 1264 4009; baseline 0.002 -19"><span class='ocrx_word' id='word_1_265' title='bbox 149 3947 191 4001; x_wconf 88' lang='lat' dir='ltr'><strong>se,</strong></span> <span class='ocrx_word' id='word_1_266' title='bbox 208 3929 378 3991; x_wconf 82' lang='lat' dir='ltr'><strong>hominem</strong></span> <span class='ocrx_word' id='word_1_267' title='bbox 397 3948 439 3992; x_wconf 85' lang='lat' dir='ltr'><strong>ex</strong></span> <span class='ocrx_word' id='word_1_268' title='bbox 459 3948 539 3993; x_wconf 85' lang='lat' dir='ltr'><strong>snae</strong></span> <span class='ocrx_word' id='word_1_269' title='bbox 561 3931 737 3995; x_wconf 81' lang='lat' dir='ltr'><strong>veluntatis</strong></span> <span class='ocrx_word' id='word_1_270' title='bbox 756 3933 931 4009; x_wconf 85' lang='lat' dir='ltr'><strong>arbitratu,</strong></span> <span class='ocrx_word' id='word_1_271' title='bbox 947 3933 1023 3995; x_wconf 87' lang='lat' dir='ltr'><strong>duro</strong></span> <span class='ocrx_word' id='word_1_272' title='bbox 1047 3932 1078 3993; x_wconf 91' lang='lat' dir='ltr'><strong>in</strong></span> <span class='ocrx_word' id='word_1_273' title='bbox 1095 3931 1157 3993; x_wconf 85' lang='lat' dir='ltr'><strong>lroc</strong></span> <span class='ocrx_word' id='word_1_274' title='bbox 1171 3938 1264 3993; x_wconf 90' lang='lat' dir='ltr'><strong>mno-</strong></span> 
     </span>
     <span class='ocr_line' id='line_1_34' title="bbox 151 4027 1264 4109; baseline 0.004 -18"><span class='ocrx_word' id='word_1_275' title='bbox 151 4027 307 4109; x_wconf 72' lang='lat' dir='ltr'><strong>dodegit,</strong></span> <span class='ocrx_word' id='word_1_276' title='bbox 329 4046 348 4091; x_wconf 95' lang='lat' dir='ltr'><strong>a</strong></span> <span class='ocrx_word' id='word_1_277' title='bbox 366 4030 582 4093; x_wconf 86' lang='lat' dir='ltr'><strong>deterioribus</strong></span> <span class='ocrx_word' id='word_1_278' title='bbox 603 4027 641 4094; x_wconf 87' lang='lat' dir='ltr'><strong>ad</strong></span> <span class='ocrx_word' id='word_1_279' title='bbox 666 4032 800 4096; x_wconf 88' lang='lat' dir='ltr'><strong>meliora</strong></span> <span class='ocrx_word' id='word_1_280' title='bbox 818 4036 967 4108; x_wconf 89' lang='lat' dir='ltr'><strong>transire,</strong></span> <span class='ocrx_word' id='word_1_281' title='bbox 989 4034 1083 4098; x_wconf 90' lang='lat' dir='ltr'><strong>sicuti</strong></span> <span class='ocrx_word' id='word_1_282' title='bbox 1108 4049 1125 4095; x_wconf 94' lang='lat' dir='ltr'><strong>a</strong></span> <span class='ocrx_word' id='word_1_283' title='bbox 1153 4033 1264 4096; x_wconf 80' lang='lat' dir='ltr'><strong>melin·</strong></span> 
     </span>
     <span class='ocr_line' id='line_1_35' title="bbox 152 4128 1264 4215; baseline 0.004 -24"><span class='ocrx_word' id='word_1_284' title='bbox 152 4130 241 4193; x_wconf 84' lang='lat' dir='ltr'><strong>ribus</strong></span> <span class='ocrx_word' id='word_1_285' title='bbox 263 4129 304 4191; x_wconf 87' lang='lat' dir='ltr'><strong>ad</strong></span> <span class='ocrx_word' id='word_1_286' title='bbox 326 4128 489 4194; x_wconf 84' lang='lat' dir='ltr'><strong>deteriora</strong></span> <span class='ocrx_word' id='word_1_287' title='bbox 517 4134 689 4196; x_wconf 79' lang='lat' dir='ltr'><strong>transverti</strong></span> <span class='ocrx_word' id='word_1_288' title='bbox 701 4154 713 4213; x_wconf 90' lang='lat'>;</span> <span class='ocrx_word' id='word_1_289' title='bbox 744 4133 946 4215; x_wconf 84' lang='lat' dir='ltr'><strong>proindeque</strong></span> <span class='ocrx_word' id='word_1_290' title='bbox 969 4152 1009 4198; x_wconf 81' lang='lat' dir='ltr'><strong>ex</strong></span> <span class='ocrx_word' id='word_1_291' title='bbox 1032 4134 1163 4197; x_wconf 87' lang='lat' dir='ltr'><strong>honoris</strong></span> <span class='ocrx_word' id='word_1_292' title='bbox 1190 4150 1264 4196; x_wconf 82' lang='lat' dir='ltr'><strong>vase</strong></span> 
     </span>
     <span class='ocr_line' id='line_1_36' title="bbox 152 4220 1264 4315; baseline 0.005 -26"><span class='ocrx_word' id='word_1_293' title='bbox 152 4226 217 4292; x_wconf 83' lang='lat' dir='ltr'><strong>ieri</strong></span> <span class='ocrx_word' id='word_1_294' title='bbox 243 4247 299 4293; x_wconf 84' lang='lat' dir='ltr'><strong>ras</strong></span> <span class='ocrx_word' id='word_1_295' title='bbox 320 4232 549 4307; x_wconf 90' lang='lat' dir='ltr'><strong>contumeliae,</strong></span> <span class='ocrx_word' id='word_1_296' title='bbox 572 4241 605 4295; x_wconf 92' lang='grc' dir='ltr'><strong>ιι</strong></span> <span class='ocrx_word' id='word_1_297' title='bbox 625 4252 643 4295; x_wconf 89' lang='grc' dir='ltr'><strong>ι</strong></span> <span class='ocrx_word' id='word_1_298' title='bbox 664 4242 795 4313; x_wconf 84' lang='grc' dir='ltr'>ιιιιιι;</span> <span class='ocrx_word' id='word_1_299' title='bbox 811 4237 889 4315; x_wconf 89' lang='lat' dir='ltr'><strong>quin</strong></span> <span class='ocrx_word' id='word_1_300' title='bbox 911 4233 983 4298; x_wconf 84' lang='lat' dir='ltr'><strong>tude</strong></span> <span class='ocrx_word' id='word_1_301' title='bbox 1003 4234 1082 4297; x_wconf 86' lang='lat' dir='ltr'><strong>nihil</strong></span> <span class='ocrx_word' id='word_1_302' title='bbox 1101 4220 1264 4297; x_wconf 85' lang='lat' dir='ltr'><strong>deducen-</strong></span> 
     </span>
     <span class='ocr_line' id='line_1_37' title="bbox 154 4331 1264 4409; baseline 0.005 -18"><span class='ocrx_word' id='word_1_303' title='bbox 154 4331 229 4395; x_wconf 89' lang='lat' dir='ltr'><strong>durn</strong></span> <span class='ocrx_word' id='word_1_304' title='bbox 245 4332 299 4409; x_wconf 87' lang='lat' dir='ltr'><strong>sit,</strong></span> <span class='ocrx_word' id='word_1_305' title='bbox 315 4332 371 4397; x_wconf 91' lang='lat' dir='ltr'><strong>tali</strong></span> <span class='ocrx_word' id='word_1_306' title='bbox 389 4333 564 4399; x_wconf 80' lang='lat' dir='ltr'><strong>voluntatis</strong></span> <span class='ocrx_word' id='word_1_307' title='bbox 578 4336 714 4400; x_wconf 89' lang='lat' dir='ltr'><strong>arbitrio</strong></span> <span class='ocrx_word' id='word_1_308' title='bbox 729 4353 848 4402; x_wconf 90' lang='lat' dir='ltr'><strong>usuros</strong></span> <span class='ocrx_word' id='word_1_309' title='bbox 863 4338 894 4400; x_wconf 89' lang='lat' dir='ltr'><strong>in</strong></span> <span class='ocrx_word' id='word_1_310' title='bbox 910 4336 1024 4400; x_wconf 81' lang='lat' dir='ltr'><strong>tuturo</strong></span> <span class='ocrx_word' id='word_1_311' title='bbox 1037 4336 1149 4401; x_wconf 88' lang='lat' dir='ltr'><strong>seculo</strong></span> <span class='ocrx_word' id='word_1_312' title='bbox 1164 4336 1264 4399; x_wconf 89' lang='lat' dir='ltr'><strong>boons</strong></span> 
     </span>
     <span class='ocr_line' id='line_1_38' title="bbox 153 4434 1265 4520; baseline 0.004 -23"><span class='ocrx_word' id='word_1_313' title='bbox 153 4434 192 4497; x_wconf 76' lang='lat' dir='ltr'><strong>ric</strong></span> <span class='ocrx_word' id='word_1_314' title='bbox 213 4441 256 4496; x_wconf 88' lang='lat' dir='ltr'><strong>ut</strong></span> <span class='ocrx_word' id='word_1_315' title='bbox 274 4434 309 4496; x_wconf 92' lang='lat' dir='ltr'><strong>in</strong></span> <span class='ocrx_word' id='word_1_316' title='bbox 330 4435 454 4498; x_wconf 88' lang='lat' dir='ltr'><strong>malum</strong></span> <span class='ocrx_word' id='word_1_317' title='bbox 469 4440 614 4501; x_wconf 81' lang='lat' dir='ltr'><strong>converti</strong></span> <span class='ocrx_word' id='word_1_318' title='bbox 631 4438 764 4518; x_wconf 90' lang='lat' dir='ltr'><strong>possint,</strong></span> <span class='ocrx_word' id='word_1_319' title='bbox 780 4446 813 4501; x_wconf 90' lang='lat' dir='ltr'><strong>et</strong></span> <span class='ocrx_word' id='word_1_320' title='bbox 832 4438 981 4503; x_wconf 86' lang='lat' dir='ltr'><strong>similiter</strong></span> <span class='ocrx_word' id='word_1_321' title='bbox 995 4456 1125 4520; x_wconf 84' lang='lat' dir='ltr'><strong>prasos,</strong></span> <span class='ocrx_word' id='word_1_322' title='bbox 1149 4444 1186 4502; x_wconf 95' lang='lat' dir='ltr'><strong>ut</strong></span> <span class='ocrx_word' id='word_1_323' title='bbox 1200 4454 1265 4501; x_wconf 85' lang='lat' dir='ltr'><strong>rne-</strong></span> 
     </span>
     <span class='ocr_line' id='line_1_39' title="bbox 153 4533 967 4623; baseline 0.002 -24"><span class='ocrx_word' id='word_1_324' title='bbox 153 4533 267 4599; x_wconf 82' lang='lat' dir='ltr'><strong>lierem</strong></span> <span class='ocrx_word' id='word_1_325' title='bbox 289 4545 508 4618; x_wconf 83' lang='lat' dir='ltr'><strong>assequantur</strong></span> <span class='ocrx_word' id='word_1_326' title='bbox 527 4548 659 4616; x_wconf 88' lang='lat' dir='ltr'><strong>statum,</strong></span> <span class='ocrx_word' id='word_1_327' title='bbox 683 4560 700 4603; x_wconf 87' lang='lat' dir='ltr'><strong>a</strong></span> <span class='ocrx_word' id='word_1_328' title='bbox 723 4542 833 4623; x_wconf 87' lang='lat' dir='ltr'><strong>poenis</strong></span> <span class='ocrx_word' id='word_1_329' title='bbox 854 4542 967 4622; x_wconf 88' lang='lat' dir='ltr'><strong>erepti.</strong></span> 
     </span>
    </p>
   </div>
   <div class='ocr_carea' id='block_1_3' title="bbox 0 0 1692 5567">
    <p class='ocr_par' dir='ltr' id='par_1_5' title="bbox 0 0 1692 5567">
     <span class='ocr_line' id='line_1_40' title="bbox 0 0 1692 5567; baseline 0 1"><span class='ocrx_word' id='word_1_330' title='bbox 0 0 1692 5567; x_wconf 95' lang='lat' dir='ltr'><strong> </strong></span> 
     </span>
    </p>
   </div>
  </div>
 </body>
</html>
