3375 5567
471 694 531 762 ¹⁵8
865 756 1033 863 :caetis
1055 796 1158 861 xvii.

469 995 606 1079 Specicii
625 996 847 1080 disquisitione
867 999 1074 1065 enucleantur
1106 996 1255 1081 origenis
1275 1014 1384 1060 seusus
1403 997 1439 1059 dc
1458 996 1569 1077 augelis

507 1099 691 1181 apostaticis
711 1099 746 1164 ia
770 1099 871 1164 libris
888 1100 1073 1183 praesertim
1095 1100 1302 1165 Perinrcbnn.

469 1321 569 1444 Post
591 1383 683 1455 baec,
706 1383 858 1447 diluenda
878 1394 1005 1448 manent
1026 1402 1109 1463 quae
1129 1382 1241 1447 scribit
1255 1381 1462 1445 Adamantius
1476 1381 1505 1442 in
1525 1377 1569 1442 Li·

469 1483 529 1545 bro
547 1481 571 1547 Ι.
587 1482 631 1547 ba
646 1482 821 1564 Principiis
830 1486 916 1549 cirea
930 1484 1075 1549 inturam
1087 1484 1282 1548 doemonum
1298 1484 1521 1563 poenitentium
1534 1483 1569 1543 si·

469 1585 680 1663 resalutem5
703 1586 742 1647 de
763 1587 859 1668 cujus
877 1586 988 1648 ¹uerbis
1010 1584 1148 1649 manime
1172 1584 1284 1647 cilensi
1305 1593 1380 1648 sunt
1399 1582 1569 1661 Scriptores

467 1683 696 1766 ecclesiastici3
710 1696 743 1749 et
758 1687 789 1747 in
804 1704 888 1766 qnae
904 1688 1047 1765 (iuquam
1069 1684 1141 1763 egoi
1155 1684 1360 1747 offenderunt
1381 1685 1569 1764 potissimum

374 1780 377 1785 ’
468 1783 588 1856 iidem,
611 1785 697 1848 bnud
725 1804 830 1866 aeque
854 1788 951 1850 verbu
981 1786 1092 1849 endem
1122 1785 1337 1864 interpretati.
1369 1783 1411 1850 lit
1440 1786 1568 1865 primum

466 1885 598 1964 quidem
618 1886 675 1950 bie
688 1896 802 1951 notare
816 1905 876 1968 par
894 1885 1043 1966 estquod
1058 1882 1198 1947 llnetius
1215 1884 1311 1947 trudit
1333 1885 1372 1947 de
1387 1884 1481 1947 Petro
1503 1883 1570 1947 llal·

466 1982 582 2060 letoio,
598 1988 654 2065 qni
675 1988 849 2067 Origenem
865 1989 906 2049 ab
929 1988 990 2051 boe
1005 1986 1119 2049 mendo
1141 1986 1180 2047 de
1196 1984 1406 2049 doemonibus
1422 1988 1569 2065 quasise

466 2086 668 2167 sipisccntine
682 2089 855 2169 capacibus
876 2088 1045 2151 absolvere
1060 2097 1195 2151 conatus
1210 2097 1275 2161 est:
1294 2110 1309 2149 o
1326 2086 1441 2151 Petrus
1459 2086 1569 2149 llalloi·

468 2188 542 2251 xius
557 2189 613 2264 (ait
623 2186 764 2253 lluetius
774 2191 806 2251 in
821 2186 1019 2264 Quaestione
1031 2187 1086 2251 xi.
1100 2208 1131 2251 n.
1145 2186 1210 2263 25.)
1223 2188 1491 2267 origenianarum
1507 2204 1570 2267 par-

468 2289 549 2351 tium
567 2289 696 2369 insignis
711 2299 879 2369 patronus,
893 2289 1023 2353 duobus
1038 2290 1107 2353 lare
1123 2290 1225 2353 modis
1240 2290 1405 2372 objectum
1420 2290 1569 2352 Adaman-

468 2390 513 2453 tio
527 2391 651 2455 crimen
666 2393 794 2455 emoliri
808 2392 928 2455 studet.
945 2389 1027 2455 Nem
1045 2391 1094 2455 vel
1111 2408 1187 2455 enm
1201 2392 1309 2455 studet
1325 2392 1495 2455 ostendere
1516 2407 1569 2451 non

466 2490 585 2554 dixisse
605 2492 736 2572 quidem
758 2493 925 2556 damnatos
945 2502 979 2558 et
998 2493 1038 2556 ad
1060 2495 1231 2573 superiora
1265 2510 1495 2572 regressuros,
1521 2489 1568 2554 sed

467 2591 595 2669 regredi
611 2600 735 2656 uatum
750 2609 865 2672 posse;
887 2592 987 2672 idque
1007 2594 1104 2657 certis
1120 2592 1314 2673 quibusdam
1327 2592 1568 2663 conditionibus,

466 2709 551 2771 quae
571 2710 647 2756 cum
667 2696 857 2776 neutiquam
880 2694 999 2773 possint
1019 2696 1226 2774 contingere,
1243 2706 1321 2757 ¹non
1343 2693 1441 2757 aliter
1462 2692 1568 2755 iutelli-

464 2791 604 2871 gendum
624 2792 797 2874 Origenem
818 2796 904 2857 acsi
925 2796 1011 2858 omni
1033 2796 1159 2876 penitus
1183 2795 1373 2859 liberatione
1395 2792 1565 2864 diabolum,

463 2893 697 2976 damnatusque
712 2895 856 2959 homines
872 2897 1039 2974 privasset.
1062 2894 1267 2959 Conditioues
1282 2902 1391 2957 autem
1407 2895 1484 2958 illae
1502 2900 1569 2957 snnt

463 2995 667 3076 hujusmodi,
682 3014 776 3076 posse
788 2997 920 3076 angelos
935 3004 968 3060 et
989 2996 1098 3060 beatos
1119 2998 1158 3058 sd
1175 3000 1238 3060 ima
1261 2994 1425 3077 provolvi,
1440 2997 1467 3059 si
1482 2995 1569 3057 liber·

467 3103 533 3159 tate
552 3104 679 3161 utentes
699 3097 839 3173 arbitrii,
862 3115 880 3160 a
904 3099 1024 3162 virtute
1053 3098 1225 3177 deliciant3
1254 3116 1293 3162 uc
1312 3116 1331 3161 e
1351 3100 1515 3161 contrario
1534 3094 1569 3156 ad

461 3216 589 3263 summa
604 3216 698 3279 posse
717 3198 883 3263 damnatos
904 3208 937 3263 st
950 3200 1122 3263 doemones
1143 3180 1326 3280 pervenire,
1348 3200 1374 3261 si
1397 3201 1499 3280 gratia
1520 3196 1569 3258 ad·

460 3300 525 3380 iuti
538 3299 659 3375 diviua,
674 3299 972 3381 resipiscantllnm
983 3309 1095 3365 suum
1114 3302 1209 3365 auito
1224 3318 1360 3382 prorsus
1377 3302 1473 3365 modo
1488 3301 1569 3363 lutu-

465 3420 539 3465 rum
559 3402 614 3475 sit,
630 3412 667 3465 ut
688 3404 721 3466 bi
742 3404 941 3483 resipiscant,
959 3410 992 3467 et
1004 3403 1052 3467 illi
1067 3423 1084 3465 a
1102 3406 1223 3468 virtute
1240 3402 1404 3467 deficiant:
1424 3406 1496 3469 binc
1509 3400 1569 3464 col·

464 3502 536 3583 ligii
555 3501 753 3580 flalioixius,
774 3504 968 3567 arbitratum
991 3504 1090 3569 luisse
1110 3503 1282 3585 Origenem
1304 3523 1362 3567 nee
1384 3522 1402 3567 a
1426 3506 1569 3567 beatitate

464 3604 647 3684 dilapsuros
668 3605 755 3680 illos,
771 3622 829 3667 uec
852 3604 909 3668 bos
931 3608 1041 3684 poenis
1062 3607 1101 3669 iri
1115 3606 1301 3669 liberatum.
1319 3604 1441 3681 (lours,
1457 3606 1568 3686 inquit,

462 3703 584 3785 quotics
601 3702 682 3767 dicit
703 3703 876 3785 Origenes,
899 3704 1060 3768 diabolum
1083 3724 1174 3786 posse
1192 3704 1330 3781 salvari,
1352 3704 1569 3785 intelligendus

463 3813 508 3869 est
526 3804 629 3869 dicere
648 3825 687 3868 ec
703 3816 796 3886 porte
811 3816 963 3881 naturae,
983 3824 1047 3869 aon
1066 3826 1106 3868 cc
1123 3814 1214 3887 porte
1229 3802 1389 3877 molitione
1410 3808 1476 3867 ciue
1496 3806 1571 3888 qaod

465 3917 584 3970 obturo
602 3907 669 3989 ejus
689 3906 816 3970 nonsit
835 3925 1018 3987 repugnans
1037 3906 1147 3970 soluti.
1162 3906 1231 3971 lloc
1250 3905 1332 3970 caim
1353 3905 1493 3969 tenebant
1523 3906 1570 3968 Va·

464 4007 645 4072 leutiaicai.
663 4006 768 4084 Quam
783 4008 865 4071 levis
879 4008 921 4071 sit
933 4009 1012 4071 baec
1026 4010 1207 4085 excusatio,
1222 4009 1312 4083 satis,
1328 4010 1357 4069 ni
1371 4008 1483 4081 iallor,
1500 4028 1569 4089 pro·

465 4112 576 4173 butum
592 4120 641 4173 est
654 4110 878 4191 superioribus
894 4109 1094 4184 testimoniis,
1110 4127 1195 4189 quae
1213 4126 1275 4171 non
1291 4110 1499 4191 byputbctice
1517 4108 1566 4170 sed

462 4211 612 4275 absolute
632 4219 665 4275 et
683 4211 874 4291 simpliciter
905 4209 1090 4276 felicitatem
1112 4211 1269 4273 damnatis
1298 4219 1331 4273 et
1362 4210 1567 4273 doemonibus

464 4312 661 4392 pollicentur
681 4319 742 4376 etc.
764 4332 782 4368 o
1208 4354 1214 4365 -

546 4411 592 4477 ltn
605 4411 744 4478 lluetius
757 4430 834 4475 eum
849 4412 880 4471 in
902 4410 1051 4475 omuibus
1066 4411 1236 4492 bucusque
1257 4412 1396 4487 censitis,
1416 4406 1566 4490 quemad·

466 4525 598 4591 modum
616 4516 811 4589 statuimus,
833 4512 972 4587 illusus,
996 4513 1027 4575 in
1055 4514 1196 4592 Origene
1222 4514 1397 4593 reprobare
1425 4510 1565 4578 studuit,
