3375 5567
440 776 774 864 llierosolpmitonnm
795 794 860 841 non
879 770 1029 858 Origenis
1042 772 1237 843 verbotenus
1258 778 1457 863 descripsisse
1474 801 1530 846 scr·

438 897 572 954 mones,
596 897 710 945 rorum
733 887 872 944 mentem
892 898 984 943 snam
1007 882 1255 961 interpretatum
1273 882 1380 947 inissa.
1399 882 1531 949 Fortasse

439 983 570 1047 veroid
593 985 719 1063 pulerit
734 980 887 1062 1111ιί115
909 1002 1012 1063 quum
1034 982 1148 1047 nullibi
1159 983 1343 1065 hujusmodi
1367 1004 1531 1051 sensuscx·

437 1084 585 1164 posuerit
597 1083 755 1163 Origenes
776 1085 882 1146 necin
903 1084 1009 1164 primo
1023 1102 1083 1147 nec
1102 1085 1304 1158 insecundo,
1326 1086 1531 1166 nequamultn

438 1185 542 1248 minus
562 1188 595 1249 in
616 1194 736 1265 quarto
758 1182 802 1247 Da
821 1180 1057 1248 Resurrectiorse
1071 1184 1166 1247 libro.
1189 1183 1237 1248 111
1245 1186 1308 1249 lroe
1329 1187 1412 1249 enim
1426 1194 1531 1267 quarto

436 1286 539 1361 libro,
558 1304 655 1367 quem
677 1288 755 1351 citat
775 1284 1005 1367 Hieronymus,
1028 1286 1118 1350 nulla
1140 1286 1359 1351 sdsstmentio
1380 1289 1462 1368 opud
1477 1286 1533 1351 Eu·

439 1388 575 1452 sellium·
594 1398 628 1452 et
646 1407 672 1451 s.
697 1387 912 1467 Pamphilum.
937 1386 1124 1464 Quinimmo
1150 1406 1192 1453 ex
1212 1406 1237 1452 s.
1261 1387 1417 1474 Martyris
1442 1388 1533 1451 seriis

439 1490 583 1561 cruitur,
606 1490 829 1552 tantummodo
850 1490 909 1551 hos
930 1488 1011 1553 duos
1032 1487 1204 1553 ’1111111111
1225 1492 1421 1571 compegisse
1434 1488 1534 1569 Orige

439 1610 512 1655 nem
534 1589 690 1653 adversus
712 1589 959 1653 resurrectionis
982 1590 1193 1669 mentitores3
1215 1607 1359 1669 quorum
1380 1590 1534 1653 sententias

439 1694 565 1775 proiert
584 1691 681 1755 dirus
702 1689 831 1775 Mertyr
851 1699 962 1754 contra
985 1692 1085 1770 ipsius
1105 1690 1253 1771 origenis
1276 1693 1394 1755 hostes.
1424 1688 1535 1768 Quibus

438 1793 618 1876 expositis,
638 1793 682 1857 sit
709 1810 746 1855 se
771 1810 814 1855 ex
834 1791 1105 1868 Commentariis,
1136 1810 1220 1873 quos
1252 1790 1380 1857 doctor
1406 1792 1537 1855 elabora·

442 1896 527 1961 verit
547 1896 580 1957 in
600 1893 786 1976 Scripturas
808 1910 929 1969 sacras,
952 1894 1025 1957 ideo
1048 1894 1245 1973 decerpsisse
1266 1894 1459 1972 testimonis3
1472 1894 1537 1973 quio

441 2016 500 2062 neo
511 1997 643 2061 tertium
658 2015 717 2060 uec
736 2003 891 2075 quartum
910 2004 1071 2076 supponat
1085 1996 1124 2059 de
1138 1995 1198 2059 lrso
1212 1997 1403 2076 quaestione
1417 1995 1536 2059 librum:

441 2098 527 2164 uude
537 2098 727 2163 excluditur
739 2097 826 2177 quod
840 2104 979 2161 testetur
990 2094 1206 2181 Hieronymus
1221 2098 1290 2163 sire
1304 2098 1345 2161 de
1356 2100 1441 2161 libro
1453 2112 1538 2178 quor·

441 2210 489 2273 to,
509 2217 568 2264 seu
587 2198 629 2263 de
648 2198 817 2263 erroribus
837 2197 999 2279 Origenis.
1281 2270 1284 2275 ,

521 2295 753 2365 Verumtamen
774 2301 887 2381 (qnod
909 2299 1083 2364 admodum
1105 2300 1338 2383 uostrnanrat
1360 2299 1539 2383 disquisitio-

442 2405 525 2482 nes)
552 2403 653 2485 slqnis
684 2404 763 2468 velit
790 2404 977 2467 accuratius
1003 2404 1102 2486 hujus
1123 2404 1320 2485 praesumpti
1348 2404 1424 2467 libri
1445 2400 1538 2485 quarti

445 2506 646 2586 perscrutari
668 2506 801 2582 iontem,
823 2504 967 2570 arbitror
986 2505 1091 2587 ipsum
1113 2504 1287 2572 coollatum
1315 2506 1417 2571 inisse
1438 2504 1538 2587 portin

441 2626 483 2671 ex
504 2606 745 2672 Commentario
765 2608 798 2671 in
819 2605 983 2671 Psalmnm
1005 2608 1159 2689 primum,
1192 2626 1288 2689 quem
1310 2626 1419 2691 nuper
1440 2624 1539 2673 excus-

439 2708 553 2784 simus,
576 2710 693 2789 partim
713 2708 932 2783 succendo,
954 2726 1051 2789 quem
1073 2709 1150 2771 citst
1170 2728 1195 2773 s.
1218 2708 1409 2791 Pamphilus
1432 2708 1472 2772 lia
1490 2704 1537 2771 lo-

441 2806 635 2873 surracta'ooc
654 2808 789 2886 librum,
811 2817 956 2890 utroque
977 2810 1299 2889 tameninterpolsto‚
1322 2827 1363 2875 sc
1376 2811 1477 2892 glossa
1496 2824 1539 2869 ar·

446 2911 579 2974 loitrario
601 2911 765 2986 adaucto,
787 2917 821 2972 ct
840 2909 986 2992 ejusdem
1006 2909 1156 2992 Origeois
1178 2911 1303 2975 munito
1327 2913 1465 2975 nomine.
1485 2908 1538 2986 Qui

442 3011 557 3077 deiude
577 3012 609 3074 in
629 3030 743 3077 monus
763 3010 881 3075 decidit
900 3030 926 3076 s.
950 3009 1162 3095 Hieronymi,
1185 3012 1324 3077 undeet
1349 3014 1417 3094 ipso
1437 3012 1539 3077 illusus

444 3113 623 3178 Auctorem
644 3121 791 3177 nostrum
813 3114 985 3194 corripuit,
1007 3114 1038 3175 iu
1059 3130 1126 3194 quo
1147 3132 1210 3177 noo
1231 3117 1365 3179 errarit.
1390 3112 1491 3195 Atque
1509 3116 1539 3173 ut

443 3232 514 3279 rem
544 3216 587 3277 ita
608 3232 644 3278 sc
674 3214 795 3277 habere
815 3220 946 3294 potest,
974 3213 1071 3277 rerba
1094 3220 1126 3278 ct
1156 3231 1268 3279 sensus
1294 3215 1451 3297 suppositi
1475 3209 1538 3275 libri

446 3317 556 3396 quarti
576 3332 595 3377 1
615 3334 642 3379 a.
666 3313 808 3380 Doctoro
828 3315 930 3391 citati,
952 3314 1017 3379 illic
1038 3326 1281 3396 comparentur,
1301 3333 1388 3397 quae
1408 3334 1449 3378 cx
1467 3313 1540 3375 lioro

446 3415 749 3499 genuino-secundo
779 3416 876 3479 tradit
896 3435 921 3480 s.
955 3413 1094 3501 Martyr.
1116 3414 1147 3481 is
1168 3416 1277 3499 itaque
1298 3420 1331 3481 11
1353 3413 1540 3499 Apologetici

443 3519 549 3600 sopite
577 3516 649 3581 vll.
671 3518 727 3582 ulit
754 3516 904 3599 (trigenis
925 3517 1160 3584 declarationes
1190 3520 1314 3601 colligit
1333 3520 1375 3585 dc
1397 3530 1538 3601 corporea

445 3619 698 3693 resurrectione,
718 3619 822 3700 inquit
841 3620 947 3701 ipsum
975 3620 1006 3681 in
1027 3621 1169 3685 secundo
1189 3622 1276 3685 ltbro
1296 3622 1390 3702 quasi
1417 3620 1457 3684 ad
1476 3633 1540 3700 gen·

445 3720 519 3783 tiles
539 3736 722 3784 sermonem
745 3729 874 3785 vertere
895 3721 1093 3803 hujusmodi.

459 3899 581 3985 roro*
596 3920 743 4004 Origaos's
762 3942 784 3987 o
803 3942 829 3986 a.
853 3904 1022 4005 Pamphilo
1042 3922 1160 3991 citatus
1181 3935 1209 3989 at
1228 3945 1249 3990 o
1269 3922 1403 4009 iiusfirco
1422 3940 1527 3988 111111.

525 4143 542 4181 a
558 4120 626 4188 Nos
637 4143 716 4189 vcro
731 4126 822 4207 (dicit
834 4127 1003 4210 Origenes)
1019 4134 1091 4210 post
1106 4129 1216 4193 muudi
1231 4130 1469 4211 corruptionem
1483 4140 1540 4188 eos·

447 4222 521 4286 dem
542 4224 627 4306 ipsos
649 4226 779 4293 loturos
800 4246 870 4294 esse
892 4231 1036 4295 homines
1057 4231 1206 4309 dicimus,
1229 4232 1378 4297 licetoorr
1399 4228 1540 4293 lneodem

447 4331 548 4401 statu,
565 4344 672 4407 oeque
692 4332 725 4393 io
736 4329 849 4395 iisdem
870 4332 1081 4412 passionibus.
1095 4332 1168 4398 Non
1188 4334 1272 4398 euim
1287 4335 1405 4397 iterum
1426 4350 1465 4395 ex
1478 4342 1541 4391 con·

450 4426 599 4491 ventione
622 4430 682 4493 riri
703 4439 737 4494 et
757 4432 904 4497 mulieris
924 4445 1034 4512 erunt,
1055 4436 1123 4514 sed,
1146 4437 1238 4501 verbi
1263 4437 1378 4517 gratim
1400 4450 1435 4497 sa
1458 4427 1539 4497 ratio,

446 4542 533 4605 qnae
554 4529 694 4595 continet
705 4531 799 4598 Pauli
819 4534 1031 4601 substantiam
1043 4537 1149 4616 (Pauli
1171 4547 1280 4604 sutem
1294 4554 1380 4604 nune
1399 4536 1537 4600 dicocor·
