3375 5567
160 755 229 832 Quid
250 757 327 822 haec
356 774 528 821 commune
556 755 695 819 habeant
722 773 799 818 enm
819 752 971 835 opinione
999 752 1040 816 de
1070 750 1252 814 animarum

159 860 404 936 praeexistentia,
426 858 533 922 dicent
549 857 739 922 adversarii.

207 957 420 1025 Nihilominus
434 961 637 1042 oppositores
650 959 691 1020 ad
705 975 785 1021 snae
799 956 1072 1038 interpretationis
1083 954 1252 1019 inloimen·

164 1071 228 1137 tour,
242 1061 372 1124 aliunde
382 1061 571 1124 sententiam
588 1067 792 1134 mutuantur,
815 1068 1003 1138 tauquame
1024 1058 1117 1122 coelo
1131 1059 1255 1122 enimus

161 1163 304 1244 dejectas,
328 1165 398 1226 sire
419 1163 547 1243 lapsas,
570 1164 734 1228 docuisset
752 1162 910 1242 Origenes
917 1181 930 1241 3
951 1177 1058 1242 enque
1080 1160 1204 1240 iegitur
1222 1161 1255 1222 iu

159 1265 257 1327 eodem
277 1262 380 1330 Tomo
406 1262 493 1328 XlV.
514 1283 545 1328 n.
573 1263 634 1329 tl:
658 1263 937 1339 anonumum,
963 1264 1083 1346 inquit,
1109 1263 1253 1343 quidem,

158 1369 206 1445 qni
226 1371 274 1430 eir
294 1376 355 1441 est,
377 1375 513 1447 propter
527 1364 705 1430 Ecclesiam
728 1365 859 1431 Patrem
874 1367 1019 1447 reliquit,
1041 1365 1256 1447 quem-intue-

160 1467 243 1532 latur
260 1489 331 1532 enm
345 1468 382 1532 ia
402 1470 508 1549 [ormo
524 1467 581 1532 Dei
599 1477 694 1543 erret;
711 1469 845 1550 reliquit
868 1487 946 1534 roro
960 1479 993 1532 et
1013 1477 1164 1544 matrem,
1181 1485 1257 1532 cnm

160 1587 304 1647 supernae
325 1567 532 1634 Hierusalem
552 1569 639 1632 tilius
659 1575 764 1648 esset3
785 1575 818 1633 et
836 1586 932 1645 suae,
951 1586 1037 1651 qnae
1057 1569 1113 1632 lrto
1132 1569 1201 1632 stre
1225 1569 1258 1630 in
1361 1568 1362 1571 ’

160 1669 212 1732 luc
232 1671 349 1736 mundo
370 1672 550 1747 ceciderat,
573 1673 673 1736 uxori
692 1671 857 1750 adhaesit3
879 1679 913 1736 et
936 1671 1003 1737 dno
1022 1672 1055 1735 lu
1075 1689 1173 1735 mune
1194 1689 1258 1735 one

161 1771 205 1834 triu
223 1772 326 1836 edenti
345 1782 431 1837 snut.
451 1793 469 1832 s
491 1772 534 1836 Et
551 1774 626 1855 qnia
645 1792 711 1838 non
733 1773 850 1837 viderit
871 1771 1050 1838 Auctorem
1071 1774 1115 1838 ibi
1129 1772 1191 1837 sub
1213 1779 1261 1856 ty·

162 1892 193 1950 po
207 1876 301 1938 divini
315 1874 416 1938 edati:
438 1883 534 1938 erum
552 1875 616 1938 dau
635 1873 674 1937 t'a
693 1892 790 1938 ceree
808 1891 897 1951 unc,
918 1874 959 1938 de
981 1872 1127 1938 Ecclesia
1147 1873 1259 1955 loqui,

159 1975 244 2056 eujus
270 1978 477 2056 apoasns'est
504 1974 673 2057 Christum
694 1977 752 2057 qui
780 1983 916 2058 propter
934 1993 1008 2040 eam
1035 1975 1163 2044 Patrem
1187 1977 1262 2040 reli·

159 2082 232 2153 quit,
254 2087 286 2140 et
307 2086 445 2141 matrem
464 2096 599 2159 qnoque
619 2079 764 2142 deseruit
785 2079 890 2157 (idest
910 2079 1084 2143 coelestem
1106 2077 1260 2143 Hierusa-

163 2178 229 2257 lem)
249 2196 324 2240 cum
346 2179 414 2259 ipse
434 2183 517 2242 esset
538 2177 624 2241 tilius
644 2178 738 2260 ejns3
760 2188 795 2243 et
812 2197 894 2243 snae
914 2179 1061 2242 adhaesit
1081 2180 1194 2254 uxori,
1217 2182 1260 2242 ni·

160 2281 268 2342 mirum
290 2278 496 2344 Hierusalem
520 2281 679 2356 terrestri,
700 2280 769 2344 siro
790 2278 956 2346 Ecclesiae
978 2283 1102 2361 generis
1125 2281 1262 2363 Adami3

162 2381 226 2457 cni,
248 2398 351 2461 quum
372 2380 416 2443 ob
438 2388 607 2461 peecatum
629 2381 803 2458 cecideritj
824 2383 971 2446 divinam
1000 2383 1161 2446 auxilinm
1182 2399 1264 2463 opus

157 2489 224 2544 erat
240 2499 277 2544 se
296 2500 332 2545 se
352 2498 373 2544 e
392 2481 488 2562 lapsu
507 2481 637 2546 levandi
658 2479 786 2548 causei
805 2483 894 2563 quod
916 2483 1078 2547 auxilinm
1107 2483 1266 2564 praestitit

161 2583 187 2642 ei
197 2600 331 2663 sponsus
345 2583 417 2664 ejus
435 2580 598 2660 (inustus,
612 2600 651 2647 ac
664 2586 837 2648 uniuersae
850 2583 940 2646 illins
956 2585 1169 2664 generationi,
1182 2599 1267 2665 quae

161 2701 228 2748 cum
255 2703 296 2748 en
317 2690 531 2764 peccaverat.-
562 2706 578 2747 e
600 2682 684 2748 Nam
704 2692 839 2765 propter
859 2702 953 2759 eam,
975 2685 1106 2761 subdit,
1129 2703 1206 2750 caro
1235 2695 1268 2748 et

161 2785 220 2862 ipse
240 2784 347 2850 iactus
368 2792 435 2856 est,
456 2783 586 2866 qnando
606 2786 748 2850 adlinet:
780 2783 1140 2868 testamentorum
1160 2795 1218 2863 est,
1240 2795 1269 2848 et

159 2882 304 2950 ludiim
322 2884 359 2950 ἐκ
379 2885 468 2948 uuile
488 2896 544 2950 etc.
567 2906 585 2946 r
1107 2925 1109 2928 -

235 2985 363 3050 Pariter
390 2987 421 3049 in
442 2986 554 3050 eadem
581 2989 731 3068 opinione
750 2989 957 3069 persistentes
986 3008 1026 3052 er
1050 2989 1203 3070 pareboia
1229 2989 1270 3050 de

161 3085 309 3162 operariis
339 3088 474 3150 mercede
501 3088 665 3152 conductis
685 3087 787 3153 Tnmn
817 3088 886 3153 XV.
908 3093 940 3154 in
971 3089 1120 3154 eumdem
1141 3106 1195 3152 nn.
1217 3087 1268 3156 34.

160 3184 206 3250 35.
229 3199 263 3253 et
280 3190 448 3269 speciatim
464 3209 505 3252 ex
530 3191 649 3255 serbis:
670 3189 749 3272 quid
768 3191 820 3253 lte
839 3189 932 3254 stetis
951 3200 1016 3254 toto
1036 3189 1086 3253 die
1106 3189 1212 3268 otiosi,
1227 3189 1271 3254 Ο-

162 3290 302 3368 ripenem
321 3300 478 3370 arguunt,
500 3311 576 3356 oum
596 3296 662 3357 ait:
683 3316 700 3354 ι(
723 3292 793 3374 Epo
816 3312 894 3357 vero
924 3294 1120 3358 reconditam
1142 3293 1182 3356 de
1207 3295 1273 3356 uni·

161 3411 209 3453 ma
226 3402 261 3456 et
274 3410 426 3456 ormnem
446 3395 636 3457 sententiam
652 3396 683 3457 in
704 3395 878 3459 tantoties
894 3395 955 3458 diei
975 3395 1014 3456 ad
1038 3395 1152 3458 horam
1168 3411 1272 3476 usqne

164 3495 363 3558 undecimam
391 3496 569 3560 cessatione
588 3496 737 3572 illorum,
752 3515 791 3561 ac
810 3498 878 3561 otio
901 3497 1091 3560 delitescere
1112 3497 1271 3577 opinor.»

165 3593 228 3658 Etsi
250 3599 336 3669 enim
357 3596 416 3678 ipsi
438 3596 547 3660 iurent
566 3598 673 3660 animo
695 3607 847 3678 prompto
868 3607 900 3662 et
920 3598 1072 3678 expedite
1093 3599 1132 3660 ed
1149 3599 1274 3662 vineunt

164 3701 389 3776 excolendam,
402 3704 508 3761 tamen
527 3717 562 3762 se
575 3717 610 3760 se
627 3700 831 3763 excusabant
843 3699 1042 3764 confidenter
1056 3699 1208 3764 dieentes:
1225 3717 1276 3761 ae·

161 3818 210 3860 aso
231 3819 290 3862 erue
309 3799 477 3865 emdaate.
491 3819 507 3856 a
521 3797 557 3862 ln
571 3801 689 3880 quibos
711 3802 824 3881 ntique
843 3801 948 3864 ambis
963 3800 1090 3865 Auctor
1109 3801 1203 3881 plura
1221 3819 1277 3862 ex-

162 3902 327 3978 pendenda
352 3903 493 3982 reperit,
515 3919 578 3965 nou
600 3901 640 3965 de
660 3903 828 3964 animabus
853 3903 947 3981 qnasi
969 3919 986 3963 e
1010 3902 1104 3964 coelo
1125 3902 1277 3964 deorsum

162 4003 300 4068 dimissis
320 4007 353 4066 in
374 4023 513 4086 oorpnm
544 4005 588 4068 o'e
607 4013 760 4085 peecata,
784 4006 831 4068 uti
852 4003 974 4067 trustra
1006 4004 1109 4066 risum
1131 4009 1178 4066 est
1189 4023 1200 4081 ;
1221 4001 1276 4064 sed

164 4106 202 4168 de
224 4107 290 4170 iliis
309 4117 402 4170 extra
426 4107 551 4170 vineam
573 4107 684 4169 otiosis
703 4108 875 4178 stantibus,
896 4113 928 4168 et
948 4106 1004 4185 qui
1024 4101 1095 4170 sese
1111 4111 1276 4177 vocarent,

164 4209 383 4286 praestolatis.
408 4206 499 4284 Quos
516 4209 594 4289 jore
614 4209 838 4271 arbitrabatur
852 4207 1021 4287 Origenes,
1043 4208 1102 4270 etri
1117 4214 1278 4287 postrema

164 4309 245 4372 hore
263 4311 326 4374 diei
350 4319 493 4384 vocatos,
513 4320 551 4374 ut
572 4311 696 4372 vineam
717 4309 842 4372 adirent
856 4308 1080 4383 excolendum,
1102 4306 1213 4386 dignos
1235 4316 1280 4367 ta-

163 4429 236 4474 meo
260 4411 330 4474 lieri
352 4413 502 4476 mercede
522 4412 647 4488 eadem,
665 4430 729 4492 qna
745 4412 841 4491 primi
862 4411 970 4474 donati
992 4417 1077 4474 suut.
1093 4407 1165 4473 Non
1181 4407 1279 4481 enim,

166 4513 292 4592 inquit,
314 4534 356 4576 ex
380 4513 547 4577 voluntate
568 4514 697 4594 propria
709 4558 720 4592 ,
740 4531 800 4577 seu
822 4529 862 4575 er
884 4511 981 4575 animi
1003 4509 1122 4574 desidia
1146 4526 1278 4588 operum
