3375 5567
176 704 251 767 rinc
267 704 347 768 cain
358 703 482 787 aliquot
501 724 542 767 cz
558 704 760 788 principibus
780 704 1006 786 obstupefactos
1023 712 1151 785 propter
1160 712 1270 785 poteo·

176 809 236 871 een
253 818 281 870 et
297 803 497 869 demerem
510 806 596 883 Iaso,
617 808 796 890 consopiret
814 809 858 871 cd
876 825 946 871 cum
964 815 993 869 ct
1011 824 1115 869 oroma
1130 824 1190 887 pro
1209 804 1271 869 stet

176 902 315 969 mlius?
335 904 489 971 Fortasse
514 910 688 973 doemones
716 909 824 972 adiano
844 911 879 973 iu
898 907 1086 971 infidelitate
1107 916 1269 970 manentes

175 1011 255 1085 (uait
270 1008 353 1072 enim
366 1007 446 1075 dicit
459 1009 501 1073 dc
520 1030 636 1074 eorum
657 1008 873 1091 poenitentia)
895 1009 934 1071 ad
951 1007 1055 1073 Deum
1077 1008 1270 1088 confugiunt

175 1131 221 1193 pro
236 1113 338 1177 sainte
358 1114 566 1182 subditorum
586 1108 783 1193 supplices?
803 1112 968 1191 quomodo
989 1110 1052 1173 hoc
1073 1106 1204 1173 staret?
1226 1108 1269 1173 Et

173 1215 310 1293 anplius:
329 1225 424 1280 antea
446 1214 663 1281 consideravit
683 1211 841 1292 Origenes
862 1228 1047 1292 quaerens,
1071 1220 1182 1275 utrum
1205 1207 1268 1272 lle·

174 1317 372 1397 gnlnsimapo
389 1317 442 1381 rel
464 1323 561 1402 typus
581 1324 664 1377 esset
685 1315 828 1393 alicuius
850 1313 947 1393 huius
968 1312 1070 1377 seculi
1092 1316 1265 1392 potentiae,
1331 1377 1335 1385 ,

172 1416 374 1499 etdlinrejns
396 1435 474 1482 num
497 1424 755 1497 repraesentaret
772 1414 931 1495 populum
945 1413 1049 1477 eidem
1070 1414 1265 1493 ebnoxinm3

172 1526 309 1581 etntrnm
324 1536 462 1599 qnoque
480 1517 538 1579 tilii
559 1513 677 1595 Reguli
692 1514 861 1579 infirmitas
882 1514 1033 1579 allectum
1051 1533 1189 1596 pravum
1213 1534 1268 1595 pc·

173 1620 226 1696 puli
245 1621 444 1699 exprimeret
460 1626 586 1697 practer
605 1618 798 1679 wioatctem
824 1614 927 1696 ipsius
950 1614 1120 1679 Potentiae.
1145 1614 1191 1681 lta
1216 1634 1269 1677 ve·

173 1736 211 1793 ro,
223 1738 293 1782 cnm
307 1720 440 1783 doctor
467 1721 535 1798 ipso
554 1718 617 1783 snb
634 1717 752 1798 liegnli
767 1736 903 1800 perrona
918 1718 1062 1781 occultet
1076 1725 1268 1798 potestatem

171 1821 367 1898 spiritualem,
385 1821 519 1885 innuen
537 1822 611 1901 quia
631 1822 825 1901 cogitaverit
841 1822 946 1900 ipsum
969 1827 1144 1900 potestates
1158 1819 1268 1883 diabo-

172 1922 233 1983 licas
249 1919 556 2004 comprehendere?
579 1924 612 1987 st
642 1922 688 1987 sic
707 1942 743 1985 se
764 1922 882 1998 habet,
899 1922 1041 2001 explicet
1063 1922 1162 1995 mihi,
1182 1937 1267 2001 qnae

171 2024 202 2083 ili
213 2024 295 2099 dicit,
314 2025 494 2088 verboru·
508 2042 650 2089 semum:
665 2043 744 2087 num
757 2025 854 2087 ctione
868 2022 1039 2105 iufirmitas
1053 2020 1116 2104 filit
1127 2022 1194 2103 rjus
1208 2021 1267 2088 Rc·

169 2124 224 2203 ruli
239 2123 280 2187 rit
297 2127 430 2208 affectare
447 2145 571 2206 procur
580 2134 706 2205 prcatcr
726 2124 909 2203 cremiis,
929 2124 996 2189 as'oa
1012 2123 1175 2205 potestatis
1192 2144 1268 2207 pro·

167 2225 292 2301 pudere
322 2227 360 2291 st
381 2228 518 2291 adiectus
538 2246 660 2307 pravus
692 2228 749 2291 filii
772 2229 896 2309 aegroti
920 2227 974 2292 tint
997 2237 1127 2309 practer
1147 2245 1266 2308 propc-

169 2327 246 2390 sitan
264 2338 297 2391 et
315 2329 492 2393 consilinm
512 2329 699 2405 doemonis,
727 2348 767 2393 en
787 2330 980 2403 absordum,
1003 2329 1149 2393 homines
1174 2329 1265 2392 nimi·

170 2446 226 2490 rum
245 2448 348 2509 prere
366 2448 465 2510 agore
486 2440 599 2494 contra
626 2434 828 2513 propositum
850 2438 883 2496 et
905 2431 1105 2495 voluntatem
1125 2429 1245 2495 diaboli
1250 2451 1264 2510 5

170 2532 243 2607 qnasi
262 2531 331 2611 ipse
353 2531 475 2594 bonum
489 2533 522 2594 in
544 2532 740 2607 hominibus,
762 2540 795 2597 et
809 2550 874 2597 uon
894 2550 1033 2613 pravum
1056 2531 1134 2595 velit
1154 2540 1187 2596 et
1207 2549 1265 2597 cu·
1365 2602 1368 2611 ,

170 2629 229 2704 piat
249 2628 364 2694 Nonne
385 2634 493 2711 potins
512 2633 684 2695 dicendum
705 2640 771 2708 est,
793 2632 926 2712 angelos
940 2632 1084 2712 gentium
1100 2630 1263 2707 custodes,

170 2728 305 2808 inprime
322 2729 446 2795 Christi
466 2732 622 2807 adventu,
643 2733 793 2797 eumdem
815 2718 963 2813 precator
982 2750 1043 2813 pro
1065 2731 1196 2795 illarum
1217 2748 1268 2795 sa·

169 2828 248 2893 late?
267 2816 371 2896 relnt'i
395 2833 494 2913 panlo
516 2833 635 2913 portin
655 2830 868 2897 lleraeleonis
887 2850 1023 2912 persone
1038 2832 1113 2898 illos
1134 2832 1265 2913 angelos

169 2934 277 3011 proprie
299 2931 419 2997 vocat?

229 3029 322 3106 Quod
344 3050 447 3112 porro
466 3032 600 3096 scrildt:
621 3032 770 3114 simpuio
782 3052 855 3112 cur,
867 3054 995 3116 paucae,
1008 3035 1145 3100 domines
1156 3036 1265 3117 poeni·

169 3130 276 3195 undu
297 3132 479 3213 recipiam
498 3144 526 3197 et
545 3154 585 3197 cc
600 3134 787 3214 infidelitate
806 3137 850 3201 ed
868 3138 960 3217 fidem
981 3146 1160 3213 transeunt,
1182 3136 1264 3201 idem

168 3246 224 3291 carc
241 3231 274 3295 irs
290 3234 497 3315 petertcu'dur
509 3236 610 3301 dicere
624 3234 788 3301 ceremur?
801 3239 861 3301 etsi
884 3240 1134 3319 resipiscentiam
1148 3256 1263 3319 quam·

169 3329 226 3393 lan
244 3336 274 3396 io
294 3339 472 3401 virtutibus
493 3339 689 3402 coelestibus
710 3340 812 3401 instar
825 3340 993 3403 hominum
1014 3340 1177 3413 admittat,
1199 3341 1260 3403 hoc

169 3440 500 3503 untnmmodoearnm
521 3442 553 3503 io
569 3441 699 3518 melios,
716 3443 764 3504 nti
786 3449 896 3520 postea
919 3441 1008 3516 dicit,
1024 3442 1261 3521 processionem

170 3538 278 3614 respicit
298 3540 429 3621 (nque
452 3560 529 3603 rere
555 3542 586 3604 iu
618 3541 764 3617 psalant,
793 3542 882 3622 qnod
905 3540 975 3603 deri
1007 3540 1139 3621 nequit)
1169 3542 1262 3623 quasi

170 3632 239 3709 ipsse
258 3640 397 3705 ruentes
410 3642 575 3722 angelicae
596 3650 709 3723 ntpcte
725 3643 846 3706 liberae
868 3643 1094 3718 involuntarie,
1111 3660 1154 3705 ex
1171 3642 1263 3707 Cirri-

170 3737 199 3794 sti
214 3740 350 3803 adventu
371 3743 509 3823 eiusque
531 3744 685 3822 prodigiis
705 3744 882 3825 sapientiae
912 3743 1140 3824 splendoribus
1161 3744 1261 3807 adeu-

171 3844 234 3912 cue,
248 3841 328 3904 adeo
343 3861 403 3923 pro
425 3844 556 3922 populis
575 3852 610 3907 ct
629 3845 794 3923 gentibus,
817 3846 937 3925 quibus
958 3852 1141 3925 praeerant,
1164 3846 1262 3909 iuter·

171 3936 311 4015 rederent,
336 3952 373 4005 nt
394 3942 463 4007 lieo
485 3943 613 4009 facilins
634 3946 722 4025 ipsae
742 3948 1067 4027 appropinquarent,
1091 3948 1259 4009 veritatem

171 4039 485 4117 mukctemmmc
496 4047 596 4126 magia
610 4047 643 4107 in
658 4046 755 4110 iidem
770 4047 976 4127 proficerent.
993 4044 1259 4122 Quomodocum·

172 4152 222 4211 qne
235 4160 309 4205 sero
324 4145 511 4227 hujusmodi
524 4146 717 4226 angelorum
733 4149 764 4209 in
788 4148 907 4211 bonum
924 4164 1110 4227 processum
1125 4147 1164 4208 de
1186 4142 1260 4205 Ori·

173 4239 239 4310 Μὶῦ
254 4248 409 4309 oenteotia
428 4247 702 4327 comprehendere
723 4247 822 4327 velis;
841 4247 920 4311 nihil
941 4254 1045 4311 tamen
1069 4244 1141 4309 inde
1163 4242 1261 4307 inier-

174 4343 216 4398 tur
230 4340 267 4405 da
284 4363 398 4411 eornm
422 4349 614 4428 poenitentis
634 4358 668 4413 et
687 4350 806 4426 saluto,
829 4359 999 4429 postquam
1021 4366 1038 4411 a
1058 4344 1126 4411 Deo
1149 4362 1259 4425 repro-

177 4432 236 4519 lali,
248 4446 278 4507 in
288 4447 500 4526 perditionem
515 4450 652 4515 vinculis
672 4452 813 4517 aeternis
830 4449 938 4516 traditi
955 4448 1058 4513 inere.
