3375 5567
409 694 473 740 nou
496 682 532 740 ut
545 675 725 741 doctrinam
747 677 1012 754 christianorum,
1030 674 1085 742 sed
1108 682 1144 742 ut
1158 673 1336 740 doctrinam
1350 671 1494 736 domiuum

409 779 536 860 penitus
558 797 575 841 a
597 780 707 843 salute
724 781 928 855 alienorum,
954 778 1064 860 etqui
1092 776 1205 842 lesum
1227 794 1285 840 uec
1305 775 1497 848 salvatorem,

409 897 468 944 nes
482 877 601 952 Deum,
623 897 682 942 neo
705 879 892 957 Ductorem,
908 897 967 944 uec
988 878 1109 943 Fitium
1126 875 1183 940 Dei
1202 895 1272 941 essa
1291 875 1498 940 existimant.»

410 981 451 1045 Et
465 982 630 1063 quomodo
652 982 809 1062 Origenes
825 991 889 1046 tam
911 988 1023 1063 aperte
1046 982 1189 1063 potuerit
1207 979 1436 1061 blasphemare,
1456 971 1501 1037 Fi·
1573 1045 1574 1054 ἵ

409 1082 489 1145 tium
502 1081 561 1145 oea·
573 1080 832 1148 subtimissimum
844 1102 961 1146 vocans
975 1092 1164 1160 creaturum,
1177 1100 1306 1163 eumque
1324 1077 1424 1144 Putris
1436 1073 1503 1140 erti-

409 1183 483 1248 ti'sae
502 1188 663 1249 voluntate
676 1184 772 1249 sieuts'
791 1195 908 1248 ceteras
928 1181 1122 1250 creaturus?
1144 1204 1217 1250 enm
1239 1182 1378 1247 Humilia
1398 1178 1460 1244 XV.
1479 1176 1503 1244 6.
1573 1207 1574 1212 ’

408 1288 439 1349 in
463 1287 673 1364 Hieremiam,
695 1289 822 1368 inquit:
847 1310 863 1348 a
885 1286 1080 1354 Maledictus
1102 1289 1213 1362 homo,
1235 1289 1293 1366 qui
1314 1301 1402 1367 spem
1420 1281 1503 1342 habet

407 1388 439 1450 in
462 1389 590 1450 homine
602 1408 615 1466 3
634 1396 804 1468 propterea
827 1389 914 1469 quod
937 1389 1032 1453 multi
1053 1393 1218 1469 putarent,
1240 1386 1436 1452 Salvatorem
1456 1377 1504 1442 Dei

409 1487 541 1564 Filium,
565 1506 692 1554 merum
707 1508 775 1553 esse
791 1491 964 1554 homiuem.
981 1488 1064 1554 Nam
1086 1490 1169 1554 inter
1189 1489 1251 1551 ntia
1273 1487 1359 1550 mala
1381 1484 1504 1566 piurima

409 1592 561 1668 humane,
584 1609 669 1671 qnae
684 1592 877 1667 intulerunt,
895 1593 956 1656 hoo
978 1593 1075 1654 etiam
1095 1591 1166 1655 ausi
1180 1596 1255 1654 suut
1270 1589 1390 1664 disere,
1409 1583 1506 1664 Usipe-

406 1691 523 1769 m'tnm,
536 1690 595 1772 qni
607 1690 840 1773 primopenitus
853 1701 897 1756 est
919 1691 1023 1756 omnis
1040 1702 1215 1764 creaturae,
1231 1709 1295 1752 non
1309 1707 1371 1752 esse
1387 1686 1507 1750 Deum.»

278 1787 284 1798 “
410 1791 451 1857 Et
466 1811 528 1856 cur
543 1790 713 1873 Origenes,
732 1813 773 1856 ex
790 1793 981 1878 Hieronymi
999 1794 1163 1874 opinione,
1176 1790 1357 1857 salvatoris
1371 1787 1511 1854 divinitati
1573 1865 1574 1868 Ἴ

408 1897 561 1960 mentitus
575 1901 635 1972 est,
652 1915 726 1959 eum
744 1893 920 1959 Humiliam
935 1893 1023 1960 XtX.
1046 1895 1081 1957 in
1099 1893 1216 1959 lucam
1233 1912 1374 1958 exorsus
1396 1897 1453 1968 est,
1470 1891 1508 1951 in·

406 1995 539 2076 quiens:
563 2017 580 2055 r
602 1993 687 2073 Quia
717 1996 885 2072 nonnulii,
916 1997 971 2078 qui
993 2005 1123 2061 sanetae
1152 1997 1346 2077 scripturae
1375 1994 1509 2058 videntur
1573 2073 1574 2076 Ἴ

405 2097 553 2174 eredere,
576 2099 669 2178 quasi
684 2098 716 2158 iu
737 2097 877 2178 gloriam
901 2099 1128 2179 omnipotentis
1150 2096 1220 2175 Dei,
1242 2097 1440 2161 divinitatem
1461 2091 1512 2156 ua·

408 2199 587 2278 demptoris
608 2207 737 2280 negant,
750 2199 876 2282 justum
899 2200 977 2262 mitri
1002 2200 1143 2277 videtur,
1168 2209 1204 2264 ut
1218 2201 1366 2282 ipsarum
1382 2195 1511 2276 Scriptu-

407 2316 520 2364 rarum
535 2301 731 2364 auctoritate
746 2301 938 2378 doceantur,
957 2301 988 2362 in
1011 2302 1190 2366 humanum
1207 2319 1330 2384 eorpus
1349 2302 1511 2382 quidquam

293 2438 298 2450 ·
406 2403 529 2464 venisse
550 2400 707 2479 divinum,
730 2409 762 2467 et
783 2419 845 2466 nou
866 2401 973 2466 sulum
996 2404 1028 2464 in
1050 2403 1228 2467 humanum
1251 2421 1396 2484 corpus,
1417 2399 1513 2464 sedin
1573 2467 1574 2472 ἵ

406 2502 580 2566 humanam
602 2521 736 2583 quoquo
757 2500 958 2567 animani»
981 2501 1021 2566 Et
1051 2505 1109 2579 sic,
1136 2508 1356 2586 praesumptis
1378 2501 1513 2582 Origeuis
1573 2563 1574 2566 ,

405 2604 575 2668 erroribus
595 2605 753 2681 admissis,
775 2623 986 2686 quocumque
1005 2613 1034 2667 te
1055 2613 1173 2681 vertas,
1190 2606 1295 2686 ipsum
1312 2606 1345 2668 iu
1368 2601 1514 2681 antilogi'u

404 2713 564 2784 perpetuo
585 2704 785 2786 implicatum
802 2704 972 2786 repereris.
994 2703 1085 2770 Unde
1101 2704 1252 2769 deducas.
1264 2723 1353 2785 quae
1368 2704 1514 2770 deducen-

406 2805 446 2868 da
468 2814 555 2870 sunt.

484 2908 660 2991 Postquam
680 2911 809 2991 saepius
830 2912 862 2974 in
885 2912 946 2976 hoc
972 2911 1077 2991 capite
1099 2911 1182 2974 tacta
1205 2916 1254 2972 est
1275 2908 1400 2972 mentio
1420 2907 1458 2970 de
1477 2901 1516 2964 di·

282 3054 284 3057 -
405 3010 478 3074 vina
500 3009 597 3076 Verbi
615 3011 754 3076 Persona
776 3013 923 3076 distincta
945 3013 985 3074 ab
1006 3013 1123 3088 altera,
1144 3009 1247 3074 Patris
1264 3009 1393 3074 seilicet
1412 3015 1443 3072 et
1456 3003 1514 3086 Spi-

403 3112 486 3177 ritus
506 3113 628 3191 Sancti,
648 3114 711 3176 suti
735 3114 895 3178 vocabulo
917 3131 1035 3194 praeeo
1063 3107 1243 3192 ὑπόστασις
1262 3109 1453 3192 domimi&
1473 3126 1517 3170 Μ·

404 3217 522 3279 minem
543 3214 644 3279 lateat
658 3214 742 3277 istud
767 3216 977 3292 vocabulum,
995 3233 1059 3279 nou
1080 3215 1176 3278 sicuti
1193 3214 1223 3275 in
1247 3217 1415 3276 communi
1435 3212 1516 3273 sonat

403 3314 543 3380 dictione
556 3316 750 3380 sumendum
774 3335 842 3380 esse
864 3335 906 3380 ex
926 3315 1076 3396 Origeuis
1097 3333 1169 3390 ore,
1190 3313 1245 3376 sed
1261 3321 1364 3393 prout
1386 3314 1452 3394 ipse
1471 3309 1516 3370 de·

402 3415 517 3493 finivit,
533 3426 567 3481 et
582 3435 685 3500 prope
700 3415 818 3502 Synodi
835 3417 986 3481 nicaenae
1013 3427 1166 3494 mentem,
1190 3417 1271 3480 idest
1293 3433 1358 3478 nou
1379 3413 1517 3478 substan·

406 3518 482 3581 tiam
497 3525 554 3584 aut
569 3529 720 3583 naturam
742 3519 923 3583 distinctam
939 3537 955 3581 a
973 3517 1078 3582 Patris
1093 3518 1229 3582 essentia
1244 3524 1277 3580 et
1291 3515 1435 3597 Spiritus
1449 3512 1517 3578 San·

404 3619 460 3694 oti,
481 3618 537 3683 sed
558 3622 619 3684 sub
632 3620 732 3685 tatina
749 3619 942 3683 indicatione
959 3636 1112 3700 personae
1126 3619 1194 3682 sire
1215 3615 1448 3687 subsistentiae,
1468 3627 1518 3695 per

404 3736 504 3800 quam
525 3737 542 3780 a
560 3718 656 3782 Patre
678 3719 760 3798 (etsi
783 3737 868 3784 unus
889 3737 964 3782 cum
986 3717 1289 3798 ooidistinguitur:
1313 3717 1398 3780 alias
1414 3731 1516 3780 secum

404 3821 473 3902 ipso
495 3831 655 3902 pugnaret
675 3817 843 3903 Origenes.
867 3818 938 3884 Hno
960 3828 1069 3884 autem
1092 3820 1262 3901 praeclare
1283 3819 1419 3883 eruitur
1432 3835 1450 3880 a
1464 3811 1518 3878 To·

403 3941 457 3987 mo
478 3920 582 3986 xvir.
605 3941 636 3986 u.
660 3921 710 3993 id.
733 3921 770 3985 ia
791 3918 1000 3992 Mutetueum,
1015 3922 1069 3986 ubi
1092 3924 1158 3985 ait:
1184 3943 1200 3982 s
1223 3919 1288 3998 Qui
1303 3930 1418 3985 autem
1441 3933 1519 3982 meu·

402 4025 527 4088 ducitur
547 4025 698 4105 sapiunt,
718 4042 781 4088 uon
802 4032 879 4089 snut
900 4043 959 4107 pru
981 4043 1020 4088 oo
1043 4021 1141 4102 (lesu
1155 4023 1179 4103 i,
1202 4023 1257 4104 qui
1281 4021 1469 4103 glorificare
1491 4033 1521 4080 se

383 4133 520 4207 ‘putant
532 4145 622 4203 eum,
637 4127 752 4207 quates
772 4133 853 4190 suut
869 4126 1036 4203 haeretici,
1060 4126 1115 4207 qni
1137 4125 1341 4189 contundunt
1365 4123 1471 4186 Patris
1490 4122 1520 4180 et

405 4226 482 4293 Fitii
503 4223 681 4298 ὑπόστασιν
704 4227 954 4304 subsistentium,
971 4245 1072 4292 unum
1094 4226 1235 4291 dieentes
1256 4244 1325 4288 esse
1341 4223 1471 4288 Patrem
1491 4223 1521 4282 et

397 4327 548 4403 Filium,
571 4329 754 4409 suspicione
773 4330 842 4393 uota
865 4338 898 4392 et
927 4328 1108 4392 nominibus
1139 4325 1317 4390 dividentes
1338 4342 1419 4396 eos,
1442 4336 1519 4400 quos

402 4429 587 4495 existimant
608 4445 731 4492 annm:
762 4431 855 4510 quasi
878 4447 991 4510 magua
1013 4431 1053 4494 de
1074 4447 1113 4494 eu
1134 4445 1252 4509 sapere
1280 4427 1518 4508 proponentes,

391 4530 607 4612 ··tniquitatem
628 4532 660 4595 iu
681 4531 813 4600 excelso
833 4531 1020 4614 loquuntur
1040 4537 1103 4596 etc.
1126 4548 1143 4589 s
