3375 5567
412 804 584 880 insaniens,
600 802 709 866 dicere
722 807 840 883 potest.
863 820 880 861 a
896 800 938 867 lit
958 802 1039 865 baec
1054 800 1085 864 in
1099 798 1199 865 Libro
1215 797 1334 867 lindlni
1347 800 1387 865 de
1401 798 1526 867 adulte·

413 906 540 968 ratione
560 903 721 968 librorum
742 902 903 985 Origenis.

494 1003 688 1070 'testimonie
711 1005 885 1086 bucusque
904 1006 1029 1069 alibris
1050 1012 1145 1070 eruta
1159 1003 1307 1086 origenis
1328 1021 1390 1069 uon
1405 1004 1526 1072 modica

413 1124 491 1171 sane
521 1112 738 1188 reputantnr3
760 1124 819 1169 nec
849 1106 959 1171 minus
990 1108 1184 1189 perspicua,
1206 1106 1289 1171 adeo
1309 1113 1347 1170 nt
1376 1104 1527 1187 explane-

414 1211 501 1271 tinne
522 1208 697 1288 indigeant,
712 1207 822 1272 dicero
844 1209 892 1270 las
908 1216 968 1272 cst:
991 1226 1097 1287 neque
1111 1214 1282 1285 praeterea
1303 1208 1527 1286 obcuritate

415 1326 474 1371 nec
503 1308 648 1372 studium
670 1308 767 1370 unius
797 1308 922 1385 borae,
944 1326 1050 1387 neque
1076 1309 1138 1371 diei
1161 1326 1220 1370 nec
1249 1310 1322 1372 anui
1352 1308 1528 1389 reputanda

414 1418 490 1473 snut
500 1430 512 1488 3
535 1428 594 1473 uec
614 1411 711 1473 animi
732 1409 866 1486 ardore,
880 1428 971 1473 neca
986 1410 1059 1473 zelo
1079 1419 1212 1490 practer
1231 1410 1397 1473 scientiam
1414 1426 1529 1490 proro-

413 1518 496 1572 cata.
519 1507 642 1573 Verum
665 1511 806 1590 plurima
828 1510 885 1574 tibi
901 1520 1022 1590 patent,
1045 1518 1134 1573 certa
1151 1520 1184 1573 et
1204 1518 1360 1575 accurate
1375 1527 1529 1590 expensa,

416 1617 486 1673 tum
507 1610 657 1675 tidelibus
677 1630 776 1692 quam
798 1611 980 1674 inddelibns
1000 1610 1142 1690 objectn;
1164 1619 1197 1673 et
1218 1611 1374 1675 alacriter
1395 1611 1527 1691 ubique,

414 1728 497 1791 ques
511 1713 678 1791 percurrit
699 1713 858 1791 regiones,
875 1713 906 1773 in
928 1712 1150 1786 concionibus,
1166 1710 1198 1772 in
1219 1709 1467 1775 Commentariis
1481 1709 1531 1774 lli·

417 1812 574 1889 blinrum,
597 1813 629 1874 in
651 1812 750 1875 variis
770 1809 977 1876 Tractatibus
997 1812 1155 1875 adversus
1177 1812 1371 1889 haereticos,
1392 1812 1463 1876 sive
1477 1830 1533 1893 pn·

417 1913 511 1976 blicis
531 1914 564 1975 in
583 1912 717 1987 scholis,
738 1921 797 1974 ant
818 1913 983 1993 privatim,
1007 1913 1059 1976 vel
1082 1930 1193 1975 coram
1215 1913 1374 1992 episcopis
1395 1911 1532 1977 tirmiter
1597 1952 1598 1957 κ

419 2021 632 2095 propugnata.
648 2013 697 2077 be
709 2013 843 2092 singuiis
865 2015 896 2075 in
914 2012 1156 2094 quaestionibus
1170 2012 1212 2075 ad
1229 2030 1335 2092 nsque
1353 2030 1433 2077 suae
1453 2013 1534 2077 ritae
1597 2046 1598 2049 ¹

420 2113 560 2192 exitum,
577 2115 790 2178 Adamantius
811 2114 919 2177 anirnn
939 2113 1051 2179 sedato
1075 2098 1368 2195 setqne'perpetne
1391 2129 1533 2195 compca,

420 2217 453 2279 in
474 2217 640 2292 omuibus,
660 2216 717 2295 qni
738 2216 846 2278 adbuc
866 2224 1062 2298 supersunt,
1084 2217 1196 2291 libris,
1219 2216 1295 2279 talia
1318 2216 1409 2279 nobis
1434 2216 1535 2297 expli·

419 2319 499 2392 cita,
519 2335 605 2397 quae
623 2319 791 2397 sexaginta
813 2324 847 2379 ct
866 2317 1006 2399 amplius
1022 2327 1249 2394 numerantur,
1271 2318 1441 2398 praeclara
1463 2316 1534 2381 reli·

420 2419 492 2499 quit
512 2419 705 2483 documenta
735 2418 775 2481 de
795 2435 977 2497 poenarum
1005 2420 1208 2495 aeternitate,
1231 2419 1263 2482 in
1285 2416 1400 2483 tuturo
1422 2418 1534 2482 seculo

419 2520 570 2602 reprobis
584 2519 849 2602 intlipeudarum.⁴
863 2519 960 2585 Hand
983 2540 1061 2602 ergo
1082 2522 1245 2585 immerito
1259 2520 1300 2583 ad
1322 2521 1444 2583 amicos
1461 2536 1535 2583 suos

420 2621 649 2685 alexandrinos
671 2622 834 2698 scribens,
861 2615 908 2687 nti
930 2641 1036 2703 nuper
1058 2624 1191 2697 notari,
1216 2621 1310 2686 valde
1340 2628 1535 2701 conquestus

419 2729 480 2797 est,
502 2723 533 2783 in
551 2723 668 2802 vulgus
685 2722 848 2797 transisse,
860 2724 947 2803 quod
964 2742 981 2785 a
997 2742 1032 2787 se
1047 2740 1214 2803 nunquam
1229 2722 1451 2801 excepturum
1467 2726 1536 2783 erat

419 2823 460 2885 de
479 2823 804 2905 docmonls'ejnsqne
823 2826 989 2888 sociorum
1011 2825 1139 2903 salnte3
1162 2824 1246 2905 pund
1267 2840 1369 2897 neme,
1390 2823 1450 2893 ait,
1481 2836 1536 2883 nec

419 2932 518 2987 mente
537 2934 652 3000 motus,
674 2943 731 2987 nec
751 2924 916 2988 insaniens
936 2924 1039 2989 dicere
1056 2934 1189 3005 peteret.
1205 2923 1254 2988 Ae
1274 2924 1349 2987 ideo
1365 2922 1539 2985 maledicos

421 3023 497 3087 illos
520 3025 661 3101 vocavit,
684 3026 741 3104 qni
762 3024 794 3085 in
808 3042 885 3087 enm
908 3026 972 3087 tale
988 3024 1208 3104 blasphemiae
1227 3027 1350 3089 crimen
1365 3021 1537 3085 commenti

421 3130 523 3187 erant.
545 3122 630 3188 Jnre
651 3124 753 3204 igitur
771 3124 944 3205 adjiciebat
964 3126 1161 3189 adversariis
1170 3168 1183 3201 ,
1203 3126 1260 3205 qui
1281 3126 1312 3187 ei
1333 3124 1420 3189 bnnc
1445 3138 1538 3185 erro·

422 3241 492 3287 rens
513 3226 755 3305 inscripserant,
778 3243 946 3306 nunqnam
969 3228 1045 3289 talia
1068 3244 1124 3290 eos
1142 3227 1184 3290 ab
1204 3236 1262 3289 ore
1282 3244 1344 3289 sno
1363 3222 1537 3287 audivisse.

503 3321 616 3405 ltaque
637 3325 680 3388 ob
705 3325 894 3406 hujusmodi
914 3325 1063 3406 Origenis
1091 3327 1353 3401 obtestationem,
1375 3322 1539 3404 quomodo

423 3424 595 3488 dicendum
617 3428 680 3489 erit
700 3446 775 3491 enm
790 3426 925 3502 lluetio,
938 3428 1051 3491 aliisve
1073 3429 1262 3492 recentioris
1280 3427 1353 3489 nesi
1373 3424 1539 3506 scriptori·

423 3526 496 3601 bus,
519 3528 670 3591 eumdem
687 3529 829 3593 l’lstenis
849 3549 908 3594 sen
927 3530 1167 3612 platonicorum
1184 3546 1315 3593 errores
1330 3529 1539 3607 complexum

422 3627 714 3708 deenppliciornrn
733 3630 807 3692 bne:
829 3632 916 3711 ipsos
932 3634 1084 3706 tenuisse,
1107 3649 1237 3719 persua
1259 3646 1360 3709 opera
1371 3630 1539 3709 sparsisse,

420 3734 521 3807 utque
542 3728 616 3792 illos
640 3731 742 3793 veluti
763 3732 794 3793 in
816 3749 920 3795 aureo
941 3732 1043 3796 calice
1064 3732 1231 3811 discipulis
1251 3748 1291 3792 ac
1311 3730 1449 3810 posteris
1464 3746 1539 3810 pro-

422 3826 566 3908 pinasse?
588 3828 711 3894 Verum
725 3832 811 3895 band
833 3834 965 3908 mirum,
984 3834 1179 3897 recentiores
1201 3833 1232 3893 in
1245 3832 1306 3894 bac
1327 3831 1425 3895 luisse
1439 3846 1541 3911 qnae·

421 3930 526 3993 atione
546 3930 675 4010 illusos3
696 3932 779 3995 illud
801 3936 910 4013 potius
933 3934 1115 3998 mirandum
1137 3934 1177 3997 de
1200 3932 1365 3997 veteribus
1387 3938 1420 3995 et
1446 3948 1541 4011 prae·

421 4030 519 4108 cipue
538 4030 580 4094 de
605 4030 811 4111 Tbeopbilo,
834 4032 1016 4115 Epipbsnio
1036 4044 1069 4097 et
1088 4030 1303 4119 Hieronymo:
1327 4033 1383 4112 qui
1411 4032 1542 4111 saepius

421 4126 556 4211 Origeni
579 4132 675 4197 talem
698 4135 942 4219 exprobrarunt
962 4153 1133 4215 errorcm;
1156 4154 1258 4216 nqno
1279 4152 1414 4216 prorsus
1435 4132 1543 4197 abluit

422 4229 568 4311 ejusdem
588 4252 701 4299 sensus
714 4245 747 4299 et
760 4236 849 4300 tides.
874 4234 963 4300 Haec
982 4238 1109 4299 interim
1124 4237 1165 4301 do
1186 4236 1235 4298 bis
1252 4234 1467 4315 scriptoribus
1488 4234 1543 4296 de·

423 4329 542 4395 libasse
571 4334 730 4415 sullicist3
762 4338 838 4399 alibi
867 4338 972 4403 insius
1002 4338 1231 4418 disputabitur.
1260 4334 1362 4399 blodo
1393 4333 1542 4416 praelato

425 4444 619 4509 argumento
638 4446 888 4516 consequenter,
904 4439 944 4501 ad
966 4445 1075 4503 cetera
1096 4446 1298 4529 transeamus
1319 4432 1542 4515 expendenda,

424 4549 576 4616 ueraque
597 4539 817 4602 recentiorum
830 4539 1045 4622 adminicula,
1065 4538 1185 4623 quibus
1200 4539 1383 4603 Auctorem
1402 4550 1543 4609 errasse,

425 4634 595 4701 ostendere
616 4646 841 4721 praesumunt.
