3375 5567
155 816 198 880 ter,
215 814 380 886 autequam
401 805 440 870 ad
464 808 617 872 inferiora
639 810 710 874 loca
727 811 970 886 descenderent,
993 820 1025 876 et
1046 812 1085 875 de
1101 815 1242 878 inuisibi-

152 907 219 970 libus
236 907 273 967 ad
296 908 430 970 visibilia
453 912 716 990 commigrarent,
742 924 938 992 ruentesque
959 915 998 976 ad
1023 923 1142 978 terram
1156 933 1242 980 cras·

151 1011 182 1070 sis
206 1009 392 1088 corporibus
413 1009 612 1089 indigerent,
639 1015 771 1094 antiqno
803 1015 1001 1078 beatitudine
1034 1015 1238 1079 fruebantur.

152 1107 224 1174 Unde
242 1109 390 1173 conditor
411 1109 497 1174 Dens
519 1112 596 1175 fecit
628 1115 673 1176 eis
694 1133 837 1194 congrua
869 1116 1045 1182 humilibus
1067 1118 1146 1181 locis
1171 1135 1244 1180 cor·

151 1230 225 1290 pora,
244 1212 447 1275 etmoodum
469 1214 567 1275 istum
590 1214 745 1277 visibilem
768 1216 945 1279 fabricatus
967 1225 1013 1279 est
1025 1237 1036 1294 ;
1067 1217 1244 1280 ministros·

149 1333 200 1393 que
216 1315 255 1376 ob
273 1314 413 1377 salutem
434 1316 718 1395 etcorreptionem
738 1335 867 1394 eornm,
888 1320 944 1398 qui
966 1318 1164 1394 ceciderunt,
1184 1320 1241 1382 mi·

150 1417 180 1476 rit
197 1417 224 1476 in
238 1416 406 1493 mundum,
428 1415 604 1494 exquibus
624 1416 679 1478 alii
694 1428 781 1481 certa
798 1420 980 1482 obtinerent
995 1420 1080 1496 loca,
1103 1429 1136 1482 et
1150 1439 1242 1483 mun·

150 1515 173 1574 di
190 1515 425 1578 necessitatibus
446 1516 636 1596 obedirent,
658 1517 713 1579 alii
736 1517 878 1599 injuncta
899 1520 958 1582 sibi
981 1519 1082 1584 oflicia
1111 1521 1244 1600 singulis

150 1617 314 1696 ignibusque
330 1615 544 1695 temporibus,
566 1636 651 1696 quac
666 1620 755 1681 novit
781 1618 901 1682 artifex
917 1619 1016 1694 Deus,
1032 1620 1144 1684 sedulo
1160 1639 1246 1686 men-

152 1726 175 1778 te
193 1725 372 1779 tractarent.
395 1715 435 1780 Et
458 1736 499 1779 ex
521 1719 570 1782 bis
590 1719 780 1782 sublimiora
803 1721 913 1784 muudi
934 1722 1018 1797 loca,
1041 1723 1090 1784 sol
1112 1731 1144 1786 et
1166 1723 1242 1786 luna

151 1826 175 1879 at
191 1820 309 1894 stellae,
328 1837 415 1900 quae
436 1819 477 1880 ab
498 1818 657 1899 Apostolo
678 1831 828 1885 mentera
849 1822 1014 1898 dicuntur,
1038 1835 1244 1904 acceperunt.

152 1919 228 1995 Quae
247 1930 398 1984 creatura
422 1921 553 1984 vanitati
574 1923 720 2004 subjecta
742 1933 791 1986 est
811 1939 851 1985 en
872 1924 958 2003 quod
989 1926 1103 1986 crassis
1128 1943 1242 2004 corpo·

152 2022 225 2085 ribus
251 2022 452 2085 circumdata
480 2031 512 2086 et
533 2023 676 2103 aspectui
707 2031 836 2103 pateat,
859 2032 891 2086 et
923 2033 1027 2086 tamen
1050 2041 1111 2086 non
1133 2032 1245 2104 sponte

151 2123 278 2204 subiecta
298 2132 348 2186 est
370 2124 514 2196 vanitati,
535 2123 590 2186 aed
614 2134 749 2204 propter
772 2125 971 2188 uoluntatem
993 2123 1076 2204 eins,
1098 2126 1153 2204 qui
1175 2143 1245 2186 eam

150 2224 271 2303 subiecit
290 2224 323 2286 in
342 2241 408 2303 spe.
434 2221 474 2286 lit
497 2221 631 2286 iterum:
652 2224 706 2288 alii
730 2245 808 2287 uero
833 2227 866 2287 in
886 2226 1019 2304 singuiis
1041 2226 1121 2288 loeis
1148 2233 1247 2305 atquc

152 2326 357 2405 temporibus,
379 2344 464 2406 quae
484 2327 575 2390 solus
605 2327 724 2390 artifex
745 2330 856 2402 novit,
880 2329 988 2389 mundi
1014 2329 1244 2407 gubernaculis
1352 2375 1355 2382 .

151 2429 293 2502 seruiunt,
310 2447 393 2508 qnos
407 2427 538 2506 angelos
552 2427 624 2508 eius
637 2447 706 2491 esse
720 2429 893 2492 credimus.
912 2425 952 2490 Et
964 2437 1033 2506 post
1051 2429 1221 2507 paululum
1235 2449 1244 2490 a

152 2525 241 2602 Quem
263 2547 376 2593 rernm
397 2529 544 2591 ordinem
568 2532 666 2592 totins
688 2530 797 2594 mnndi
820 2531 902 2609 regit
924 2530 1146 2608 providentia,
1169 2530 1246 2593 dum

151 2629 221 2692 aliae
242 2631 378 2695 virtutes
399 2631 438 2693 de
459 2630 704 2694 sublimioribus
724 2639 896 2705 corruunt,
919 2632 1003 2694 aliae
1025 2632 1179 2710 paulatim
1202 2633 1248 2694 ta-

152 2730 259 2794 bnotur
279 2734 310 2794 in
333 2743 459 2796 terras:
482 2733 561 2795 istae
584 2733 787 2796 uoluntariae
807 2733 1027 2808 descendunt,
1050 2735 1132 2796 aliae
1155 2753 1246 2814 prae·

152 2833 313 2912 cipitantur
333 2835 464 2897 inritae:
488 2835 548 2896 bae
562 2841 675 2913 sponte
695 2835 874 2913 suscipiunt
890 2835 1077 2907 ministeria,
1102 2843 1137 2897 ut
1153 2853 1248 2900 ruen·
1363 2873 1366 2882 ,
1406 2875 1410 2885 -

154 2936 225 3001 tibus
240 2955 354 3001 manns
370 2937 548 3017 porrigant:
572 2937 647 2999 illae
660 2945 823 3016 coguntur
843 2937 999 3016 ingratae,
1018 2945 1053 2999 ut
1067 2945 1154 2999 tuoto
1170 2945 1248 2999 tem·

153 3055 218 3113 pore
238 3041 270 3100 in
289 3049 441 3118 suscepto
462 3037 568 3100 officio
586 3049 804 3120 perseverent.
827 3038 866 3102 fit
887 3036 1017 3100 iterum:
1042 3037 1091 3102 Ex
1113 3057 1180 3118 quo
1201 3059 1248 3100 se-

154 3141 265 3216 quitur,
282 3149 317 3202 ut
334 3141 377 3202 ob
400 3139 505 3201 varios
527 3149 633 3202 motus
657 3143 736 3202 uarii
758 3147 911 3203 creentur
932 3147 964 3201 et
985 3139 1108 3216 mundi,
1127 3148 1158 3202 et
1180 3146 1251 3218 post

155 3239 239 3314 bunc,
260 3260 358 3320 quem
381 3242 574 3316 incolimus,
598 3243 681 3304 alios
707 3243 812 3306 multo
832 3241 991 3304 dissimilis
1015 3241 1153 3304 mundns
1182 3240 1246 3303 liat.

155 3337 327 3423 Nullusque
348 3343 432 3406 alius
452 3343 588 3406 dirersis
608 3343 735 3406 casibus
755 3351 788 3405 et
810 3342 1007 3419 profectibus
1028 3351 1061 3403 et
1083 3342 1133 3404 vel
1153 3345 1251 3404 uirtu-

156 3449 213 3504 tum
235 3445 396 3524 praemiis,
422 3445 471 3506 rel
495 3445 648 3506 vitiorum
669 3443 849 3522 suppliciis,
869 3451 901 3505 et
922 3443 952 3504 io
974 3443 1145 3523 praesenti,
1167 3450 1199 3504 et
1221 3443 1251 3504 in

155 3540 268 3621 futuro,
290 3555 389 3627 alque
410 3546 442 3606 in
464 3546 612 3608 omnibns
633 3552 665 3606 et
688 3555 775 3608 retro
796 3554 828 3606 ct
851 3553 958 3621 postea
983 3544 1181 3621 temporibus
1197 3563 1251 3623 po·

156 3649 207 3704 test
226 3647 336 3708 merita
359 3647 555 3726 dispensare,
577 3656 610 3709 et
630 3646 669 3708 ad
687 3664 787 3709 nuum
807 3664 922 3709 rursus
936 3645 1028 3707 finem
1051 3657 1166 3710 cuncta
1180 3665 1251 3727 per-

157 3745 287 3817 trahere,
309 3746 367 3808 nisi
387 3747 478 3809 solus
498 3748 646 3810 conditor
667 3747 811 3808 omnium
834 3745 932 3820 Deus,
955 3747 1010 3825 qui
1031 3749 1091 3808 scit
1112 3766 1250 3818 causas,

156 3855 278 3925 propter
305 3866 387 3927 quas
409 3850 490 3910 alios
520 3848 683 3927 permittat
703 3867 762 3909 sua
793 3849 917 3929 perfrui
942 3848 1132 3923 uoluntate,
1153 3859 1186 3911 et
1214 3851 1253 3912 de

158 3948 321 4027 maioribus
342 3950 382 4012 ed
406 3951 517 4013 ultima
541 3949 697 4031 paulatim
720 3950 837 4024 delabi,
861 3951 942 4012 alios
964 3950 1094 4028 incipiat
1110 3952 1251 4024 visitare,

156 4057 184 4107 et
204 4050 358 4128 gradatim
380 4052 472 4130 quasi
495 4069 590 4113 mann
606 4049 679 4113 data
701 4051 740 4113 ad
763 4051 932 4131 pristinum
948 4051 1115 4113 retrabere
1134 4059 1254 4115 statuto

157 4156 184 4210 et
203 4150 231 4210 io
249 4153 442 4214 sublimibus
462 4153 635 4215 collocare.
661 4172 678 4208 >t

229 4250 278 4314 Ex
299 4254 360 4314 bac
380 4270 458 4314 sane
478 4253 675 4316 discussione
702 4261 768 4315 tom
801 4262 925 4315 veteres
948 4260 1014 4314 tum
1038 4253 1255 4328 recentiores,

158 4347 363 4430 aliiOrigeois
383 4371 512 4416 setrsum
535 4353 614 4417 illuc
637 4355 844 4429 transtulere,
862 4354 953 4433 quasi
976 4362 1110 4433 propter
1132 4355 1256 4416 ruinam

159 4451 325 4530 allapsum
346 4452 491 4516 decoefo
510 4455 691 4518 animarum
723 4456 911 4535 compulsos
934 4456 1032 4518 fuerit
1054 4453 1140 4517 Dens
1162 4454 1259 4518 fabri·

161 4566 228 4614 care
247 4572 393 4636 corpora.
418 4554 482 4619 Alit
503 4557 718 4622 diversimode
739 4557 961 4638 interpretati,
985 4557 1056 4620 iude
1077 4556 1256 4639 conjacere,
