3375 5567
425 782 479 839 cst
498 792 525 837 s.
542 771 694 851 Basilius,
716 773 893 839 contulerit
915 772 1186 856 interpretationi,
1211 790 1310 857 qne·
1329 775 1458 839 occulto
1477 793 1528 841 no·

424 877 509 938 mine
529 892 555 937 s.
579 872 713 949 Ductor,
737 883 770 939 ct
783 876 893 957 peloro
914 876 1042 941 lluctor
1063 874 1228 957 Epistulae
1241 878 1281 939 ed
1304 874 1466 951 llennem,
1489 876 1530 941 (l

423 976 526 1055 ripenl
541 977 734 1055 inscripsere
748 984 782 1039 et
802 977 1028 1054 confutarunt,
1049 978 1148 1060 puolo
1163 978 1248 1042 inter
1260 996 1296 1042 se
1309 976 1445 1041 diiierre
1464 994 1529 1058 per·

423 1074 549 1155 spiciet.
574 1071 610 1135 lu
626 1072 766 1139 ilomiliu
786 1074 827 1139 ll.
849 1094 990 1158 nemque
1009 1079 1282 1143 subtsnedreresen
1305 1081 1435 1143 nomine
1454 1097 1532 1141 com·

425 1174 669 1257 prehenderunt
687 1175 863 1255 potentium
882 1194 1043 1256 proceru,
1078 1180 1178 1243 immo
1198 1178 1305 1259 ipeeeos
1324 1174 1448 1241 melesii
1465 1178 1533 1240 dono

424 1295 464 1338 oc
483 1275 551 1339 leece'
571 1275 782 1354 contrarium,
807 1280 927 1341 molem
935 1298 998 1359 per
1017 1299 1049 1341 se
1067 1280 1224 1360 peniteret,
1242 1279 1380 1343 virtuter
1399 1282 1537 1343 odmen·

425 1376 494 1441 rios
515 1387 576 1440 etc.
601 1376 756 1441 Similiter
776 1380 808 1441 iu
829 1384 977 1460 sequenti
1000 1381 1142 1445 llomiiie
1166 1380 1224 1444 tlt.
1250 1383 1339 1461 quod
1366 1382 1534 1461 proesumi-

425 1490 481 1541 tur
500 1478 665 1542 admisisse
686 1478 873 1559 origenem,
890 1483 1029 1560 legimus
1045 1479 1208 1561 potentior
1227 1478 1536 1561 qemdocsspiritsse·

427 1582 471 1643 iss
493 1598 552 1661 per
576 1596 678 1659 eques
696 1582 871 1661 signillceri
895 1599 994 1663 supre
1020 1582 1259 1648 drmnmentnm
1287 1583 1479 1645 eoltoensees
1494 1582 1537 1643 is·

423 1683 511 1761 serere
537 1698 623 1755 esre,
647 1677 685 1743 irs
708 1680 843 1746 terrenis
865 1701 905 1745 ne
932 1680 1151 1747 materialiter
1172 1682 1251 1746 loeis
1271 1683 1445 1746 salsedine
1467 1702 1537 1762 pene

425 1793 518 1847 erem
540 1784 712 1866 maliprroe.
730 1784 771 1849 Et
793 1780 893 1864 plenlo
915 1792 988 1865 post
1008 1785 1229 1862 manifestius,
1249 1802 1327 1848 cum
1351 1784 1537 1847 marcionitis

428 1887 505 1950 inite
521 1889 707 1963 concordie,
723 1884 883 1966 Origenes
895 1886 1079 1949 docuisset:
1095 1902 1201 1965 nqeue
1212 1896 1317 1947 enters
1342 1904 1398 1948 ses
1409 1902 1472 1947 eser
1482 1883 1537 1963 spi·

426 1984 542 2050 rilniio
562 1986 720 2069 reperirier
740 1996 768 2049 et
787 1984 1022 2067 improbitatis.-
1040 1984 1099 2049 doe
1117 1983 1275 2066 iereproins
1292 1995 1414 2049 euentu
1433 1993 1462 2046 et
1478 1993 1538 2046 ter·

424 2086 570 2153 delerem
584 2099 613 2152 et
626 2086 791 2152 seditiosos
805 2098 868 2151 etc.
883 2086 998 2153 Nonne
1012 2103 1090 2167 erqo
1104 2088 1182 2169 jure
1197 2088 1271 2151 binc
1287 2096 1322 2150 et
1340 2086 1482 2167 emplius
1493 2103 1538 2147 er-

428 2190 541 2269 quitnr
562 2190 827 2254 marcioniterum
852 2197 887 2251 et
916 2188 1060 2253 eliorum
1085 2189 1329 2253 nessedeoron
1353 2188 1468 2262 imos,
1488 2187 1537 2266 qni

426 2291 520 2355 lilerls
540 2288 689 2371 Origeuis
710 2290 845 2367 islsetis,
863 2288 1040 2355 illuserunt
1059 2292 1177 2355 sinclis
1193 2290 1284 2367 siris,
1298 2291 1332 2353 in
1346 2291 1469 2370 quilius
1487 2286 1538 2349 lie·

428 2391 519 2468 silio,
534 2392 580 2455 ite
602 2402 639 2457 ut
653 2392 835 2468 crederent,
859 2408 961 2473 prere
976 2392 1126 2472 doqmets
1141 2409 1258 2457 revere
1281 2392 1314 2455 iu
1327 2392 1482 2457 eccleciae
1499 2390 1538 2451 in

431 2494 566 2557 trusisse
588 2490 847 2557 Animantium?

508 2594 614 2659 Probe
632 2614 712 2676 erqo
727 2592 914 2659 Vincentius
936 2595 1098 2660 lirinensis
1119 2594 1220 2675 penio
1234 2601 1307 2675 post
1320 2612 1347 2658 s.
1366 2592 1476 2657 Besttit
1493 2608 1538 2654 ee·

430 2702 529 2759 tutem
551 2697 583 2759 in
608 2695 853 2762 commonitorio
867 2716 896 2761 c.
918 2694 1043 2761 xxiii.
1065 2698 1152 2760 circe
1166 2695 1268 2760 libros
1288 2694 1443 2777 Origeuis
1457 2694 1540 2757 tene·

432 2806 493 2873 tus,
516 2804 573 2860 eut
596 2797 677 2862 lelso
699 2800 803 2863 eidem
824 2799 1013 2879 inscriptos,
1037 2799 1185 2879 plurium
1206 2798 1330 2861 letetsm
1351 2798 1537 2867 illusionem,

432 2895 508 2961 telin
529 2898 648 2977 scripte
670 2900 860 2978 tepentium,
883 2916 1027 2979 quorum
1049 2908 1168 2963 unctor
1188 2898 1370 2979 putubatur
1384 2896 1538 2976 Origenes,

430 2998 550 3079 quippe
570 3000 632 3063 suli
647 3000 745 3081 hujus
761 3002 890 3063 nomine
906 3001 1049 3080 rulqstn.
1067 2997 1110 3062 Et
1130 3000 1163 3061 in
1182 3000 1231 3062 leis
1250 3016 1329 3062 seue
1345 2999 1476 3061 ridetur
1488 3012 1538 3057 nu·

430 3098 605 3163 merendus
625 3118 650 3163 s.
667 3098 827 3164 Basilius:
844 3100 901 3181 qni
916 3101 976 3164 isos
995 3100 1098 3164 llltros
1119 3101 1288 3163 erroribus
1301 3107 1464 3163 scatentes
1478 3112 1539 3178 per

429 3216 578 3277 currens,
603 3203 792 3282 praesertim
814 3202 847 3265 in
871 3202 1022 3282 doqmste
1043 3203 1084 3265 dc
1103 3199 1227 3281 Spiritu
1248 3197 1387 3274 Senctc,
1413 3209 1446 3262 et
1464 3216 1538 3260 cou-

432 3300 607 3364 mentnrios
627 3298 664 3363 ies
686 3296 843 3377 Genesim,
863 3302 1061 3366 existimerit
1082 3303 1167 3366 lesud
1190 3310 1279 3365 recte
1298 3302 1466 3381 scripsisse
1478 3298 1540 3360 0ri·

431 3415 555 3479 penem.
574 3399 610 3463 ln
631 3401 749 3481 quibus
766 3408 874 3465 temen
898 3419 1015 3466 resero
1037 3419 1102 3465 uon
1121 3419 1265 3478 errasse,
1282 3402 1331 3465 uti
1352 3420 1414 3464 nec
1435 3400 1465 3462 in
1485 3398 1537 3459 ior

432 3499 519 3579 loco,
542 3507 695 3583 superius
715 3504 746 3565 iu
771 3511 913 3567 trectntu
933 3504 974 3567 de
986 3501 1146 3567 Triuitste
1166 3511 1316 3583 potenter
1338 3502 1535 3565 ostendimm.

517 3603 684 3680 Ceterum,
706 3606 766 3667 etsi
780 3606 925 3684 ellqnem
946 3604 1090 3667 volueris
1110 3606 1196 3667 iuter
1215 3620 1253 3668 es
1274 3604 1457 3682 susloqiem
1477 3598 1536 3662 nni·

433 3706 552 3768 rersim
574 3692 778 3768 considerato
799 3704 975 3769 llnrciouis
995 3714 1178 3767 commento
1199 3705 1240 3767 de
1260 3706 1354 3783 equis
1374 3698 1537 3783 superiori·

433 3806 547 3869 lenset
570 3805 777 3869 interioribus
799 3808 944 3884 reperire
967 3824 1042 3870 cum
1065 3806 1249 3884 slleqoricis
1272 3802 1535 3884 disquisitionibus

430 3923 533 3987 super
554 3923 590 3968 ec
615 3907 713 3971 serbe
735 3907 777 3967 el)
790 3906 932 3986 Origene
952 3908 1076 3970 exectis
1086 3926 1099 3986 3
1118 3907 1327 3970 nileilomiuns
1347 3905 1421 3968 telis
1439 3898 1537 3965 susle

434 4010 485 4088 qiu
506 4000 685 4070 secuudum
708 4006 882 4086 utriusque
901 4017 1118 4090 conceptum,
1145 4015 1271 4071 tentum
1295 4009 1380 4069 iuter
1399 4024 1434 4069 ee
1452 4003 1537 4065 distet

432 4114 593 4188 quonium
616 4105 719 4187 liqurs
741 4123 759 4167 e
782 4106 924 4187 daneto
937 4116 971 4172 et
984 4110 1171 4191 eppercntie
1192 4107 1322 4171 distein
1339 4106 1480 4170 reritsts.
1501 4098 1538 4161 el·

433 4208 505 4274 liud
526 4210 609 4273 enim
630 4218 680 4273 est
700 4208 821 4285 dicere,
837 4217 876 4273 ut
894 4212 1017 4291 optime
1037 4210 1166 4289 scripsit
1184 4206 1353 4290 Origenes,
1375 4222 1473 4287 equss
1489 4219 1537 4263 eu·

434 4310 581 4390 periuros
603 4318 849 4391 repraesentare
868 4312 937 4374 sire
957 4312 1118 4391 nnqelices
1132 4317 1318 4392 potestates,
1338 4308 1408 4371 sire
1427 4308 1535 4368 mentes

437 4415 564 4473 nostres
585 4426 662 4489 erge
686 4407 791 4474 Deum
813 4426 872 4489 per
893 4412 1085 4476 cleeritetem
1105 4410 1271 4492 elerntss3
1293 4418 1327 4475 et
1345 4406 1433 4472 eliud
1451 4405 1534 4467 eliso

436 4508 507 4574 lnts
527 4508 704 4585 sllireuere,
725 4511 773 4574 uti
788 4512 998 4578 marcionites
1017 4512 1253 4593 conduxerint,
1268 4510 1397 4578 subisti
1412 4504 1535 4574 crestio·
