3375 5567
445 756 506 816 ris:
530 753 562 816 io
593 770 661 834 quo
682 751 764 818 duos
793 751 967 818 audabatas
988 750 1199 832 digladiantes
1226 751 1309 812 luter
1332 764 1368 810 se
1394 753 1542 826 spectasse

445 872 496 916 me
518 854 633 918 faleor.
656 851 742 918 llicit
761 851 924 917 (laudidus
945 851 1073 929 dilium,
1087 852 1128 926 de
1150 851 1254 916 Patris
1275 869 1344 914 esse
1365 848 1541 922 substantia,

444 971 558 1016 errem
578 953 610 1015 io
623 971 675 1029 eo,
697 952 785 1034 qnod
800 947 969 1050 προβολήν
989 952 1070 1026 idest
1087 949 1300 1033 prelationem
1316 951 1442 1012 amerit.
1462 945 1544 1010 Ere·

443 1056 537 1134 gioue
557 1052 713 1134 Origenes
731 1054 828 1134 justa
852 1053 969 1115 driurn
997 1061 1031 1117 et
1051 1051 1250 1118 Eunomium
1277 1056 1459 1131 repugnat,
1479 1063 1544 1110 eun

447 1154 499 1216 vel
519 1156 684 1234 prolatum
705 1172 794 1230 esse,
818 1155 871 1220 vel
892 1162 1025 1232 natum,
1048 1173 1086 1218 ne
1109 1152 1196 1218 [leus
1219 1153 1316 1216 Pater
1345 1150 1504 1214 dividatur
1522 1149 1548 1208 in

446 1263 573 1334 partes:
595 1256 651 1320 sed
682 1255 760 1320 dieit
779 1256 951 1320 sublimem
980 1263 1014 1320 et
1038 1255 1344 1320 excellentissimam
1377 1259 1547 1314 ereaturam

450 1356 618 1420 voluntate
640 1354 743 1421 Patris
763 1357 923 1430 extitisse,
942 1357 1028 1421 sieut
1047 1364 1080 1420 et
1100 1363 1225 1420 ceteras
1246 1360 1428 1419 creaturas.
1448 1369 1466 1407 ιι

527 1455 680 1521 Proiecto
699 1461 726 1522 si
746 1457 877 1537 genuini
900 1458 1100 1522 hebetentur
1119 1457 1151 1519 bi
1171 1473 1295 1531 seusun
1312 1451 1470 1532 Origenes
1485 1449 1550 1530 jure

451 1552 527 1618 Arii
547 1553 645 1618 Peter
660 1564 854 1634 reseretur,
877 1575 915 1621 ac
930 1557 1047 1638 impius
1069 1574 1133 1622 una
1148 1573 1224 1620 eum
1244 1573 1297 1630 eo,
1314 1553 1549 1628 damnatusque.

448 1655 680 1720 Verumtamen
701 1658 795 1722 valde
809 1660 849 1722 de
870 1659 919 1722 iris
933 1659 1160 1739 ambigendum
1175 1668 1233 1721 est.
1248 1655 1420 1736 lit—primo
1435 1651 1550 1732 quiden

449 1756 638 1834 notandum,
662 1756 896 1840 Hieronymum
918 1777 981 1822 uou
1004 1760 1102 1822 verba
1128 1760 1251 1837 integra
1272 1755 1426 1836 Origenis
1453 1757 1550 1834 protu-

449 1857 547 1935 lisse,
568 1856 623 1920 eod
643 1875 773 1922 sensum
797 1859 1040 1934 tantummodo,
1063 1876 1102 1922 ao
1121 1873 1250 1922 sensum
1272 1855 1409 1936 quidem
1436 1853 1550 1914 minine

449 1957 683 2036 exprimentem
704 1958 803 2038 ipsius
824 1958 933 2036 tidem,
951 1960 1006 2024 sed
1029 1959 1225 2022 haereticam
1239 1957 1449 2036 pravitatem,
1464 1967 1481 2013 a
1496 1965 1550 2030 qua

451 2060 578 2137 penitus
607 2059 779 2124 abborruit
801 2063 871 2123 vir:
895 2077 934 2124 ae
962 2061 1035 2125 ideo
1061 2059 1293 2123 amandandum
1326 2059 1415 2121 iuter
1443 2060 1551 2116 oeteras

451 2159 685 2228 commentitias
707 2160 960 2226 insimulationes
980 2168 1093 2224 eontra
1108 2160 1257 2224 eumdem
1278 2150 1553 2237 congemescens

398 2275 403 2282 ·
452 2255 608 2336 Origenes
630 2261 835 2339 repugnavit,
859 2259 979 2325 Filium
993 2261 1101 2324 disere
1118 2259 1330 2340 prolationem
1345 2276 1385 2320 ne
1406 2265 1509 2318 ιιαιιιιιι
1522 2269 1553 2312 ιι

453 2354 541 2420 Dens
561 2356 764 2421 divideretur
784 2360 815 2420 in
838 2367 945 2440 partes
972 2360 1069 2442 juxta
1090 2359 1309 2440 quorumdam
1331 2356 1468 2421 somnia.
1493 2350 1553 2414 Nou

453 2475 533 2520 vero
555 2461 768 2538 repugnavit,
795 2458 914 2524 Filium
937 2461 1044 2524 dicere
1061 2458 1274 2540 prolationem
1304 2467 1365 2520 aut
1390 2463 1497 2518 omum
1521 2469 1554 2512 ea

456 2555 552 2622 Patre
579 2547 621 2618 ab
641 2567 774 2623 aeterno
803 2563 958 2639 genitum.
982 2558 1170 2638 Quinimmo
1199 2561 1321 2640 ubique
1344 2576 1385 2622 ac
1415 2561 1554 2638 perpetuo

455 2659 516 2720 boe
536 2658 685 2734 eredidit,
708 2659 915 2741 firmavitque
930 2680 1032 2743 prope
1053 2663 1247 2726 catholicam
1267 2661 1465 2734 doctrinam,
1485 2670 1555 2716 asse·

455 2774 528 2824 reus
549 2773 714 2838 nunqnam
736 2759 834 2823 luisse
857 2769 995 2840 tempus,
1017 2778 1084 2842 quo
1107 2759 1210 2824 Filius
1224 2777 1287 2823 non
1308 2765 1410 2834 esset,
1426 2751 1556 2837 proinde

456 2874 521 2934 que
541 2857 720 2921 nullimode
740 2859 1001 2924 coniundendum
1023 2879 1093 2924 esse
1113 2879 1188 2926 eum
1210 2859 1326 2924 ceteris
1349 2857 1516 2922 creaturis.

535 2954 578 3018 tir
597 2974 634 3020 re
655 2957 787 3036 quidem
809 2976 907 3034 vera,
931 2961 1095 3040 quomodo
1123 2963 1223 3024 statui
1252 2957 1480 3042 petuam-talia
1500 2951 1553 3014 bla-

455 3055 639 3133 sphemasse
659 3058 700 3120 de
720 3056 805 3122 Filio
825 3057 1013 3140 Origenem,
1035 3068 1072 3123 ul
1093 3061 1198 3142 ipsum
1221 3060 1344 3122 laeeret
1368 3055 1428 3120 Oei
1452 3069 1525 3134 opus
1542 3067 1555 3108 a

456 3155 553 3220 Patre
567 3158 733 3222 divorsum
745 3160 841 3224 sicuti
854 3167 979 3225 eeteros
997 3171 1176 3238 creaturas,
1193 3160 1323 3241 quaudo
1346 3166 1428 3224 leste
1440 3177 1466 3222 s.
1481 3154 1556 3217 Pan·

459 3259 564 3338 philo,
584 3260 616 3322 in
637 3259 734 3325 Libro
756 3260 780 3322 l.
802 3281 830 3326 o.
847 3261 890 3324 lt.
906 3260 1103 3340 Periprobon
1124 3261 1172 3324 bis
1197 3261 1344 3324 sensibus
1366 3259 1555 3322 adremmon

458 3377 580 3440 eosque
601 3361 760 3438 confutat,
775 3363 833 3441 qui
857 3362 967 3425 taliter
987 3363 1129 3442 cogitant
1147 3361 1187 3424 de
1210 3360 1267 3424 Dei
1290 3359 1401 3424 Filio?
1422 3351 1558 3432 «sempi-

460 3468 600 3536 ternum,
612 3463 670 3537 ait,
683 3464 734 3525 vel
747 3471 916 3526 aeteruum
929 3465 1059 3543 proprie
1071 3463 1201 3538 dicitur,
1214 3461 1301 3542 quod
1314 3479 1423 3541 neque
1435 3457 1556 3520 initium

458 3568 495 3622 ut
509 3571 604 3637 esset,
621 3562 745 3638 babuit,
761 3581 866 3644 neque
880 3583 1006 3628 cessare
1022 3583 1165 3644 unquam
1188 3571 1292 3643 potest
1309 3581 1393 3638 esse,
1413 3555 1496 3640 quod
1510 3558 1557 3614 est.

459 3656 531 3721 llos
556 3667 665 3723 autem
688 3661 876 3742 designatur
903 3666 988 3743 apud
1011 3664 1169 3730 loannem
1198 3682 1272 3729 oum
1293 3663 1394 3725 dieite
1422 3655 1557 3740 poemen

462 3755 543 3820 Deus
563 3760 624 3820 lus
644 3770 697 3824 est.
719 3763 880 3841 Splendor
900 3774 1008 3829 autem
1031 3766 1113 3830 lueis
1135 3766 1218 3846 ejus,
1240 3764 1405 3842 Sapientia
1427 3777 1483 3824 sua
1503 3761 1555 3818 esi·

460 3877 523 3920 nou
543 3860 650 3922 solum
671 3861 848 3926 secundum
872 3865 959 3943 quod
982 3866 1042 3928 lux
1063 3873 1110 3929 est
1121 3909 1134 3944 ,
1155 3864 1210 3928 sed
1231 3873 1264 3926 et
1284 3861 1465 3927 secuudum
1483 3851 1556 3935 quod

459 3959 654 4037 sempiterna
674 3961 736 4024 lux
756 3970 816 4037 est,
839 3963 883 4024 ita
906 3972 943 4027 ut
963 3970 1114 4028 aeternus
1135 3974 1168 4028 et
1196 3963 1395 4026 aeternitatis
1422 3955 1558 4039 splendor

461 4059 502 4118 sit
522 4055 682 4137 Sapientia
702 4079 773 4124 sna.
797 4059 892 4138 Quod
916 4067 943 4126 si
964 4065 1087 4143 integre
1103 4064 1315 4144 intelligutur,
1339 4055 1557 4126 munitostede·

460 4159 586 4233 clarat,
608 4162 686 4239 quia
707 4162 911 4228 subsistentia
935 4162 1008 4226 Filii
1030 4165 1071 4227 ab
1098 4168 1166 4245 ipso
1189 4164 1284 4228 Patre
1309 4163 1491 4234 deseendit,
1510 4153 1554 4218 sei

463 4279 525 4324 non
548 4264 782 4340 temporaliter,
798 4283 904 4344 neque
917 4266 958 4328 ab
981 4266 1050 4330 ullo
1065 4268 1131 4331 alio
1153 4268 1256 4342 initio,
1271 4267 1344 4338 nisi,
1368 4273 1405 4326 ut
1418 4261 1554 4324 diximus.

463 4362 594 4441 abipso
624 4362 701 4426 Deo.
727 4383 743 4420 ιι
767 4363 809 4428 Et
828 4385 890 4430 eur
911 4385 982 4430 nam
1012 4369 1144 4449 insuper
1166 4369 1242 4434 talia
1273 4369 1315 4431 ibi
1337 4365 1555 4445 blasphemasse

464 4464 606 4538 potuerit
627 4461 803 4542 Origenes,
826 4467 990 4544 inquiens,
1015 4465 1073 4530 Dei
1093 4466 1215 4531 Filium
1237 4464 1487 4530 rettimissinom
1506 4469 1555 4516 ιιι*
