3375 5567
426 793 588 876 qnondam
610 798 764 861 meretrix
787 797 859 862 luit.
884 797 1029 862 Etiamsi
1045 798 1155 863 ticillo
1175 797 1297 880 populu
1319 797 1386 860 suit
1408 795 1513 876 aliquis

424 897 557 975 salvari,
579 898 619 960 nd
641 899 723 962 hanc
743 898 875 963 domum
900 900 1016 978 veniat,
1040 907 1077 963 ut
1097 901 1234 963 salutem
1256 901 1403 980 consequi
1418 900 1514 979 possit.

428 996 478 1062 tid
500 998 582 1065 hanc
604 1002 712 1065 ventat
733 1001 877 1078 domum,
900 1001 932 1064 in
953 1019 1017 1080 qna
1039 999 1159 1066 Christi
1182 1003 1309 1081 sanguis
1324 1001 1451 1082 insigne
1474 1019 1518 1063 re·

426 1103 614 1186 demptionis
635 1111 694 1167 est.
718 1101 800 1168 Nam
822 1103 907 1183 apud
930 1102 1015 1179 ilios,
1038 1105 1093 1183 qni
1116 1103 1291 1167 dixerunt:
1312 1101 1518 1183 sanguisejus

424 1225 521 1286 snper
539 1222 596 1267 nos
617 1213 646 1267 et
664 1221 758 1285 snper
777 1201 862 1285 filios
883 1214 1024 1278 nastros,
1046 1203 1165 1268 Christi
1185 1207 1313 1286 sanguis
1333 1207 1363 1266 in
1383 1205 1520 1268 condem·

424 1307 585 1371 nationem
607 1313 721 1369 est...
745 1303 848 1370 Nemo
870 1325 947 1386 ergo
968 1307 1027 1370 sibi
1049 1306 1263 1388 persuadeat,
1291 1325 1384 1369 nemo
1405 1307 1521 1370 semeti-

424 1425 518 1486 psum
540 1406 701 1487 deciplat3
724 1414 817 1469 extra
849 1407 929 1470 hane
951 1407 1104 1482 domum,
1128 1408 1208 1470 idest
1232 1417 1324 1470 extra
1357 1406 1520 1470 Ecclesiam

425 1525 519 1571 nemo
539 1509 698 1572 salvator.
722 1505 805 1573 Nam
821 1505 926 1588 'siquis
957 1507 1042 1571 ieras
1063 1509 1200 1585 exterit,
1229 1511 1341 1572 mortis
1368 1527 1444 1572 suae
1463 1509 1520 1588 ipsa

428 1609 464 1672 ut
478 1627 563 1674 rens.
586 1606 647 1674 Hic
660 1611 789 1689 sanguis
803 1619 851 1673 est
862 1611 1001 1690 siguum,
1017 1610 1093 1692 quia
1110 1613 1163 1675 istc
1177 1617 1226 1675 est
1239 1611 1432 1693 purificatio,
1446 1629 1521 1692 quae

426 1727 486 1792 per
505 1712 690 1792 sanguinem
713 1719 880 1774 constat.»

504 1809 718 1892 Posteaquam
734 1829 812 1874 uero
832 1831 874 1875 ex
890 1812 951 1874 hoe
967 1809 1147 1876 testimonio
1167 1811 1331 1877 Ecclesiae
1344 1813 1523 1878 christianae

426 1913 594 1991 unitatem,
609 1903 702 1976 extra
724 1931 822 1994 qnam
843 1931 906 1975 non
928 1914 1140 1989 datursalus,
1155 1917 1301 1995 apprime
1322 1915 1522 1995 apprehendi·

425 2032 518 2096 mua3
542 2015 625 2079 illud
641 2029 787 2096 qouque·
799 2021 897 2096 patet,
914 2014 1077 2079 Christum
1093 2016 1134 2077 ab
1154 2016 1266 2080 eotletu
1290 2015 1524 2098 Origene'nnn·

424 2123 580 2197 cupatnm
603 2115 700 2180 luisse
723 2115 836 2192 locem,
859 2125 886 2177 et
907 2125 1003 2194 eaput
1020 2115 1157 2196 quadem
1174 2115 1350 2194 Ecclesiae,
1365 2135 1458 2198 qoem
1475 2117 1526 2182 sili

423 2214 633 2297 desponsavit,
655 2237 694 2280 oc
706 2215 792 2279 verli
810 2217 864 2279 saei
883 2217 1011 2280 veritate
1025 2225 1179 2299 tanquam
1202 2226 1293 2282 muro
1313 2217 1523 2302 circumsepsit.

425 2317 475 2384 ete
495 2319 567 2384 ideo
588 2317 628 2383 ad
650 2317 779 2382 Patrem
802 2337 1009 2396 reversurus,
1025 2323 1167 2401 regimn
1187 2322 1288 2402 ipsius
1308 2319 1431 2387 Simoni
1449 2339 1525 2386 com-

423 2419 520 2497 misit,
543 2421 637 2484 illum
658 2419 789 2501 speciali
810 2420 906 2484 titulo
921 2439 1109 2503 noncupans
1122 2443 1131 2485 ι
1146 2433 1180 2486 tn
1201 2441 1233 2486 es
1248 2421 1377 2500 Peme,
1396 2431 1426 2488 et
1443 2439 1525 2505 seper

425 2521 509 2584 lone
533 2521 658 2586 Petram
683 2520 853 2602 oedificabo
873 2519 1049 2588 Ecclesiam
1070 2541 1179 2587 meam.
1206 2525 1255 2589 Ac
1280 2533 1454 2607 propterea
1472 2523 1526 2589 To·

426 2643 481 2688 mo
505 2623 543 2686 V.
567 2624 875 2686 commentariorum
896 2621 933 2686 in
952 2621 1127 2701 loannem,
1149 2627 1283 2691 scribite
1300 2647 1320 2689 u
1335 2625 1436 2710 Super
1454 2627 1526 2692 lane

425 2725 556 2792 Petrum
577 2725 772 2805 aedificatum
798 2721 916 2788 certeis·
938 2723 1124 2802 Eceiesinm,
1145 2727 1295 2790 odomsut
1315 2743 1415 2811 qurum
1430 2738 1529 2810 portae

424 2827 522 2911 inseri
545 2845 609 2889 non
620 2824 856 2908 praecantum.
874 2845 891 2882 n
905 2825 945 2890 Et
961 2827 1017 2891 ille
1031 2828 1160 2908 quidem
1175 2837 1235 2908 est,
1248 2842 1348 2910 quem
1360 2828 1461 2895 Temo
1474 2825 1526 2893 ttt.

424 2929 462 2994 in
480 2927 637 3002 Genesim,
654 2936 826 3009 postquam
840 2925 980 3008 judaeis,
997 2931 1099 3008 quiin
1115 2929 1311 3013 dispersione
1327 2939 1530 3014 erant‚prae·

425 3029 558 3105 dicavit,
577 3031 622 3091 ait
643 3025 780 3092 Romam
803 3033 938 3107 venisse,
960 3031 1071 3111 ibique
1085 3042 1249 3114 postremo
1264 3035 1426 3121 martyrio
1445 3049 1529 3099 core

426 3139 551 3195 natum.

505 3221 586 3296 Cum
608 3240 717 3296 autem
750 3232 896 3295 nonnulli
919 3231 1008 3300 Petri
1028 3251 1128 3316 super
1152 3234 1335 3300 universam
1359 3233 1528 3302 Ecclesiam

424 3334 600 3416 primatum
620 3353 661 3397 ex
676 3331 868 3414 quibusdam
891 3333 990 3415 ipsius
1003 3333 1153 3414 Origcnis
1170 3336 1428 3418 expositionibus
1447 3337 1528 3400 inci·

426 3443 492 3502 tata
514 3435 631 3501 Christi
654 3433 751 3499 verba
763 3435 898 3511 exactis,
920 3433 1117 3501 tabefactam
1131 3445 1302 3515 conentur,
1325 3447 1365 3504 ut
1385 3439 1468 3505 iufra
1486 3437 1527 3502 di·

425 3548 542 3619 cetur3
565 3537 637 3601 ideo
659 3533 749 3599 iilius
772 3553 884 3599 sensus
907 3535 938 3598 io
960 3537 1020 3602 hac
1044 3539 1233 3619 quaestione
1256 3539 1526 3606 illustrandicau·

422 3656 471 3718 sa,
494 3638 672 3703 testimonia
693 3637 791 3718 ipsius
812 3636 853 3699 tio
875 3637 937 3701 hoc
957 3644 1148 3720 argumento
1168 3658 1187 3704 o
1206 3641 1273 3705 suis
1293 3639 1388 3706 libris
1409 3639 1528 3706 inresti-

420 3746 535 3822 'gatnm
549 3741 705 3814 ineamus,
727 3747 765 3801 nt
786 3737 903 3802 deinde
923 3757 1008 3821 quaa
1029 3747 1143 3805 contra
1163 3757 1221 3806 uos
1243 3742 1352 3808 tacere
1365 3743 1526 3818 dicautur,

424 3841 530 3924 aequa
550 3840 781 3922 explanatione
801 3839 974 3905 donentur.

503 3939 540 4007 ln
553 3943 665 4023 primis
687 3942 779 4004 nobis
798 3941 904 4005 adsmt
924 3942 1130 4024 praeclarum
1150 3941 1303 4028 origenis
1315 3945 1529 4013 testimonium

424 4046 464 4110 do
483 4045 640 4126 singulari
661 4059 761 4125 supra
792 4051 918 4107 eeteros
939 4046 1102 4125 apostolos
1124 4049 1351 4128 praerogativa
1379 4067 1423 4114 ex
1450 4063 1528 4112 cnm·

418 4134 663 4213 'meutariorum
692 4143 795 4208 Temo
817 4139 860 4206 ll.
883 4164 914 4208 u.
935 4141 987 4212 29.
1009 4143 1046 4209 in
1065 4145 1218 4212 loannem
1248 4165 1308 4229 por
1328 4167 1366 4212 aa
1394 4147 1532 4213 saumae

426 4249 511 4314 dicta
532 4248 571 4313 ati
587 4247 747 4314 Simonem
770 4247 927 4309 tratrem:
942 4243 1120 4311 invenimus
1139 4247 1307 4323 Messinm·
1321 4269 1407 4332 quac
1421 4251 1463 4314 tta
1481 4267 1531 4312 ex·

425 4353 535 4432 ponit:
553 4370 570 4409 ι
585 4347 678 4426 Quae
700 4363 797 4413 vora
819 4348 935 4427 quovis
949 4345 1011 4410 dici
1032 4350 1163 4430 poterit,
1179 4351 1235 4432 qni
1252 4351 1411 4415 iurauerit
1422 4345 1479 4413 ttet
1490 4345 1529 4409 le

423 4471 498 4534 pom,
520 4458 554 4516 at
574 4455 630 4532 qui
651 4449 692 4514 ab
712 4447 813 4530 ipsius
834 4446 1001 4513 divinitate
1022 4449 1157 4531 regitur.
1180 4449 1340 4517 Fructum
1361 4467 1441 4516 sero
1459 4461 1528 4513 max

426 4551 524 4618 otiari
541 4549 672 4621 carneo
687 4549 822 4618 tratrem
841 4545 1013 4615 Simonem.
1036 4547 1144 4628 Quom
1163 4567 1299 4618 munero
1316 4547 1472 4634 singulari
1483 4565 1527 4613 re·
