3375 5567
1181 664 1250 716 xttt

185 791 264 854 cam,
287 768 488 865 opiniones,
514 780 553 841 et
580 767 761 865 quamvis,
788 766 850 843 ubi
879 780 1082 864 opportuna
1109 770 1248 844 venerit

183 897 218 968 te
240 896 312 992 ipsa
329 895 547 993 disquisitio,
574 917 688 993 prope
707 894 929 971 catholicum
955 917 1103 969 sensum
1128 896 1247 995 ipsum

182 1023 348 1120 scripsisse
367 1022 556 1120 probetur,
582 1022 816 1100 nibilominus
830 1021 867 1095 in
895 1019 1003 1096 Libro
1023 1020 1068 1096 ΙΙ.
1098 1046 1131 1097 c.
1149 1022 1242 1097 vlu.

180 1175 208 1224 n.
230 1145 264 1224 i.
296 1151 366 1225 boc
393 1151 604 1249 pertingens
634 1161 915 1248 argumentum,
944 1148 1094 1224 scribit:
1121 1177 1138 1221 a
1173 1149 1245 1225 Ve-

179 1285 366 1352 rumtamen
395 1280 491 1376 quod
517 1278 688 1363 diximus,
707 1291 869 1353 mentem
892 1277 929 1351 in
948 1279 1104 1353 animam
1133 1281 1244 1365 verti,

178 1405 223 1477 rel
235 1406 332 1503 siqua
349 1405 419 1479 alia
438 1406 474 1479 in
502 1407 571 1480 boc
587 1408 753 1481 ridentur
771 1406 946 1503 aspicere,
965 1405 1137 1481 disentiat
1150 1408 1244 1505 apud

176 1554 218 1615 se,
241 1533 299 1629 qni
323 1532 427 1630 iegit,
455 1532 664 1630 diligentius
691 1546 730 1607 et
758 1545 970 1629 pertractet.
1001 1532 1045 1607 Α.
1062 1534 1165 1608 nobis
1189 1546 1245 1609 ta·

175 1680 241 1730 nen
266 1684 338 1733 non
365 1672 539 1757 putentur
570 1659 673 1734 velut
697 1660 867 1756 dogmata
891 1684 972 1736 esse
1001 1660 1155 1759 prolata,
1179 1662 1242 1736 sed

174 1789 332 1862 tractandi
372 1810 473 1861 more
501 1810 544 1861 ac
575 1788 779 1884 requirendi
812 1810 896 1863 ease
927 1788 1106 1863 discussa.
1139 1814 1157 1859 r
1190 1788 1241 1863 Ac

172 1915 261 2008 panio
287 1929 373 2013 post
396 1916 534 2019 subdit:
562 1942 580 1986 tt
607 1913 705 1989 Haec
728 1927 837 2013 prout
860 1918 1045 2013 potuimus
1068 1916 1115 1989 de
1134 1918 1241 1991 ratio·

172 2038 264 2113 nabiii
291 2041 415 2116 anima
443 2041 669 2116 discutienda
699 2041 856 2138 ruagisa
887 2039 1103 2138 legentibus,
1130 2066 1238 2140 quarn

170 2178 288 2242 statuta
324 2192 371 2242 nc
403 2170 564 2253 definita,
597 2168 827 2266 protulimus.
859 2194 888 2239 vr
920 2169 1012 2243 ltem
1034 2170 1095 2245 ‘do
1131 2170 1239 2245 astris

170 2294 385 2381 coelestibus,
405 2298 524 2372 varias
542 2298 659 2371 sciens
679 2309 765 2370 tunc
786 2270 975 2370 hominurn
995 2310 1155 2372 mentem
1170 2297 1238 2371 dis·

169 2442 295 2497 currere
327 2423 531 2497 sententias
559 2424 654 2497 circa
692 2445 821 2499 eorum
858 2439 1054 2514 naturam3
1082 2448 1237 2523 cumque

168 2549 339 2643 speciatim
367 2549 527 2624 animate
555 2562 595 2625 et
623 2550 706 2624 binc
734 2550 964 2628 rationabilia·
994 2550 1121 2650 suique
1143 2554 1236 2645 iuris

167 2694 199 2745 ea
226 2699 303 2752 esse
333 2678 483 2776 quidam
510 2678 786 2765 arbitrarentur,
817 2679 941 2754 volens
961 2692 999 2754 et
1026 2680 1103 2777 ipae
1128 2703 1234 2755 suurn

167 2802 310 2894 proferre
337 2827 499 2891 sensnm,
519 2806 615 2879 bunc
635 2807 685 2879 ita
708 2807 907 2904 praevenit:
933 2830 950 2878 r
977 2803 1151 2896 Quamvis
1166 2807 1234 2883 hnc

166 2926 343 3027 inquirere,
363 2934 534 3007 audaciae
558 2935 747 3026 cujusdam
763 2956 844 3009 esse
865 2934 1044 3021 videatur3
1062 2936 1231 3033 quoniam

166 3070 269 3134 umen
296 3062 500 3158 captandae
529 3062 694 3136 veritatis
721 3062 842 3135 studio
868 3084 1119 3158 provocamur,
1138 3086 1230 3159 quae

165 3188 330 3277 possibilia
345 3190 450 3263 nobis
465 3202 563 3274 sunt,
578 3190 778 3263 secuudum
799 3190 953 3285 gratiam
973 3188 1128 3285 Spiritus
1147 3188 1233 3263 San·

164 3312 202 3383 cti
222 3317 373 3390 serutari
399 3330 438 3391 et
464 3330 671 3413 pertentare
706 3339 775 3389 nou
809 3317 954 3390 videtur
978 3316 1225 3391 absurdum.»

164 3433 201 3509 tr
223 3440 309 3516 bace
338 3456 444 3517 notat
474 3443 510 3515 in
541 3440 648 3516 Libro
675 3443 703 3515 Ι.
734 3466 767 3516 c.
797 3440 871 3516 Vii.
902 3467 937 3516 n.
962 3438 1000 3517 3.

249 3568 453 3645 Nouissime
472 3570 516 3643 de
546 3592 612 3654 eo,
635 3570 729 3666 quod
764 3571 816 3641 ait
836 3568 1012 3665 Origenes
1036 3570 1228 3644 secandam

163 3696 294 3785 uatium
314 3694 470 3795 Spiritus
493 3694 633 3779 Seresti,
652 3720 768 3793 neque
788 3720 854 3771 nos
875 3698 1005 3781 lateat,
1024 3697 1099 3770 suis
1118 3718 1227 3794 saepe

163 3837 348 3898 consertam
377 3826 529 3921 reperiri
551 3824 857 3921 disputationibus
883 3825 1044 3916 ejusdem
1070 3824 1226 3920 Spiritus

163 3944 422 4025 invocationem:
443 3964 485 4026 ut
502 3952 572 4025 boc
591 3952 680 4024 item
706 3950 810 4024 nobis
828 3951 1002 4047 praebeat
1021 3951 1103 4025 fidei
1123 3974 1225 4035 suae,

162 4072 303 4165 pietatis,
330 4078 561 4165 humilitatis,
581 4072 742 4175 rectique
762 4100 892 4153 sensus
926 4078 1167 4153 vadimonium
1189 4078 1223 4149 in

162 4194 216 4273 hoc
242 4217 280 4277 et
307 4205 485 4279 similibus
508 4207 707 4279 tractandis
730 4206 966 4301 argumentis.

247 4326 395 4404 Exactis
413 4333 598 4431 bucusque
627 4356 799 4430 perquam
821 4332 1048 4417 brevissime,
1078 4330 1220 4428 quaein

162 4447 204 4525 bis
222 4472 441 4553 quaeruntur
464 4459 578 4548 libris,
608 4485 677 4536 uon
707 4460 773 4535 abs
798 4486 837 4538 re
870 4461 938 4537 erit
966 4460 1062 4534 tituli
1092 4460 1221 4533 horum

258 4578 320 4643 tor.
423 4580 468 4645 11.
1101 4582 1122 4647 2
