3375 5567
439 791 488 854 uis
509 789 741 870 percurrendis
758 789 1015 858 consideratione
1036 789 1132 873 digua
1149 803 1239 874 snutp
1261 795 1316 876 qni
1338 795 1453 874 primus
1472 793 1529 858 lere

441 891 736 956 ecclesiasticorum
751 890 932 958 lloctornni
953 903 1018 958 tam
1042 894 1166 975 amplas
1187 898 1365 975 absumerit
1380 896 1531 960 dbcmaic-

440 1009 506 1056 nes.
523 992 573 1056 An
586 995 777 1072 praesertim
791 1007 867 1058 cnm
883 997 1032 1060 norimus
1042 997 1234 1092 ¹nondun-igr
1249 993 1390 1061 Ecclesia
1404 1013 1459 1061 uec
1471 1015 1532 1060 rer·

441 1093 480 1159 ba
501 1103 611 1169 certa,
633 1112 692 1162 nee
714 1098 884 1176 proprium
915 1095 1082 1161 ιιιιιιιιιιιιιι
1105 1097 1204 1164 luisse
1224 1115 1424 1172 sermonem,
1450 1101 1533 1162 sicuti

440 1197 561 1262 laetum
585 1203 634 1260 est
654 1205 726 1278 post
740 1196 836 1263 Pauli
855 1201 1060 1276 samosateni,
1078 1199 1214 1282 llrlique
1227 1201 1391 1278 lacerasse,
1404 1201 1458 1282 qni
1472 1218 1536 1264 con·

441 1307 491 1362 tra
513 1300 575 1364 boe
595 1299 712 1381 dogma
731 1301 948 1382 disputarunt.
971 1301 1181 1383 Quapropter
1201 1304 1291 1366 venia
1312 1303 1448 1384 quadam
1468 1309 1535 1382 puto

441 1401 625 1465 donandum
646 1421 716 1467 esse
735 1401 934 1482 origenem,
962 1405 991 1469 si
1010 1405 1042 1468 iu
1063 1406 1227 1470 nonnullis
1251 1405 1443 1470 dictionibus
1461 1404 1534 1469 band

440 1503 634 1568 satisfecerit
654 1505 804 1583 posteris,
825 1514 884 1568 ant
907 1506 1078 1574 bastetlcls
1098 1506 1235 1571 fortasse
1253 1507 1442 1590 praebuerit
1459 1523 1537 1570 occa·

441 1602 563 1668 sionem
578 1604 611 1666 in
622 1602 815 1670 catholicam
828 1605 1019 1686 erumpendi
1033 1607 1233 1670 doctrinam:
1245 1625 1322 1671 cnm
1336 1613 1439 1670 tamen
1452 1605 1537 1686 ipsius

442 1707 635 1770 cnmcientia
657 1708 860 1774 haereticum
871 1725 1002 1774 sensum
1025 1709 1214 1790 repudiarit.
1237 1707 1280 1772 Et
1299 1710 1343 1772 ob
1357 1710 1419 1772 bon
1436 1725 1538 1789 oppnr·

443 1814 520 1871 tune
542 1809 632 1872 nobis
651 1808 854 1890 suffragatur
870 1795 1077 1876 ¹lissitanaenl
1106 1810 1278 1874 obtestatio
1303 1811 1454 1874 nonem
1473 1807 1540 1876 Aro-

444 1909 579 1975 dcms'om
598 1909 832 1992 disputatorum
853 1911 893 1974 de
913 1909 1079 1978 Trinitatis
1103 1915 1258 1997 mysterio
1279 1914 1316 1976 in
1339 1910 1484 1976 Ormionc
1499 1904 1540 1974 le.

442 2013 480 2076 de
493 2011 588 2076 Fides
606 2034 622 2074 ι
638 2011 735 2088 Νιιιι,
759 2015 876 2093 inquit,
892 2013 1050 2095 professio
1070 2014 1144 2078 lidei
1166 2013 1334 2078 manifesta
1357 2024 1420 2087 est,
1433 2020 1463 2076 et
1478 2010 1541 2074 Per·

442 2133 520 2178 sona
541 2132 618 2178 cnm
640 2113 808 2178 vocabulis
829 2121 956 2178 constat
968 2135 979 2194 5
1001 2122 1034 2179 el
1055 2135 1118 2178 una
1141 2104 1297 2180 Divinitas
1318 2117 1473 2196 assignata
1492 2121 1539 2176 est

442 2212 502 2280 Vel
522 2218 549 2280 si
569 2217 679 2282 adbuc
698 2217 822 2296 aliquid
844 2224 911 2292 est,
933 2217 1021 2296 quod
1042 2218 1223 2298 legentibus
1243 2219 1433 2299 ambiguum
1452 2215 1541 2279 ridea-

445 2328 499 2382 tur
514 2319 545 2380 in
562 2318 681 2391 verbis,
698 2319 736 2380 ad
753 2335 866 2380 sensus
881 2318 996 2380 debem
1014 2319 1111 2382 verba
1132 2319 1286 2383 conlerri.
1304 2318 1392 2396 Quia
1405 2335 1467 2382 uon
1481 2317 1541 2380 aiu·

445 2420 571 2500 plicitas
601 2420 802 2496 verborum,
829 2421 884 2484 sed
913 2420 988 2482 mali
1017 2421 1201 2486 intellectus
1228 2422 1403 2486 obstinatio
1429 2419 1542 2500 culpan

441 2521 520 2586 olet.
543 2541 559 2580 ι

522 2621 572 2687 Er
593 2642 660 2705 quo
679 2641 828 2690 sermone
851 2624 1026 2699 recensitis,
1043 2641 1127 2704 qnae
1149 2621 1297 2688 llufflnus
1313 2625 1345 2685 iu
1369 2625 1416 2686 bis
1432 2620 1542 2688 Perier-

442 2723 522 2786 ctos
538 2724 700 2788 vertendis
711 2724 815 2798 libris,
830 2727 969 2804 ingenue
983 2709 1163 2787 obtestatus
1175 2735 1238 2800 eat,
1248 2743 1282 2788 ae
1294 2727 1449 2788 nimirum
1461 2740 1543 2803 quae

444 2825 517 2888 dam
541 2826 763 2889 tantummodo
794 2843 909 2905 graeca
934 2825 1092 2890 vocabula
1121 2824 1269 2906 Origenis
1291 2828 1475 2890 emendasse
1491 2823 1542 2885 dis·

444 2943 523 2989 sono
542 2921 602 2988 sibi
620 2928 693 2990 uiso
713 2945 730 2988 a
753 2928 870 2990 ceteris
890 2927 1130 3000 locutionibus,
1163 2937 1222 2991 ant
1251 2925 1416 2992 incautius
1437 2925 1542 3008 prolata

445 3029 487 3090 ab
507 3031 600 3109 ipso)
622 3027 754 3091 indubie
767 3036 832 3091 stat
853 3037 1080 3108 argumentum
1096 3039 1257 3102 nostrum,
1278 3029 1411 3094 codices
1429 3043 1543 3108 graecos

445 3121 621 3192 abeodem
644 3127 773 3194 linilino
794 3129 891 3192 latine
914 3131 1101 3207 traductos,
1125 3131 1280 3211 genuinos
1301 3127 1542 3210 comprehendis·

444 3251 480 3296 ae
494 3233 592 3314 ipsius
615 3231 769 3294 anctore
780 3248 894 3294 sensns
915 3231 1091 3309 etquidem
1107 3229 1310 3294 orthodoxos
1324 3251 1334 3293 ι
1358 3229 1500 3311 quamris
1511 3227 1544 3288 ob

444 3332 602 3413 dogmatis
628 3331 850 3395 difficultatem
882 3332 1063 3411 exponendi
1083 3331 1277 3394 existimarit
1309 3331 1470 3410 interpres
1496 3325 1543 3388 ali·

446 3433 577 3513 qnando
597 3435 629 3496 ln
642 3451 701 3497 aua
726 3433 934 3496 translatione
949 3449 1098 3512 graecam
1119 3433 1289 3496 dictionem
1305 3432 1492 3502 emensam,
1510 3428 1544 3488 la·

445 3536 514 3598 tino
538 3552 686 3598 sermone
719 3533 770 3596 rel
797 3541 998 3613 temperare,
1027 3531 1349 3596 retinuerimus
1378 3551 1438 3596 una
1463 3527 1543 3592 neni·

448 3653 519 3698 nem
542 3636 614 3699 inre
634 3636 790 3711 arbitror,
806 3635 863 3714 qui
880 3635 956 3697 huie
977 3652 1068 3697 meae
1089 3636 1229 3715 opinioni
1245 3634 1450 3709 adversatus,
1470 3635 1545 3709 putet

446 3744 510 3799 tam
526 3736 662 3799 nefanda
677 3739 819 3818 potuisse
837 3735 1067 3799 Adamantinm
1080 3738 1276 3817 quandoque
1298 3737 1346 3799 bis
1369 3731 1545 3800 Perinrclos

446 3841 590 3901 inserere
609 3839 702 3902 libris
709 3859 723 3909 5
747 3855 831 3918 quae
852 3855 932 3900 suae
952 3840 1098 3901 sincerae
1124 3857 1161 3900 ae
1182 3839 1331 3901 sollemni
1364 3837 1544 3901 contrairent

448 3938 638 4020 proieaslnni
668 3937 741 4002 tidoi
762 3941 805 4000 ab
832 3939 924 4001 initio
952 3940 1147 4019 praemissae
1158 3983 1170 4014 ,
1191 3956 1229 4001 ae
1248 3957 1347 4018 acopo
1371 3932 1543 4020 principali,

447 4057 543 4117 quem
567 4039 684 4102 inillis
705 4039 840 4102 intendit
861 4050 973 4101 contra
991 4041 1171 4104 haereticos
1192 4039 1412 4110 marcionitas,
1429 4031 1544 4098 salenti-

447 4141 571 4215 nianos,
593 4149 625 4203 et
647 4140 873 4216 basilidianos,
895 4150 928 4204 et
949 4141 1090 4203 maxime
1110 4142 1143 4200 in
1163 4147 1356 4219 argumento
1378 4139 1417 4200 de
1436 4136 1544 4197 divinas

445 4237 610 4303 Trinitatis
632 4241 796 4326 mysterio.
814 4240 909 4318 Quod
925 4242 966 4304 ab
984 4242 1075 4304 initio
1089 4242 1129 4304 ad
1144 4241 1238 4304 linem
1259 4236 1545 4316 sineambiguitatn

301 4372 315 4396 ·
449 4341 519 4420 pie,
542 4341 748 4421 fideliterque
768 4345 930 4421 exposuit.
955 4341 1131 4420 Quodque,
1148 4359 1223 4404 cnm
1240 4340 1383 4420 nudique
1403 4339 1545 4400 librorum

447 4459 585 4505 enorum
607 4444 725 4506 centies
747 4443 890 4519 iteravit,
914 4422 1170 4508 luculentissime
1190 4443 1364 4516 conclusit,
1386 4435 1494 4504 Cbristi
1513 4427 1544 4490 ad

450 4541 624 4621 Apostolos
655 4542 841 4606 mandatum
868 4544 1046 4624 explanans
1067 4541 1102 4604 in
1135 4539 1332 4609 diuitiarum
1362 4560 1390 4604 e.
1414 4527 1542 4600 lillllll.
