3375 5567
416 707 459 779 ⁷⁰
867 807 1006 876 eleut
1029 809 1085 876 lll.

419 1010 533 1075 Posito
553 1010 734 1095 eujusmodi
754 1010 936 1075 animorum
957 1010 1147 1076 lustratione
1159 1021 1188 1075 et
1200 1010 1326 1092 quidem
1346 1003 1528 1081 armson‘o,

456 1113 624 1192 quoeritssr
644 1116 726 1175 ande
747 1113 829 1176 boos
843 1112 998 1186 hauserit,
1020 1122 1049 1176 ct
1068 1132 1131 1194 qao
1151 1109 1395 1177 emendicent:
1415 1120 1443 1173 st
1461 1127 1531 1189 qno·

458 1215 550 1276 modo
569 1214 692 1276 motam
713 1213 868 1276 nonnulli
887 1224 1024 1276 cosmum
1049 1212 1125 1276 baie
1144 1231 1228 1276 meos
1248 1211 1415 1294 suffvopcti
1433 1228 1530 1273 recen·

459 1315 557 1391 noni,
577 1316 621 1380 elt'
636 1334 742 1379 errore
760 1314 932 1379 immanens
952 1317 1134 1396 repulerint
1154 1336 1179 1379 s.
1205 1313 1406 1395 Episcopum.

421 1560 660 1703 Posteaquam
681 1621 758 1683 satia
779 1620 991 1701 exploratum
1006 1629 1067 1697 est,
1084 1620 1267 1707 Nysaeuum
1288 1623 1320 1683 in
1340 1617 1379 1685 iia
1400 1621 1535 1683 locutio·

421 1723 515 1786 nibus
530 1723 569 1785 de
583 1723 709 1785 animae
726 1724 902 1803 perignem
919 1723 1113 1787 lustratione
1124 1724 1446 1804 (quomodocumque
1460 1723 1536 1783 bano

423 1824 504 1887 velis
518 1823 738 1904 interpretari)
753 1832 791 1887 ut
805 1842 888 1903 pura
904 1834 937 1888 ct
951 1827 1076 1905 integra
1092 1844 1109 1889 a
1124 1826 1346 1906 corruptionis
1363 1825 1448 1886 vittis
1470 1822 1537 1885 retl-

421 1926 520 1987 ‹latnr
539 1922 689 1989 Creatori
700 1943 782 2000 suo,
798 1924 979 1989 nullimode
999 1926 1041 1988 ab
1061 1925 1243 1989 interorum
1264 1926 1374 2006 poeuis
1396 1923 1539 2003 quaudo·

421 2044 487 2106 que
509 2027 581 2089 lore
601 2027 760 2107 reprobos
780 2026 942 2091 eruendos
963 2027 1083 2091 dixisse
1104 2046 1211 2109 neque
1231 2028 1453 2108 exmqitasse3
1471 2024 1538 2105 qui·

423 2128 542 2191 oimmo
563 2135 596 2191 et
616 2127 710 2189 firme
733 2126 886 2202 tenuisse,
908 2128 941 2189 ln
963 2130 1037 2208 iqua
1057 2128 1310 2208 inextinguibili,
1331 2142 1375 2190 ac'
1391 2144 1452 2206 per
1472 2142 1540 2188 ver·

414 2244 520 2303 mem,
535 2227 592 2307 qul
612 2245 674 2290 nou
686 2229 839 2302 moritur,
857 2230 1090 2310 perpetuisque
1100 2224 1302 2294 cruciatibus
1314 2228 1391 2292 illos
1404 2228 1447 2291 iri
1461 2224 1541 2290 mul-

424 2336 547 2391 ctatum
556 2348 568 2407 3
591 2328 691 2393 verba
713 2336 867 2392 notentur
880 2329 1000 2409 quibus
1023 2340 1178 2407 nauseat,
1193 2330 1379 2411 hujusmodi
1399 2336 1540 2392 statuens

424 2443 463 2491 ac
484 2426 638 2499 definiens
658 2428 875 2509 expiationem
906 2430 939 2491 in
965 2431 1090 2493 cunetis
1116 2428 1293 2493 universim
1324 2436 1398 2509 post
1416 2428 1540 2492 obitum

425 2532 459 2591 et
471 2534 546 2591 oute
555 2527 671 2609 jnttett
692 2528 857 2592 novissimi
871 2529 956 2592 (lietu
977 2529 1183 2611 explendam.
1207 2528 1291 2595 Cum
1306 2531 1392 2593 euim
1405 2530 1458 2592 uti
1477 2528 1542 2607 lpse

426 2626 504 2691 dicit
516 2627 619 2709 jacta
630 2626 915 2709 iotsltipeotioruos
928 2637 1082 2692 mum:
1098 2628 1199 2693 celati
1210 2648 1266 2710 eqo
1280 2628 1411 2711 opittov:
1426 2646 1468 2691 ιω
1480 2644 1545 2691 meo

425 2727 596 2792 mamutius
612 2726 711 2793 sicuti
724 2727 803 2793 mibi
816 2727 944 2793 vitietur
953 2740 1026 2794 stra
1040 2733 1200 2795 rationem
1211 2730 1393 2812 investigat,
1405 2747 1466 2795 seu
1480 2746 1545 2793 mo·

427 2829 520 2906 dum,
541 2850 608 2913 quo
629 2848 646 2895 a
669 2828 739 2895 Deo
758 2832 978 2913 perficeretur
998 2833 1218 2913 reproborum
1248 2833 1391 2897 maxime
1410 2839 1545 2896 naturae

427 2932 459 2994 iu
480 2934 654 3013 pristinum
676 2933 853 3008 restitutio,
877 2933 1005 2996 sublata
1029 2934 1217 3009 vitiositate,
1238 2934 1345 3015 liquet
1363 2950 1478 3014 peren
1494 2948 1547 2994 vo-

427 3034 543 3098 cabula
564 3053 590 3097 s.
615 3033 790 3098 Ductorem
812 3034 955 3099 uoluisse
976 3034 1007 3097 iu
1034 3035 1132 3097 simili
1154 3037 1347 3114 quaestione
1366 3043 1491 3099 certam
1510 3049 1547 3093 ac

428 3134 593 3199 indubiam
615 3135 765 3216 prolerre
777 3135 981 3199 seutentiam.
1002 3134 1064 3200 Setl
1079 3136 1310 3200 tautummodo
1324 3136 1492 3217 privatum
1511 3132 1548 3193 tle

427 3254 464 3299 ea
488 3246 609 3300 cetam
631 3244 790 3317 conceptu
812 3236 917 3300 artua
938 3253 1107 3316 exponere
1123 3237 1307 3318 judicium
1329 3237 1482 3318 quamvls
1501 3252 1550 3298 ce

427 3346 538 3403 terum
552 3340 742 3402 necessitate
763 3336 861 3402 talem
883 3338 997 3401 sobtre
1010 3338 1156 3402 bomluos
1170 3354 1189 3401 a
1206 3340 1285 3403 vltio
1298 3339 1548 3419 exemptionem,

429 3436 471 3499 ab
492 3436 658 3502 Ecclesiae
671 3436 808 3502 Petrum
823 3454 982 3501 consensu
1003 3436 1148 3501 latentur
1162 3439 1364 3519 probatque3
1385 3445 1419 3503 et
1440 3454 1551 3519 quam·

431 3537 482 3602 vla
502 3537 685 3601 bominibus
706 3538 816 3617 pravis
836 3536 947 3616 (baud
967 3538 1171 3603 obstantibus
1187 3539 1438 3621 incorruptione
1450 3539 1551 3602 etim·

430 3638 629 3702 mortalitate
644 3646 718 3719 poet
735 3632 871 3702 illorum
887 3638 1204 3718 condemnationem)
1218 3639 1300 3703 nibil
1312 3640 1484 3703 levaminis
1496 3654 1554 3701 nec

430 3740 499 3820 spel
511 3739 598 3820 apud
613 3739 747 3816 inlatos,
764 3739 897 3803 concctli
911 3745 1018 3803 teneat
1032 3758 1041 3803 s
1058 3741 1161 3806 veluti
1180 3740 1227 3803 alt
1238 3739 1506 3825 chrysostomus,
1524 3738 1556 3800 in

439 3839 668 3903 Adbortotioae
680 3838 709 3906 l.
732 3840 772 3903 ad
794 3837 1005 3904 Theodorum
1022 3840 1196 3920 lapsnmu.
1211 3838 1244 3906 9,
1262 3840 1420 3904 «Etenim
1436 3849 1470 3904 et
1483 3856 1556 3922 pec·

432 3948 560 4005 catores
577 3940 713 4005 inducre
726 3949 856 4022 oportet
872 3938 1166 4021 incorruptionem,
1178 3958 1243 4004 nou
1256 3941 1297 4004 ai
1310 3943 1489 4017 bonorem,
1501 3938 1556 4004 setl

431 4048 470 4105 ut
484 4042 515 4103 lu
529 4049 726 4123 perpetuum
747 4043 789 4105 sit
809 4041 900 4105 illius
910 4041 1062 4122 supplicii
1085 4041 1243 4105 viaticum
1257 4062 1286 4105 s.

509 4142 614 4207 Porro
633 4145 661 4207 si
682 4142 760 4206 mibi
784 4140 1024 4223 quodammodo
1043 4140 1160 4207 liceret
1179 4142 1246 4207 divi
1267 4141 1421 4224 Gregorii
1433 4140 1558 4223 opinio·

429 4242 476 4305 uis
497 4249 608 4305 ortum
628 4244 828 4324 perscrutari
843 4242 876 4303 iu
898 4242 951 4316 ils,
966 4258 1053 4321 quae
1072 4240 1114 4304 tle
1127 4251 1339 4307 mortuorum
1362 4242 1490 4305 animae
1511 4238 1558 4302 al-

432 4341 637 4419 lectionibus,
661 4342 762 4408 velutl
778 4341 882 4405 eidem
903 4340 1146 4404 inhaerentibus
1159 4341 1315 4423 expeutlit
1328 4349 1431 4421 atque
1442 4340 1559 4409 sensit,

428 4441 526 4505 sicuti
547 4442 586 4505 tle
607 4441 827 4506 deloecatioue
848 4441 1038 4505 earumdem
1050 4460 1062 4520 3
1086 4441 1256 4508 videretur
1285 4444 1353 4525 ipse
1373 4462 1440 4507 uou
1464 4444 1561 4521 louge

430 4542 571 4609 abtulsse
596 4563 615 4606 a
636 4544 813 4609 stoicorum
835 4541 1014 4617 doctrinis,
1034 4559 1116 4623 quas
1139 4540 1324 4611 bacuntius
1356 4542 1458 4609 Libro
1480 4539 1554 4605 llll.
