3375 5567
416 563 478 634 att

416 672 535 753 quibus
557 675 790 740 consationibus
805 677 867 740 hoc
887 679 1003 742 merito
1025 676 1091 758 pati
1110 676 1249 739 adirina
1267 673 1455 755 providentia
1468 675 1513 755 ju·

414 775 537 838 dicatae
557 786 645 851 sunt,
661 777 743 840 idest
757 786 794 840 ut
809 784 1045 857 torquerentur
1061 777 1269 853 adaemone,
1289 775 1340 837 ael
1355 774 1414 836 alia
1428 775 1510 838 ratia-

413 892 452 937 ne
467 876 702 942 excitarentur.
719 895 737 936 a
753 875 795 943 Et
813 878 859 942 sic
881 877 1102 959 praecedentis
1122 877 1280 948 sermonis
1301 876 1404 940 ordini
1420 876 1510 940 cunia

412 979 619 1040 concordant.

495 1077 588 1154 Quae
613 1099 691 1144 vero
711 1081 975 1162 sequnnturetsi
996 1082 1160 1158 obscura,
1184 1089 1289 1144 tamen
1312 1099 1354 1144 ex
1376 1086 1512 1144 contestu

416 1180 553 1261 ejusque
566 1200 663 1246 sensu
677 1192 845 1265 nequeunt
858 1183 979 1248 anelii:
1003 1205 1020 1244 a
1043 1181 1162 1260 biberi,
1184 1183 1303 1262 inquit,
1319 1199 1454 1262 namque
1471 1197 1513 1241 ar·
1572 1255 1573 1262 ἵ

416 1283 503 1346 bitrii
524 1300 653 1363 semper
672 1292 722 1348 est
740 1285 871 1360 anima,
895 1285 993 1348 etiam
1015 1286 1046 1347 in
1067 1302 1208 1366 corpore
1229 1285 1314 1368 boc,
1336 1285 1432 1346 etiam
1450 1299 1512 1346 cnu

414 1389 510 1444 extra
525 1401 646 1463 corpus
666 1392 733 1448 eat:
749 1393 783 1448 et
802 1386 936 1450 libertas
956 1386 1082 1450 arbitrii
1098 1387 1149 1452 vei
1170 1385 1210 1448 ad
1223 1387 1305 1476 bona
1321 1403 1457 1463 semper,
1473 1382 1513 1444 rol

416 1484 456 1545 ad
473 1483 556 1546 maia
571 1494 744 1549 moretur:
761 1505 977 1568 necunquam
994 1489 1192 1551 rationabilis
1205 1506 1330 1563 sensus,
1347 1486 1430 1550 idest
1441 1501 1514 1548 ment

418 1584 469 1646 vei
489 1586 594 1646 anima
609 1587 677 1650 sine
697 1596 789 1652 moto
804 1589 917 1670 aliquo
940 1591 989 1654 vei
1006 1591 1090 1652 bono
1112 1591 1164 1652 rol
1180 1589 1266 1654 maio
1288 1607 1358 1662 este
1380 1597 1513 1669 potest.»

415 1685 635 1751 Consentanea
656 1690 705 1764 iis,
727 1709 814 1771 quae
838 1691 989 1772 superius
1010 1691 1092 1754 dixit
1112 1693 1250 1766 Auctor,
1273 1700 1348 1762 cnm
1373 1693 1431 1755 ista
1451 1691 1512 1761 siut,

417 1805 481 1851 non
500 1788 574 1852 inde
594 1793 827 1872 consequitur,
859 1795 1040 1856 animarum
1062 1795 1344 1871 praeexistentiam
1366 1791 1515 1854 admisisse

416 1891 619 1970 corporibus.
640 1890 683 1957 iis
702 1911 842 1974 namque
859 1894 984 1958 serbis:
1007 1890 1098 1959 tiberi
1117 1891 1246 1956 arbitrii
1265 1909 1385 1973 semper
1405 1888 1517 1956 raton-

414 2011 468 2056 ma
487 1990 582 2056 etiam
593 1992 631 2056 in
644 1995 851 2075 corporetboc,
864 1995 958 2058 ctiam
972 2013 1043 2058 cam
1057 2004 1150 2057 rotro
1170 2011 1284 2074 corpas
1297 2004 1356 2066 est,
1366 1995 1458 2068 idest,
1470 1993 1515 2062 ait,

418 2094 595 2159 aiensibus
616 2099 981 2177 corporetsatsstrscta,
998 2099 1030 2160 in
1044 2116 1110 2177 quo
1126 2096 1348 2161 abstractionis
1363 2105 1449 2160 statu
1463 2093 1516 2156 ani·

417 2215 467 2260 nna
490 2199 612 2277 pariter
631 2198 734 2262 libera
754 2207 824 2278 est;
847 2199 1000 2262 nimiinm
1023 2206 1094 2280 post
1110 2198 1234 2260 obitum
1256 2197 1406 2276 corporis
1425 2195 1516 2257 anima

418 2306 526 2361 manet
545 2301 577 2361 in
596 2317 658 2362 suo
678 2300 851 2363 arbitratu.
876 2297 1090 2379 Nequaquam
1114 2316 1192 2362 vero
1213 2298 1256 2362 ibi
1277 2298 1403 2360 animno
1422 2293 1518 2360 condi·

419 2398 535 2462 tionem
558 2400 740 2464 considerat
759 2402 895 2465 seorsim
917 2418 934 2462 a
959 2417 1098 2480 corpore
1118 2404 1250 2462 creatae
1271 2415 1289 2460 a
1314 2395 1383 2460 Deo
1403 2407 1433 2460 et
1455 2403 1517 2459 anta

417 2498 518 2577 ipsius
538 2502 801 2563 constitutionem
822 2501 853 2562 in
875 2501 951 2563 nivo
974 2510 1130 2564 materno.
1163 2498 1245 2564 Cum
1267 2498 1352 2560 enim
1372 2506 1462 2560 antea
1480 2495 1517 2556 di·

417 2600 516 2662 scutit
537 2601 568 2662 in
588 2619 727 2681 corpore
740 2603 866 2664 animae
886 2609 1019 2676 statum,
1034 2611 1066 2665 et
1085 2611 1195 2680 postca
1211 2608 1304 2664 extra
1321 2616 1452 2678 corpus,
1472 2615 1519 2660 es·

416 2700 519 2764 ciudit
533 2702 633 2782 ipsius
644 2705 770 2765 animae
784 2703 982 2765 creationem
996 2709 1070 2764 ante
1084 2702 1231 2781 corporis
1250 2717 1457 2779 compagem
1471 2697 1517 2761 ted

417 2819 535 2866 revera
556 2803 695 2880 indicat,
717 2804 794 2884 quid
825 2804 976 2868 totarum
997 2805 1038 2866 sit
1062 2805 1187 2866 animae
1209 2820 1227 2864 a
1249 2820 1389 2880 corporo
1409 2800 1517 2880 disjnn

420 2913 512 2983 ctae,
534 2907 567 2968 in
588 2923 655 2984 quo
678 2905 890 2984 separationis
909 2913 1017 2978 statu,
1041 2903 1118 2968 dicit
1142 2905 1281 2965 animam
1305 2919 1435 2982 quoque
1459 2917 1516 2964 ser·

421 3021 499 3066 aare
518 3004 712 3068 arbitratum
732 3023 842 3068 sunm.
858 3002 960 3084 Cujus
978 3011 1083 3066 tamen
1097 3001 1223 3065 arbitrii
1243 3019 1304 3082 pro
1324 3020 1365 3064 eo
1387 3011 1517 3080 tempore

419 3103 500 3168 idest
521 3105 553 3165 in
575 3105 639 3168 rita
662 3107 796 3180 futura,
817 3106 951 3169 libertas
971 3106 1181 3184 distinguitur
1205 3103 1245 3166 ab
1265 3122 1323 3176 ea,
1338 3122 1403 3183 qna
1423 3105 1516 3166 utitor

421 3205 526 3267 anima
548 3206 579 3267 in
600 3223 741 3287 corpore
761 3206 890 3286 degens.
1273 3259 1278 3270 .

498 3301 589 3366 Hanc
610 3322 709 3384 porro
729 3306 966 3370 distinctionem
991 3304 1136 3386 apprime
1157 3303 1280 3366 notarit
1301 3303 1333 3364 in
1354 3299 1448 3366 Libro
1468 3297 1515 3362 tt.

418 3423 449 3466 o.
467 3401 513 3472 ttt.
534 3404 570 3467 in
586 3403 758 3484 Epictetum
777 3407 821 3468 od
839 3405 1023 3470 Romanos:
1048 3427 1063 3464 a
1087 3403 1219 3468 Manere
1234 3403 1379 3482 quidem,
1398 3405 1452 3477 ait,
1470 3418 1517 3461 aa·

420 3517 513 3570 turae
526 3507 709 3572 rationabili
721 3508 865 3572 liberum
879 3510 1053 3572 arbitrium
1069 3523 1207 3586 semper,
1220 3523 1283 3566 non
1299 3523 1460 3585 aspamam
1469 3499 1515 3565 scd

418 3615 544 3670 tantuna
566 3627 634 3670 esse
651 3611 714 3671 vim
736 3610 844 3674 crucis
865 3609 984 3672 Christi
999 3618 1033 3672 ot
1053 3608 1164 3670 mortis
1179 3607 1290 3690 hujus,
1312 3624 1411 3688 quarn
1431 3607 1459 3667 io
1475 3619 1516 3666 te·

417 3708 570 3770 culorum
593 3708 687 3772 finem
707 3711 862 3789 suscepit,
884 3712 1057 3772 asserimus
1079 3716 1173 3770 etc..
1187 3707 1316 3784 ..Quid
1339 3720 1445 3772 autent
1464 3705 1514 3774 sit,

422 3807 507 3887 quod
530 3810 560 3869 in
584 3809 703 3872 intutis
723 3810 842 3872 seculis
865 3819 971 3872 teneat
990 3810 1116 3872 arbitrii
1137 3808 1336 3883 libertatem,
1358 3827 1396 3872 ne
1416 3820 1515 3872 rumas

422 3919 578 3971 corruant
593 3911 625 3970 in
640 3919 823 3988 peccatum,
840 3910 931 3972 brevi
953 3928 1012 3990 nos
1024 3927 1172 3972 sermono
1188 3908 1365 3988 Apostolus
1378 3911 1465 3971 docet
1477 3903 1513 3966 di·

423 4028 517 4074 censa
540 4010 681 4076 ebaritas
701 4029 871 4091 nonquam
891 4012 987 4076 cudit.
1010 4031 1026 4068 a
1050 4009 1120 4074 Hoc
1134 4011 1217 4074 enim
1239 4013 1271 4072 in
1292 4011 1366 4074 ioco
1387 4008 1514 4074 conintat

421 4111 577 4192 Origenes
589 4112 776 4188 nonnullos,
793 4121 983 4190 asserentes,
999 4111 1086 4192 qnod
1108 4111 1140 4173 iu
1161 4110 1280 4175 suturis
1301 4111 1419 4174 iterum
1437 4124 1513 4172 seco·

424 4213 463 4274 iis
478 4231 605 4277 neeesse
625 4214 666 4276 sit
679 4223 816 4277 mortem
832 4215 897 4294 pati
913 4213 1094 4287 Christum,
1114 4220 1151 4276 ui
1163 4213 1297 4276 liberari
1313 4230 1441 4293 quoquo
1455 4226 1512 4290 pot·

420 4317 542 4388 sintii,
562 4333 644 4394 quos
659 4317 691 4378 in
712 4317 873 4397 praesenti
894 4315 1135 4396 dispensationis
1149 4313 1221 4395 ejus
1242 4314 1396 4378 medicina
1414 4327 1511 4376 unare

421 4433 483 4478 non
505 4417 621 4494 potnit.
639 4413 780 4495 ideoque
802 4435 931 4479 manere
946 4417 1078 4495 quidem
1097 4416 1210 4480 statuit
1224 4415 1255 4478 in
1274 4425 1389 4480 natura
1403 4407 1511 4476 arbitrii
