3375 5567
236 810 318 879 Gn·
339 818 451 879 unum
475 812 508 877 ln
534 808 743 892 sequentibus
762 806 919 889 Origenes
939 806 1096 890 quosdam
1118 811 1184 888 sit,
1205 812 1270 877 rub

160 914 284 979 tunicas
303 922 450 982 aooroeaa
470 913 621 993 dictione,
643 913 874 988 mortalitatem
894 920 1150 993 repraesentare,
1167 930 1272 997 quam

159 1036 198 1081 ex
218 1016 316 1097 culpa
335 1017 435 1081 subiit
454 1014 599 1083 Adamas
609 1036 622 1097 ;
643 1016 675 1081 in
695 1016 757 1081 boo
778 1014 899 1085 ebdom
918 1014 1080 1092 conuenit,
1104 1025 1266 1097 quatenu

158 1138 217 1183 nnn
239 1115 339 1195 Deus,
352 1119 407 1183 red
422 1125 591 1199 peccatum
613 1124 858 1200 protoparentes
879 1125 984 1183 morte
1003 1116 1161 1183 rheoeritr
1182 1137 1267 1200 qno-

158 1237 229 1283 rum
251 1237 329 1283 caro
350 1236 424 1285 cnm
445 1230 529 1284 asset
548 1238 567 1283 a
588 1218 658 1284 ilco
678 1220 934 1300 incorruptibilis
953 1227 1077 1296 creata,
1092 1227 1263 1300 postquqm

154 1332 349 1402 peccarunt,
380 1322 492 1386 nortis
512 1321 725 1387 conditionem
746 1338 837 1401 passa
859 1328 929 1400 oet3
951 1326 1052 1400 prout
1082 1337 1187 1400 noque
1206 1338 1263 1384 ex·

153 1422 283 1503 plicavit
312 1420 452 1489 Humilia
475 1422 528 1487 vl.
550 1443 581 1487 u.
602 1423 633 1491 2.
664 1424 701 1488 in
722 1420 918 1486 Lentticom:
940 1420 1036 1487 «sm
1066 1440 1130 1489 uou
1154 1423 1263 1487 solnm

153 1524 343 1589 indumentis
364 1544 447 1607 opus
475 1533 523 1590 est
543 1525 582 1588 ad
604 1525 822 1589 sacerdotales
842 1525 985 1602 ininius,
1009 1542 1124 1589 rernm
1144 1534 1178 1589 at
1197 1526 1264 1590 cin·

152 1626 245 1707 gulis.
271 1626 329 1691 hat
350 1628 539 1709 priusquam
569 1626 609 1689 de
629 1626 735 1707 specle
766 1628 834 1707 ipsr
860 1626 1126 1693 indumentorum
1153 1626 1263 1691 dicere

152 1728 364 1806 incipiamus,
388 1728 485 1792 velim
505 1728 656 1793 conferre
677 1728 732 1793 illa
754 1728 895 1791 infelicia
915 1727 1121 1806 indumenta,
1139 1729 1261 1810 quibus

151 1832 273 1912 primns
295 1830 392 1893 homo
412 1848 487 1895 cum
509 1839 682 1912 memorat,
705 1828 836 1894 indutus
855 1837 916 1904 est,
938 1846 1014 1894 cum
1032 1830 1082 1893 his
1094 1832 1211 1897 sanctio
1227 1838 1262 1895 ct

152 1930 298 1994 fidelihus
321 1931 524 1996 indumentis.
547 1930 591 1996 Ει
620 1931 751 2013 quidem
773 1931 828 1995 illa
860 1932 981 1996 dicitur
1008 1929 1097 1995 Dens
1125 1932 1260 1997 luciae:

149 2032 337 2111 faciteam,
359 2036 475 2115 inquit,
499 2033 582 2097 Deus
602 2032 728 2097 runicus
744 2034 916 2114 pelliceos:
937 2044 967 2097 ct
984 2033 1094 2098 induit
1115 2034 1262 2099 Adurunt

150 2132 308 2197 aethrem
329 2134 409 2215 ejus.
438 2134 518 2199 lllon
538 2154 616 2216 ergo
639 2136 765 2200 tunicae
790 2138 829 2199 ds
851 2137 990 2217 pellibus
1013 2142 1106 2199 eraut
1130 2153 1174 2199 ex
1193 2137 1262 2199 aui·

150 2236 287 2299 malibus
307 2244 466 2316 sumptae.
489 2235 622 2301 Talibus
642 2238 725 2302 enim
747 2239 918 2319 oportebat
937 2238 1026 2303 indni
1042 2245 1258 2319 peccatorem,

150 2338 304 2417 pelliceis,
322 2340 467 2420 iuquam,
486 2340 613 2414 tunicis,
630 2357 715 2421 quas
732 2348 837 2403 essent
851 2340 1072 2413 mortalitatis,
1085 2357 1183 2422 quam
1198 2356 1259 2421 pro

150 2450 280 2519 peccato
301 2450 483 2522 acceparat,
505 2450 538 2504 et
552 2440 734 2521 fragilitatis
749 2440 833 2523 eins,
850 2460 936 2524 quae
960 2460 1003 2505 ex
1022 2442 1128 2507 carnis
1144 2458 1261 2506 corrn-

150 2540 253 2618 ptinne
277 2540 437 2617 veniebat,
451 2540 616 2605 iudicium.
629 2561 646 2600 s
659 2540 712 2606 Ex·
725 2542 775 2605 bis
788 2560 867 2622 ergo
881 2561 956 2607 enm
971 2543 1190 2608 testimouium
1204 2560 1259 2624 pa·

150 2648 213 2704 teus
235 2642 369 2707 haurias
390 2642 429 2707 da
450 2653 582 2723 peccato
602 2645 751 2726 originali
772 2645 813 2710 rb
834 2644 960 2709 Adamo
983 2645 1016 2708 iu
1043 2651 1147 2709 totum
1171 2643 1260 2707 deiu-

149 2741 185 2806 ds
201 2742 367 2807 transiuso
382 2745 560 2809 humanum
580 2764 693 2825 genus,
708 2746 816 2809 ridens
837 2764 970 2827 qnoque
984 2762 1083 2827 quam
1096 2746 1263 2809 immerito

150 2846 291 2907 scitatis
310 2845 522 2925 scriptoribus
543 2847 757 2925 reprehensus
778 2848 821 2909 sit
835 2846 1059 2923 Adamantius,
1075 2846 1103 2909 ci
1127 2860 1260 2908 errores

150 2944 413 3022 adscribentibus,
435 2964 518 3028 quoa
538 2948 570 3009 in
590 2947 661 3011 aliis
682 2949 750 3027 ipsc
770 2948 942 3027 corripuit.

221 3045 265 3111 Et
284 3048 328 3110 ub
349 3048 430 3111 banc
453 3066 529 3111 sane
548 3050 797 3131 eorreptionem,
815 3068 914 3129 qnam
936 3051 968 3112 iu
981 3049 1185 3112 marcionitas
1201 3047 1257 3110 ad-

149 3146 249 3211 hibuit
269 3146 438 3229 Origenes,
460 3151 519 3230 ipsi
540 3149 623 3214 dicta
638 3151 730 3215 illins
750 3160 996 3231 corrumpentes
1009 3151 1048 3213 ad
1065 3151 1180 3231 placita
1194 3166 1254 3214 sur

147 3258 386 3329 converterunt,
403 3254 522 3333 qnippe
540 3261 709 3333 putarunt,
732 3259 769 3317 ut
791 3254 837 3319 ait
857 3251 1004 3318 Clemens
1023 3252 1254 3316 alexandrinus

146 3350 174 3411 in
192 3348 293 3415 Libro
315 3350 372 3415 lll.
394 3350 586 3418 Stromutum
607 3373 637 3417 n.
662 3352 709 3424 lt.
732 3358 869 3417 animam
890 3355 932 3417 ab
950 3355 1039 3417 initio
1060 3355 1200 3418 divinam
1221 3354 1253 3416 in

147 3450 228 3514 hunc
244 3453 400 3517 mnndum
422 3453 591 3519 deductam
607 3474 677 3519 esse
697 3455 736 3517 ad
755 3456 865 3519 locum
886 3456 1035 3536 supplicii
1045 3474 1058 3535 3
1074 3472 1113 3519 ac
1130 3453 1254 3518 tunicas

147 3553 305 3629 pelliceas,
326 3572 408 3636 qnas
429 3555 532 3619 hdam
547 3564 579 3619 et
596 3554 663 3619 Era
678 3556 868 3632 induerunt,
883 3574 1021 3638 corpora
1037 3574 1105 3619 esse
1119 3563 1181 3619 sto.
1202 3554 1253 3617 hh

146 3651 188 3714 his
208 3654 340 3734 quitiam
360 3655 599 3721 insidiatoribus
617 3657 718 3730 illusi,
741 3658 881 3722 mutuati
901 3665 978 3721 sunt
997 3656 1111 3719 deinde
1126 3653 1253 3719 Metho-

146 3752 225 3831 dius,
248 3754 459 3837 Epiphanius,
475 3756 685 3840 Theophilus,
708 3758 926 3840 Hieronymus
947 3759 1079 3838 aliique.
1100 3755 1251 3833 Quorum

148 3850 359 3936 Epiphanius,
383 3856 464 3920 bona
489 3858 571 3936 lide,
593 3860 665 3922 iden
686 3860 725 3921 ad
746 3857 905 3924 loannem
920 3856 1252 3942 hierosolymitanum

145 3957 265 4035 scripsit
285 3956 465 4039 Epistolam
485 3978 585 4042 super
605 3962 787 4040 congeriem
808 3959 986 4022 falsitatum
1012 3959 1196 4031 redactam,
1217 3964 1251 4016 st

146 4074 204 4119 rs.
227 4058 427 4143 Hieronymo
448 4060 546 4125 latine
566 4061 753 4124 translatam
774 4068 808 4125 et
827 4062 894 4125 suis
908 4069 1099 4123 consertam.
1122 4055 1158 4117 ln
1177 4058 1250 4136 qui·

147 4153 200 4219 bns
220 4158 300 4224 baec
320 4160 397 4223 dicit
416 4159 515 4245 Cypri
537 4161 699 4224 Antiates:
719 4158 924 4224 «Praetereo
939 4158 1088 4222 frivolam
1105 4156 1250 4237 ejusdcm

147 4254 309 4339 tOrigsuisl
331 4265 564 4343 expositionem
584 4280 685 4341 super
706 4264 829 4327 tunicas
851 4263 1024 4342 pelliceas:
1053 4268 1175 4339 qnauto
1195 4275 1249 4319 co·

145 4367 229 4435 nato,
250 4366 443 4443 quantisque
462 4366 565 4446 egerit
585 4365 794 4445 argumentis,
818 4374 856 4427 nt
878 4366 1002 4428 tunicas
1023 4362 1173 4453 pelliceas
1189 4359 1249 4420 hu·

145 4474 230 4523 mana
250 4484 319 4527 esse
342 4483 478 4545 corpora
495 4464 710 4529 crederemus.
727 4463 791 4541 Qui
806 4466 890 4528 iuter
905 4465 1005 4528 multa
1020 4464 1085 4525 ait:
1100 4456 1249 4541 uunquid

146 4559 296 4626 motos
316 4575 373 4628 urst
390 4564 590 4630 comtiscrr'er
610 4574 678 4631 erut
698 4564 804 4642 Deos,
825 4575 862 4631 ut
880 4566 1043 4646 conficeret
1058 4562 1157 4644 pelles
1176 4558 1247 4625 cai·

267 4660 328 4728 l'nl.
350 4662 390 4729 11
1088 4663 1128 4732 31
