3375 5567
155 776 242 849 lieo,
267 778 326 855 qui
344 776 474 856 iunxit,
495 775 617 840 rddidit
636 775 765 839 dicens:
787 776 892 858 itaque
907 777 977 858 jam
997 795 1063 840 nan
1082 787 1156 842 runt
1180 781 1253 844 duc.

154 873 213 940 Ubi
234 877 322 938 enim
342 876 512 939 concordis
535 885 601 951 est,
624 887 657 940 et
676 895 848 941 consensus
871 880 931 941 viri
953 879 1204 957 edmuiierem,
1228 890 1260 946 et

152 977 299 1041 mulieris
321 977 360 1039 ed
384 979 502 1053 virum,
524 976 622 1059 hujus
642 979 771 1058 quidem
793 981 884 1058 qussi
906 980 1069 1059 principis,
1091 982 1178 1047 iliius
1197 1001 1256 1046 uu·

154 1085 214 1140 tem
237 1079 334 1156 quasi
355 1077 581 1157 obsequentis,
603 1079 779 1140 secundum
801 1079 888 1157 qnod
916 1079 1036 1142 dictum
1059 1089 1122 1142 est:
1145 1081 1258 1162 etipse

151 1176 199 1240 tai
218 1177 453 1253 dominabitur,
476 1196 551 1240 vera
572 1177 612 1240 de
633 1180 669 1242 iis
684 1180 822 1242 dicitur:
833 1179 905 1259 iam
918 1199 981 1243 non
997 1192 1072 1244 sunt
1084 1184 1157 1245 dna.
1173 1183 1259 1264 Ergo

151 1277 315 1354 Dedecet,
331 1283 388 1360 qui
409 1279 576 1361 conjunxit
596 1280 678 1344 duos
698 1284 730 1343 in
752 1299 865 1356 unum,
888 1291 926 1352 ut
943 1283 1009 1364 jum
1025 1301 1087 1345 non
1101 1287 1254 1361 niundon,

152 1382 206 1444 nbi
226 1401 270 1444 ex
293 1380 362 1445 Deo
383 1371 593 1461 comparetur
614 1401 699 1445 uxor
721 1384 801 1444 viro.
826 1381 867 1445 Et
894 1386 1044 1462 quoniam
1072 1383 1158 1450 Deus
1183 1406 1257 1450 con·

149 1481 269 1561 junxit,
282 1482 357 1545 ideo
372 1485 473 1561 gretia
488 1488 535 1544 est
549 1483 580 1544 in
595 1483 652 1556 cis,
668 1501 750 1562 quos
765 1481 851 1546 Deus
866 1486 1044 1566 coniunxit.
1062 1485 1156 1562 Quod
1175 1488 1256 1552 Pau·

150 1585 200 1646 ius
221 1586 339 1660 sciens,
358 1593 478 1646 costum
500 1584 755 1665 conjunctionem
772 1589 907 1664 gentium
921 1587 1110 1666 appellavit,
1133 1591 1256 1655 diceus:

149 1686 217 1748 noio
235 1705 344 1748 ornnes
356 1703 418 1747 esec
436 1686 519 1748 sicut
538 1686 703 1765 meipsum,
716 1688 769 1748 red
788 1686 1004 1770 unusquisqne
1021 1689 1184 1770 propriam
1204 1692 1259 1756 ha·

95 1809 99 1816 ·
150 1787 192 1848 iet
210 1787 353 1867 aratiam
366 1807 406 1849 ex
424 1785 496 1862 Deo,
510 1786 596 1850 aliar
608 1774 733 1868 quidem
745 1788 804 1859 ric,
819 1788 904 1852 eiius
923 1807 995 1852 uero
1014 1789 1070 1854 tic.
1089 1791 1153 1868 Qui
1174 1795 1257 1856 euim

152 1906 190 1951 ex
208 1885 370 1951 Densum
386 1890 502 1970 juncti,
518 1898 551 1952 et
563 1892 692 1968 sepiunt
712 1901 745 1952 ei
766 1889 899 1963 iaciunt,
914 1892 1000 1971 qnod
1024 1894 1152 1955 mandet
1170 1895 1255 1972 Apo·

151 1989 252 2052 stolus
265 2009 277 2048 .·
290 1987 369 2064 oiri,
391 1988 640 2069 dilinitencarar
659 2001 790 2073 vertrae,
802 1987 884 2052 sicut
908 1989 1047 2054 Christus
1067 1991 1179 2054 ditexit
1199 1993 1259 2056 Bc·

152 2089 286 2152 cieriarn.
300 2088 393 2153 item:
406 2089 518 2152 mniier
531 2099 567 2151 nt
585 2090 692 2154 timent
705 2090 823 2162 uirum,
838 2089 920 2153 st'cnt
933 2090 1073 2154 Ecclesia
1088 2091 1255 2158 cineram.

151 2189 275 2256 Eorum
297 2193 481 2272 conjunctio
503 2196 603 2272 gretie
625 2191 684 2253 Dei
704 2200 797 2253 cst.»

208 2291 316 2355 Paulo
330 2304 399 2372 post
412 2293 520 2355 subdit
535 2312 564 2356 n.
575 2291 628 2356 23.
640 2313 648 2356 r
660 2311 678 2354 e
688 2291 762 2356 Post
776 2294 854 2356 hece
869 2293 1057 2355 accedamus
1070 2292 1107 2354 ed
1123 2289 1256 2358 verbum
1333 2327 1338 2338 ·

153 2393 505 2472 pharisoeorum,qnod
517 2395 671 2457 dixerunt
681 2393 852 2458 adiesnm.
867 2391 952 2468 Quid
963 2391 1259 2475 eryuMoyreeprac·

154 2492 228 2571 cepit
242 2497 321 2558 dare
340 2495 478 2558 libellam
497 2496 621 2576 repudii
640 2507 668 2557 et
681 2489 867 2558 dimittere?
881 2494 1039 2571 Quoniam
1056 2495 1183 2580 Moyses
1202 2495 1258 2560 Le·

153 2613 219 2674 gem
240 2599 386 2660 scribens
409 2617 471 2660 non
493 2607 616 2661 tantum
637 2599 773 2677 aspexit,
796 2599 938 2676 quaesit
959 2615 1034 2660 veru
1047 2598 1183 2679 justitia,
1202 2597 1257 2662 sed

152 2700 328 2762 secundnm
347 2699 562 2762 indomitatem
583 2717 712 2771 earum,
732 2708 866 2778 propter
880 2717 961 2777 quos
977 2696 1043 2760 Les
1066 2699 1256 2778 ponebatur,

153 2799 405 2864 condescendens
429 2803 524 2882 pluro
538 2801 710 2872 mundavit,
726 2804 811 2862 sieut
825 2810 855 2862 et
873 2809 921 2861 est
937 2801 989 2862 lex
1005 2799 1098 2862 dandi
1116 2800 1253 2879 repudii.

154 2898 313 2976 Quoniam
334 2914 443 2966 entem
464 2904 640 2966 secundum
662 2903 878 2965 infirmitatem
900 2919 1016 2964 eorum
1040 2903 1200 2978 dabutur,
1223 2912 1255 2964 et

152 3019 210 3066 non
232 3007 410 3068 secuudum
428 3005 598 3085 justitiam,
614 3004 778 3084 subjectus
792 3021 899 3064 sermo
913 3003 1110 3064 demonstret
1127 3002 1256 3066 dicens:

150 3101 185 3164 ni
204 3105 298 3169 initio
317 3117 421 3171 antem
440 3125 505 3170 non
523 3105 586 3187 (nit
606 3105 660 3166 ric.
685 3103 725 3166 Ει
746 3105 778 3164 iu
799 3120 883 3163 novo
904 3120 1035 3181 quoque
1052 3098 1255 3164 Testamento

151 3217 221 3267 sunt
234 3208 395 3286 quandum
411 3226 473 3269 nou
494 3207 672 3270 secundum
689 3220 797 3265 veram
809 3201 980 3282 justitium,
996 3203 1050 3264 sed
1076 3205 1251 3266 secundum

153 3305 306 3372 duritiem
321 3310 426 3372 cordis
442 3310 607 3372 hominum
622 3307 802 3369 cernelium
816 3305 988 3367 constituta
999 3324 1011 3381 3
1024 3313 1060 3368 ιιι
1078 3313 1167 3382 putu,
1183 3320 1256 3384 pro·

155 3416 223 3484 pter
233 3409 386 3474 duritiam
400 3410 507 3497 cordis
524 3411 619 3472 vestri
633 3408 688 3470 lex
707 3408 780 3468 dele
796 3415 846 3469 est
863 3406 987 3468 dicens:
1004 3405 1117 3467 bonnm
1131 3416 1176 3468 ert
1190 3425 1256 3467 mu·

153 3505 254 3571 iierem
274 3530 340 3572 nan
360 3521 498 3591 tannero:
513 3520 641 3592 propter
652 3506 897 3589 fornicationem
917 3515 1021 3568 nutem
1041 3503 1257 3587 unnsquisque

149 3611 312 3690 propriam
331 3614 441 3676 habeat
460 3631 604 3685 uxorem,
622 3622 650 3673 et
670 3626 875 3691 unaquaeqne
892 3607 1059 3687 proprium
1078 3607 1181 3670 airum
1199 3618 1254 3669 etc.

153 3709 182 3774 Si
203 3722 313 3777 nutem
335 3715 396 3777 hoc
417 3723 551 3795 propiet·
572 3713 722 3775 duritiem
744 3711 850 3772 cordis
871 3710 971 3772 nostri
993 3709 1179 3771 mandatum
1193 3720 1253 3783 esi,

153 3824 271 3889 quanto
294 3819 392 3896 meme
413 3816 494 3878 iiind
516 3823 651 3895 propter
671 3814 824 3874 duritiam
845 3811 952 3872 cordis
973 3810 1073 3872 nostri
1089 3817 1148 3886 est,
1165 3811 1252 3889 qnod

153 3913 225 3978 sunt
246 3918 324 3980 dicit
346 3919 386 3980 de
407 3918 512 3980 viduis
544 3915 724 3978 volentibus
755 3915 874 3974 iterum
906 3910 1048 3973 nubere:
1072 3912 1155 3990 qnod
1175 3909 1204 3972 si
1224 3930 1255 3972 ea

154 4027 212 4076 non
226 4017 401 4092 continent,
414 4017 557 4081 noiant:
574 4015 684 4078 meiius
703 4023 749 4076 ert
761 4013 874 4074 nutare
894 4029 988 4092 quarn
1003 4011 1067 4073 nri.
1085 4011 1156 4076 Scio
1170 4014 1253 4074 enim

155 4119 319 4194 quasdem,
335 4121 390 4200 qui
413 4127 565 4200 praesum
579 4118 734 4190 ecclesiis,
749 4123 843 4178 extra
859 4113 1059 4191 Scriptorum
1076 4113 1254 4191 permisisse

155 4216 291 4297 utiquam
313 4222 456 4295 nubere,
480 4220 550 4284 viro
572 4221 673 4299 priori
696 4220 843 4296 vivente3
866 4225 1029 4278 utcontra
1052 4215 1251 4294 scripturam

156 4320 279 4393 quidem
302 4323 447 4386 iecerunt
468 4325 649 4386 dicentem:
672 4317 787 4382 mulier
805 4317 941 4396 aiiipata
961 4313 1025 4390 est,
1047 4325 1163 4396 quanta
1181 4322 1254 4376 tem·

154 4431 222 4492 pore
240 4421 316 4484 civit
336 4421 388 4484 uir
407 4422 486 4503 ejus.
511 4422 609 4486 item:
631 4420 751 4482 uiuente
769 4418 841 4480 uiro
865 4419 1010 4480 adnitere
1031 4414 1207 4490 acceditur,
1227 4415 1255 4478 si

156 4518 237 4594 incra
255 4522 352 4602 faerit
364 4525 459 4588 aiteri
472 4526 551 4588 uiro.
567 4522 639 4591 Non
654 4533 759 4586 temen
770 4522 902 4584 omuino
915 4520 982 4582 sino
997 4537 1092 4582 causo
1110 4519 1169 4580 hoc
1182 4535 1253 4596 per·
