3375 5567
417 749 493 795 rum
514 712 716 796 existentiam
737 749 813 795 enm
834 729 903 796 Deo
925 739 1174 813 permanentem.
1198 731 1240 796 Et
1260 729 1301 794 ob
1322 731 1384 796 hoo
1403 730 1434 792 in
1456 747 1521 792 rer·
1606 809 1607 812 Ἴ

415 836 504 897 sione
519 831 708 917 Hieronymi
730 833 883 897 mendum
898 835 1104 900 statuendum
1125 842 1186 910 eat,
1202 851 1276 898 cnm
1291 833 1366 898 loco
1380 833 1460 908 nat,
1478 831 1523 896 nti
1606 825 1607 896 i

412 935 490 1016 jnre
513 936 677 1000 transtulit
696 954 739 1000 ex
760 954 878 1017 graeco
910 934 1081 1014 Rufinus,
1107 955 1236 1002 versum
1257 939 1298 1001 sit
1318 938 1418 1016 finan
1439 933 1522 1015 guod
1606 961 1607 1000 ι

416 1039 573 1102 absonum
594 1046 681 1102 csta
703 1047 809 1102 ments
831 1040 996 1104 ductoris.

497 1141 608 1225 Usque
629 1141 726 1205 modo
746 1142 939 1222 explanatis,
956 1159 1042 1222 quae
1062 1140 1218 1222 Origenes
1239 1141 1279 1203 de
1300 1139 1400 1222 lrnjns
1422 1139 1527 1204 mundi
1606 1155 1607 1218 1

418 1244 509 1308 initio
530 1263 568 1308 ac
588 1245 629 1307 ds
642 1242 830 1323 pluralitate
852 1243 1048 1309 mundorum
1070 1245 1218 1321 opinatus
1233 1250 1280 1306 est
1295 1263 1338 1307 ox
1352 1241 1454 1306 Libro
1468 1239 1521 1306 lll.

417 1348 457 1410 ad
478 1348 563 1410 idem
584 1353 813 1426 argumentum
834 1345 1006 1408 redeamus
1028 1346 1059 1406 in
1075 1342 1173 1407 Libro
1197 1343 1237 1408 ll.
1260 1364 1287 1407 o.
1310 1343 1336 1408 l.
1355 1351 1528 1425 pertracta·

416 1456 487 1514 tum
498 1469 510 1527 3
532 1456 571 1514 nt
591 1448 632 1512 ibi
655 1448 779 1528 pariter
798 1446 1019 1526 dignoscatur,
1037 1453 1179 1527 quantus
1198 1446 1240 1509 sit
1254 1446 1400 1528 ejusdem
1422 1463 1526 1520 error,
1606 1451 1607 1482 ³

418 1560 452 1614 et
471 1559 663 1631 qnantuma
687 1552 823 1612 veritato
847 1549 1011 1612 deiecerit.
1038 1546 1300 1630 lnquisitionilrus
1321 1566 1400 1612 saue
1421 1565 1525 1611 rarum
1606 1581 1607 1606 1

422 1652 591 1734 prolnndis
611 1653 643 1714 in
665 1653 727 1716 hoc
742 1649 787 1714 Dc
807 1648 985 1730 Principiis
1002 1659 1154 1726 tractatu,
1172 1651 1332 1714 hnmanae
1360 1650 1528 1731 sapientiae
1606 1671 1607 1712 ι

419 1753 674 1831 excellentium,
696 1770 792 1832 saepe
812 1769 945 1832 operam
961 1769 1080 1814 navare
1102 1751 1268 1831 protessus
1289 1759 1338 1814 cat
1362 1747 1525 1830 Origenes,
1606 1787 1607 1813 ι

420 1853 503 1918 adeo
519 1861 556 1916 ut
570 1870 645 1917 cum
668 1852 753 1916 omni
769 1860 857 1916 metu
878 1852 976 1926 dicat,
1000 1854 1078 1916 traeo
1099 1869 1218 1914 arcana
1237 1861 1478 1933 perscrutatum
1490 1851 1526 1914 sl·
1606 1879 1607 1916 ι

421 1954 453 2017 lsi
474 1953 691 2018 accedendum
723 1971 814 2029 esse,
837 1951 959 2032 Spiritu
981 1953 1098 2018 Sancto
1120 1954 1192 2017 ideo
1223 1956 1397 2029 invocato,
1425 1951 1523 2032 siquid
1606 2007 1607 2020 ,

422 2059 455 2122 ln
477 2063 541 2119 tam
566 2055 740 2119 reconditis
761 2055 859 2120 rebus
885 2056 1021 2135 reperiri
1044 2056 1163 2137 poterit
1195 2055 1363 2118 claritatis.
1392 2051 1525 2131 Quamo-

421 2158 512 2221 brem
534 2174 597 2221 uon
619 2157 785 2220 videretur
804 2158 872 2236 ipse
892 2155 1152 2238 exprobrandas,
1167 2159 1193 2220 si
1208 2156 1405 2237 quandoque
1423 2156 1523 2220 nolens
1606 2181 1607 2222 ι

421 2259 453 2322 in
475 2258 573 2323 rebns
595 2268 658 2321 tam
680 2257 790 2321 ardnis
810 2276 945 2339 scopum
967 2276 1030 2322 nou
1050 2259 1205 2338 attigerit.
1604 2317 1607 2327 ,

507 2360 558 2425 Ab
571 2361 662 2424 initio
676 2360 787 2441 itaque
801 2379 830 2423 c.
849 2359 873 2424 l.
887 2377 917 2422 n.
930 2356 960 2438 l.
975 2357 1062 2423 Libri
1074 2358 1115 2422 ll.
1131 2361 1175 2423 sit
1189 2358 1391 2440 Orlgdnasse
1404 2367 1524 2440 praeter

422 2479 477 2536 ea,
497 2479 582 2544 qnae
602 2462 635 2524 iu
656 2459 755 2526 Libro
776 2460 801 2524 l.
818 2461 953 2526 disserta
976 2462 1106 2526 inerant
1130 2463 1171 2526 de
1195 2462 1318 2526 mundo
1336 2483 1352 2522 r
1374 2480 1473 2542 pauca
1490 2461 1523 2524 da

421 2564 494 2644 ejus
514 2563 604 2626 initio
625 2570 774 2643 repetere
787 2580 827 2626 ac
848 2562 909 2626 tino
932 2564 983 2626 rel
1006 2565 1066 2639 bis,
1082 2583 1168 2645 qnae
1189 2566 1274 2627 intcr
1294 2565 1421 2628 initium
1440 2582 1476 2626 nc
1494 2561 1525 2624 n-

422 2681 497 2728 nem
517 2663 588 2745 ejus
602 2682 661 2744 per
681 2664 819 2726 divinam
835 2664 1069 2746 providentiam
1084 2665 1322 2744 dispensantur,
1344 2683 1401 2728 seu
1416 2664 1455 2727 ds
1471 2663 1522 2738 nis,

424 2783 509 2846 qnae
530 2774 603 2828 aute
619 2764 774 2828 mundum
797 2763 895 2840 lacta,
912 2765 965 2827 rel
986 2773 1057 2844 post
1079 2766 1236 2829 muudum
1258 2764 1402 2829 iacienda
1424 2773 1525 2846 putar-

300 2868 302 2872 ’
425 2873 490 2931 tur.
512 2886 529 2924 s
551 2864 661 2931 Sicubi
678 2884 756 2929 vero
778 2865 873 2946 plnra
896 2866 935 2928 de
957 2867 1066 2930 mnudi
1084 2867 1294 2932 varietatibus
1316 2866 1409 2942 dixit,
1431 2865 1524 2944 deque
1606 2901 1607 2940 ι

425 2965 578 3030 ineffabili
598 2966 705 3028 divina
726 2966 927 3046 providentia
949 2966 981 3026 in
1002 2966 1101 3046 ipsius
1121 2966 1323 3030 ordinatione
1336 2966 1442 3049 quoad
1455 2963 1523 3029 sno
1606 2999 1607 3020 ι

424 3069 556 3133 atnntlas
570 3070 602 3132 in
617 3087 657 3133 eo
670 3078 809 3143 creatas,
826 3069 931 3131 sarias
951 3068 1066 3132 doindc
1080 3068 1164 3148 gerit
1183 3069 1407 3149 quaestionem

864 3270 965 3336 Verrio
990 3268 1111 3352 [lupini

506 3473 705 3556 «Superest,
720 3477 766 3538 ait
786 3476 818 3536 in
834 3494 864 3537 c.
881 3472 941 3538 lll.
952 3483 989 3538 ut
1002 3482 1074 3553 post
1094 3474 1174 3538 haec
1192 3476 1410 3556 requiramus,
1425 3481 1533 3538 ntrnn

427 3582 502 3639 ante
521 3577 608 3640 hunc
629 3576 798 3653 mnndum,
814 3577 871 3658 qni
889 3595 975 3640 nnnc
996 3584 1055 3653 est,
1072 3577 1211 3641 mundns
1232 3577 1316 3640 alins
1339 3577 1422 3640 ilerit
1434 3599 1443 3640 r
1457 3583 1492 3640 ct
1509 3574 1537 3636 ai

427 3675 504 3752 luit,
526 3684 638 3740 utrum
660 3678 732 3740 talis
755 3678 855 3742 tuerit
874 3678 981 3758 qualis
1002 3679 1083 3756 iste,
1105 3678 1162 3759 qni
1187 3695 1273 3742 nnuc
1293 3686 1354 3752 est,
1376 3696 1416 3741 an
1438 3675 1537 3758 paulo

426 3776 629 3844 differentior
643 3781 694 3843 rel
716 3779 870 3844 interior:
892 3778 1091 3844 automnino
1112 3795 1175 3840 nou
1191 3777 1292 3842 tuerit
1309 3779 1457 3852 mundns,
1480 3772 1536 3838 sad

427 3877 494 3941 talc
513 3879 635 3960 aliquid
658 3879 780 3958 inerit,
802 3880 933 3960 qualem
955 3880 1048 3943 illum
1070 3879 1280 3960 intelligimus
1301 3889 1374 3960 post
1394 3878 1536 3944 omniun

428 3978 524 4044 tinem
539 3979 710 4062 lutnrnm;
731 3999 806 4046 cnm
823 3981 972 4044 tradatur
993 3999 1129 4062 regnum
1145 3979 1213 4045 [teo
1234 3987 1268 4044 et
1288 3981 1389 4046 Patri.
1405 3979 1466 4058 Qui
1490 3976 1536 4040 ni·

428 4082 604 4146 nilominus
616 4083 755 4148 alterius
769 4083 881 4147 mnndi
894 4081 995 4146 luerit
1009 4081 1090 4159 finis,
1104 4083 1192 4147 illins
1205 4082 1341 4160 scilieet,
1354 4090 1425 4164 port
1434 4095 1530 4161 unsar

429 4183 642 4248 hiemantes
661 4185 780 4265 coepit,
803 4190 836 4247 st
856 4185 966 4265 lapsus
990 4187 1099 4250 rarius
1113 4185 1386 4252 intellectualium
1405 4190 1532 4247 natura·

427 4301 503 4350 rnm
524 4285 755 4365 provocaverit
774 4283 879 4350 llenm
901 4285 942 4347 ad
964 4286 1055 4350 istam
1078 4287 1201 4350 variam
1215 4287 1439 4366 diversamque
1458 4297 1530 4346 con·

428 4385 582 4449 ditionem
602 4385 724 4450 mnndi.
