3375 5567
176 780 278 853 patet,
298 781 409 835 utrum
433 770 518 835 illud
538 770 741 835 vocabulum
762 782 926 837 caninam
940 771 1037 836 baem
1052 771 1196 851 aliquem
1212 664 1300 834 int?

175 870 486 951 comprehenderem
504 887 618 933 serum
640 887 776 950 prorsus
791 872 1029 936 interminabile
1052 872 1125 934 aevi
1149 871 1295 951 spatium

175 973 343 1053 designare
363 980 575 1051 eompertnm
592 971 749 1045 babuere,
764 972 847 1036 adeo
869 980 907 1036 nt
927 990 986 1035 nee
1007 990 1068 1053 pro
1082 972 1174 1034 bonis
1195 969 1296 1033 beati·

176 1074 321 1137 tudinem
344 1074 474 1137 variare
496 1073 757 1153 quodammodo,
779 1092 839 1137 seu
861 1073 1025 1148 desinere,
1046 1073 1142 1136 aienti
1164 1088 1225 1134 nea
1246 1089 1296 1134 ro·

76 1268 77 1271 Ἴ
174 1176 297 1255 probos
317 1178 350 1238 in
371 1176 542 1237 meliorem
562 1185 685 1239 statum
706 1177 883 1255 aliqnando
907 1176 1048 1248 restitui,
1070 1175 1227 1253 putarint.

76 1286 77 1297 ¹
252 1274 391 1339 Certum
407 1278 532 1357 pariter
551 1284 600 1339 est
621 1294 639 1337 e
655 1274 774 1341 Christi
787 1277 945 1339 sententia
967 1286 995 1337 et
1008 1274 1098 1337 iham
1118 1274 1152 1337 hi
1172 1272 1209 1336 ia
1222 1293 1296 1355 eap-

76 1432 77 1441 ,
168 1376 308 1457 plicitum
329 1386 512 1451 aeternam
526 1374 611 1458 justi
640 1386 745 1440 actaea
765 1376 802 1441 in
821 1375 921 1441 citam
941 1386 1114 1449 aeternam,
1133 1377 1239 1455 ipson
1264 1376 1297 1435 in

76 1478 77 1495 ¹
173 1480 242 1558 pari
269 1480 456 1543 conditione
471 1486 536 1541 tam
551 1478 653 1541 mulos
668 1486 733 1540 tam
747 1477 855 1560 justos
868 1480 1073 1542 constituisse
1089 1477 1197 1556 quoad
1216 1487 1295 1538 tem·

172 1600 231 1660 pas
258 1580 494 1653 retributionis,
516 1598 602 1659 quae
623 1581 746 1659 primos
766 1588 799 1643 et
817 1580 977 1643 seenndos
998 1587 1108 1641 manet
1128 1579 1161 1640 in
1179 1577 1294 1642 aeenlo

172 1682 305 1755 loturo,
319 1681 366 1745 sic
389 1690 438 1751 nt,
452 1680 480 1742 sl
494 1680 671 1759 aliqnando
686 1697 705 1742 a
722 1681 873 1743 cruciato
891 1679 1054 1743 eximendi
1068 1682 1133 1742 sint
1145 1679 1292 1759 reprobi,

168 1784 255 1864 jnsti
273 1800 409 1863 qnoque
430 1799 448 1843 a
471 1781 671 1845 beatitudine
685 1781 882 1845 destituendi
902 1784 1001 1845 erint·
1017 1779 1173 1847 Ceterum
1188 1782 1220 1842 in
1237 1776 1295 1843 ta-

173 1882 291 1947 renota
312 1884 353 1945 de
375 1882 477 1945 dieite
497 1890 531 1945 et
552 1880 691 1957 Lazaro,
707 1881 888 1958 Abrabam,
910 1883 966 1963 qui
988 1883 1086 1945 nnius
1109 1882 1295 1945 cruciatum

172 1992 205 2047 et
230 1983 372 2047 alterius
400 1982 556 2061 gaudiam
581 1982 678 2063 juata
701 1984 788 2045 vitae
816 1991 911 2045 sctna
940 1989 1123 2055 memorat,
1151 1981 1291 2061 adiecit:

173 2084 217 2147 lte
236 2084 276 2146 in
296 2083 346 2147 hia
366 2080 509 2149 amnibus
531 2083 617 2147 inter
640 2102 698 2147 nos
719 2092 747 2147 et
767 2102 821 2147 cos
841 2083 936 2146 chaos
956 2101 1109 2163 mapsam
1131 2082 1295 2161 mam

76 2246 77 2253 ,
175 2196 232 2247 est:
255 2195 291 2247 at
313 2182 358 2259 hi,
381 2182 438 2264 qai
457 2184 571 2247 colant
590 2182 666 2247 hinc
688 2182 827 2247 transire
847 2186 891 2247 ad
910 2203 976 2260 aas,
998 2181 1218 2264 nonpossint,
1242 2201 1296 2245 na·

76 2318 77 2363 t
174 2285 338 2368 preinde
367 2286 428 2348 hsta
455 2296 659 2350 transimare.
695 2285 739 2351 Et
767 2288 829 2349 boc
858 2288 1039 2369 perspicuis
1074 2286 1180 2351 verbis
1206 2286 1294 2365 apud

176 2389 290 2451 disum
320 2386 471 2451 Marcum
499 2407 528 2451 c.
561 2384 620 2451 tlt.
653 2385 750 2451 lesus
783 2389 905 2460 docet,
932 2387 1059 2467 adjecta
1093 2386 1297 2451 distinctione

177 2498 356 2564 mutuum,
376 2492 434 2569 qui
463 2490 646 2554 bominibus
674 2490 880 2553 dimittentur
900 2489 942 2551 ab
966 2488 1032 2551 alio
1059 2507 1226 2570 nunquam
1248 2489 1296 2551 di·

177 2591 357 2653 mittendo:
380 2590 480 2655 man
501 2588 571 2653 dica
597 2589 706 2665 eadm,
730 2589 884 2671 quoniam
908 2587 1018 2652 amnia
1039 2588 1241 2654 dimittentur
1259 2591 1298 2670 fi-

178 2690 232 2752 tiis
251 2689 417 2754 hominem
428 2702 558 2772 peccata
571 2702 599 2753 et
622 2690 843 2771 blasphemiae,
857 2690 970 2771 quibas
990 2688 1295 2771 blasphemaverint:

176 2792 234 2873 qai
252 2802 359 2857 autem
378 2794 640 2875 blasphemaverit
658 2792 696 2856 in
716 2790 873 2873 Spiritum
896 2790 1065 2866 Sanctam,
1088 2810 1155 2853 non
1177 2789 1299 2854 habehit

178 2893 392 2959 mannen
413 2895 452 2957 in
472 2905 647 2971 aeternam,
669 2895 722 2957 scd
742 2912 814 2957 raas
836 2892 897 2955 erit
917 2893 1039 2957 aeterni
1050 2891 1181 2975 judicii.
1207 2891 1300 2955 ldeo·

76 3074 77 3085 ἵ
178 3013 242 3075 que
255 2996 406 3077 Apostoli
427 2998 582 3061 divinitus
607 2996 713 3059 edocti
731 2993 878 3074 Magistri
895 3004 1049 3067 mentem,
1066 3012 1127 3056 nec
1148 3012 1211 3056 non
1227 3010 1299 3055 ver·

178 3095 218 3157 ba
238 3097 387 3179 ejusdem
408 3099 627 3177 interpretati,
650 3100 719 3160 sive
742 3096 873 3170 Petras,
895 3095 964 3157 sise
985 3093 1139 3169 loannes,
1154 3094 1224 3159 sive
1237 3093 1299 3158 ln·

76 3212 77 3273 ξ
176 3196 244 3271 das,
265 3200 335 3263 sire
360 3198 497 3272 Paulus,
517 3199 601 3262 idam
621 3198 818 3261 vocabulum
832 3191 970 3264 desistes
983 3196 1046 3259 sub
1063 3194 1298 3275 significatione

175 3301 365 3377 sempiterni
387 3318 425 3362 aa
446 3300 695 3363 interminabilis
718 3302 790 3361 uati
812 3297 1143 3380 comprehenderunt,
1165 3296 1297 3375 amplis·

177 3398 255 3463 sime
276 3409 312 3463 et
332 3400 592 3465 luculentissime
614 3401 702 3482 qnod
728 3402 908 3481 temporeis
922 3408 984 3474 est,
997 3416 1036 3463 ac
1052 3398 1224 3462 terminum
1240 3397 1298 3459 ha·

177 3498 231 3562 bet
249 3501 293 3563 ab
313 3520 368 3575 eo,
382 3502 471 3581 qaod
492 3512 663 3567 aeternum
686 3510 750 3574 est,
769 3520 807 3565 ae
828 3503 898 3563 sine
912 3500 975 3563 bne
994 3507 1212 3575 secernentes.
1233 3494 1297 3558 lta·

178 3617 241 3680 qne
266 3600 391 3665 Paulus
409 3604 441 3669 ‘h
464 3605 504 3665 sd
528 3602 740 3667 Corinthios:
773 3622 801 3666 c.
826 3600 884 3666 Ν.
904 3620 970 3664 aaa
1001 3596 1294 3677 contemplantibus,

76 3706 77 3754 l
179 3699 238 3774 ait,
256 3699 347 3763 aab&
367 3722 448 3783 qaae
468 3700 632 3777 uidentur,
652 3704 707 3764 sed
726 3720 805 3783 qaae
826 3720 892 3764 nnn
910 3700 1070 3764 uidentur.
1096 3696 1185 3774 Ossae
1209 3696 1294 3759 enim

179 3799 340 3875 sidentur,
360 3804 549 3883 temporatia
569 3814 672 3877 sant;
694 3823 774 3885 qaae
794 3815 900 3867 autem
919 3820 985 3863 non
1003 3800 1155 3863 oidentar
1172 3795 1293 3868 dumata

76 3972 77 3999 1
180 3912 304 3965 marna
323 3915 409 3967 sant.
433 3901 557 3969 Scimus
577 3903 659 3967 enim
674 3902 823 3985 quoniam
842 3902 871 3966 si
889 3900 1045 3964 terrestris
1059 3904 1171 3965 domas
1184 3913 1295 3967 nemra

76 4044 77 4081 ,
182 4002 272 4085 tejas
291 4002 500 4069 habitationis
518 4004 726 4079 dissolvatur,
742 3999 1221 4084 qacdaedificationemeallec
1238 4002 1295 4063 ha-

76 4099 77 4169 l
181 4104 289 4179 lemae,
304 4108 432 4169 damam
452 4126 517 4169 aaa
538 4108 769 4188 manufactam,
791 4115 948 4169 aeternam
971 4103 1006 4167 in
1027 4102 1132 4167 coelis.
1148 4123 1166 4161 a
1180 4103 1214 4166 Si
1235 4104 1292 4165 do·

76 4228 77 4277 i
181 4222 249 4269 nans
269 4208 371 4289 boios
392 4209 599 4273 habitationis
620 4209 833 4285 dissolvitor5
856 4224 936 4284 erqo
968 4208 1072 4268 altera
1097 4214 1229 4267 aeterne
1258 4207 1291 4267 in

180 4300 273 4365 coelis
292 4302 528 4367 indissolubilis
549 4311 606 4365 eat.
630 4300 721 4381 Hinc
741 4300 772 4367 2.
794 4301 835 4362 sd
858 4297 1180 4373 Thessalonicenses,
1203 4319 1231 4360 e.
1264 4296 1287 4359 l.

179 4404 282 4466 scribit
301 4406 342 4469 de
364 4407 416 4479 iis,
434 4404 493 4485 qul
513 4422 576 4467 non
590 4403 746 4467 obediunt
762 4400 953 4483 Evangelio,
969 4399 1026 4479 qai
1036 4418 1155 4480 paenas
1169 4399 1289 4463 dabam

179 4498 211 4562 ia
228 4504 360 4571 interim
379 4516 529 4571 auertat
547 4525 569 4568 a
588 4502 670 4586 facie
694 4500 832 4567 Domini.
849 4522 866 4559 a
883 4500 964 4567 ltesn
978 4522 1005 4565 s.
1024 4499 1142 4565 Petras
1163 4502 1195 4563 io
1213 4497 1290 4579 Epi·
