3375 5567
154 807 219 888 quot
235 805 384 868 adulteris
404 810 555 885 paratum
575 810 636 866 ests
658 801 851 882 etamplius
872 801 969 865 addat
991 807 1121 880 praeter
1135 693 1240 873 ἰΙΙιῖᾱΤῗ

152 910 216 987 quod
234 909 301 981 dici,
322 906 431 968 audiri
452 914 485 967 et
498 905 677 985 excogitari
699 912 815 983 potest,
838 909 1036 967 tormentum
1057 901 1162 981 majus
1178 900 1232 963 tle·

152 1012 273 1072 stuta·
300 1009 367 1081 eis,
389 1010 446 1086 qui
468 1002 586 1069 Filium
618 1002 676 1068 liei
704 1005 989 1079 conculcaverint,
1012 1002 1094 1067 idest
1116 1020 1236 1083 porum

150 1122 273 1179 merear,
288 1105 393 1186 ipram
406 1103 695 1185 ineatinpur'dr'tem
714 1104 823 1167 taliter
837 1105 982 1185 iuquam,
998 1104 1040 1165 ab
1055 1122 1094 1167 eo
1109 1112 1230 1167 statuta

151 1213 344 1288 discrepantia,
359 1208 438 1288 quid
462 1226 606 1287 nuquam
619 1216 733 1270 contra
754 1205 952 1269 catholicum
967 1206 1082 1284 dogma
1105 1204 1144 1267 de
1161 1222 1234 1285 per·

152 1314 276 1390 petultate
296 1328 475 1391 poenarum
496 1328 538 1372 ex
560 1312 657 1371 citata
679 1310 832 1389 pericope
854 1307 1056 1371 inlereuduru
1077 1306 1157 1370 est'?

208 1414 278 1477 ltere
298 1412 363 1474 sub
381 1413 445 1475 alia
466 1410 697 1490 significatione
718 1411 881 1489 gehennae
903 1426 1040 1481 nomen,
1064 1407 1145 1471 idest
1168 1416 1233 1469 sta·

149 1525 198 1575 tom
215 1531 451 1594 quemcumque
473 1522 544 1590 post
565 1520 704 1573 mortem
725 1509 982 1589 comprehendit,
1001 1507 1235 1572 lleraeleouem

149 1632 258 1691 amaros
278 1612 405 1691 (Temo
428 1612 515 1675 llttt.
546 1609 583 1685 irs
605 1609 760 1673 loannem
779 1631 811 1673 u.
837 1608 911 1686 59.)
942 1610 997 1689 qui
1029 1609 1233 1672 existimabat

148 1717 307 1777 animemed
327 1734 440 1794 eorpus
460 1713 589 1776 interire
612 1713 648 1776 in
667 1713 816 1792 petraea.
834 1712 929 1775 Hunc
942 1710 978 1773 t‘rs
998 1708 1169 1790 Epistulam
1189 1710 1229 1772 ad

149 1816 281 1879 lomanos
302 1817 507 1895 purgationis
528 1816 639 1877 locum
655 1833 714 1893 pro
728 1813 877 1877 omuibus
899 1814 962 1873 vita
984 1811 1144 1875 deluuctis
1160 1830 1235 1874 con·

148 1918 227 1978 siluit
254 1918 293 1977 ad
316 1917 526 1979 humanitatis
549 1915 836 1987 reformationem,
862 1914 962 1977 veluti
988 1924 1080 1976 autea
1102 1932 1119 1973 a
1144 1915 1237 1977 uobis

147 2018 330 2095 esplauatum
345 2025 405 2079 est.
431 2015 549 2080 Contra
567 2014 688 2079 Celsum
711 2014 780 2078 Lib.
800 2014 854 2075 Vl.
869 2034 899 2077 u.
920 2012 972 2078 25.
995 2018 1039 2077 ait
1060 2016 1237 2092 geliennam

147 2118 345 2199 uldraugelio
369 2121 521 2198 usurpari
533 2138 592 2198 pro
614 2135 793 2198 poenarum
815 2118 901 2191 loeo,
918 2124 951 2179 et
968 2116 1063 2196 juxta
1080 2116 1235 2177 hebraeo·

148 2238 201 2279 rom
219 2221 426 2292 traditiones,
449 2238 524 2282 cum
545 2219 601 2281 illa
622 2220 735 2281 eadem
756 2219 798 2281 sit
819 2235 858 2279 ac
883 2218 976 2279 vallis
999 2215 1110 2279 Eueno
1135 2234 1236 2297 prope

147 2317 324 2383 llieruealem
345 2323 422 2398 sita3
445 2322 518 2383 hinc
537 2321 712 2401 anagogice
733 2328 966 2395 eumeniam,
989 2322 1169 2381 animarum
1186 2318 1237 2381 lu·

145 2424 289 2484 stutiooes
309 2422 356 2484 ibi
379 2421 551 2500 significari
567 2422 646 2484 dicit
666 2440 684 2483 a
702 2422 839 2497 malitia,
862 2439 947 2500 quae
963 2420 1009 2483 ele
1030 2422 1174 2499 contigit,
1192 2420 1239 2483 uti

146 2520 194 2598 jam
204 2523 426 2602 expendimus.
441 2520 547 2583 Aliter
559 2522 675 2583 deiude
691 2518 845 2585 Tractetu
861 2521 897 2584 ia
909 2520 1105 2585 Martiarum
1114 2520 1237 2585 xxttt.

146 2640 168 2680 e.
182 2620 224 2685 lis
245 2624 329 2685 hanc
352 2640 466 2684 rocem
487 2623 608 2696 sumit,
631 2621 751 2685 Christi
774 2624 872 2687 verbe
894 2624 1125 2703 interpretatus
1144 2621 1240 2703 sorite

146 2739 196 2782 aa
208 2722 307 2800 titium
328 2722 487 2802 pedaneos
498 2723 596 2802 duplo
615 2742 713 2802 paam
731 2744 785 2785 ons
805 2724 888 2788 ratic
908 2722 953 2787 lbi
976 2725 1060 2787 enim
1081 2724 1238 2804 Origenes

144 2834 282 2887 aeternam
305 2826 546 2887 damnationem
566 2824 837 2904 comprehendit,
866 2844 905 2888 eo
938 2828 1026 2888 varia
1061 2834 1237 2889 tormento·

145 2941 200 2987 reu
218 2944 333 3006 genera
357 2926 479 2989 eisdem
499 2926 542 2987 ibi
563 2934 722 3005 perpetuo
738 2924 984 3005 iollipeudoruur
1008 2944 1109 3006 prope
1128 2926 1238 3006 cujus·

145 3045 192 3103 qne
209 3031 237 3089 io
259 3032 325 3091 rita
349 3037 482 3091 emtus:
500 3050 516 3087 e
533 3025 575 3091 Ut
593 3028 701 3107 justus
715 3028 847 3108 quidem
868 3028 1046 3091 secuudum
1063 3044 1238 3091 numerum

143 3126 321 3203 justitiarum
341 3146 481 3192 enarum
502 3137 664 3208 augeatur
686 3130 720 3190 iu
741 3128 843 3209 gloria
859 3150 868 3191 r
886 3136 1037 3209 peccator
1058 3137 1168 3191 autem
1190 3145 1238 3191 ee·

145 3231 264 3292 eundum
286 3248 464 3293 numerum
487 3241 697 3309 peecatorum
714 3248 853 3295 snorum
874 3229 1110 3311 multiplicetur
1131 3231 1163 3293 in
1184 3246 1238 3310 ge·

147 3328 237 3391 lenna
259 3350 277 3387 n

223 3428 268 3492 lta
291 3430 410 3493 eodem
437 3448 533 3493 sensu
558 3431 621 3494 looc
647 3431 774 3509 pralert
804 3433 1003 3495 vocabulum
1024 3433 1064 3495 de
1093 3450 1240 3497 resurre-

147 3529 231 3592 ctione
243 3531 398 3593 locutnss
415 3530 471 3593 ubi
485 3549 548 3593 nou
561 3532 669 3595 solum
688 3533 813 3595 animae
825 3533 881 3595 sed
898 3550 1035 3612 corpora
1053 3533 1239 3609 adstabant,

146 3640 200 3689 nete
219 3631 365 3693 tribunal
388 3631 540 3694 nimirum
559 3629 693 3707 cirtae,
714 3643 751 3697 ut
779 3642 911 3712 reportet
936 3633 1146 3715 unusquisque
1167 3654 1242 3714 pro·

144 3731 201 3804 pria
218 3732 361 3813 corporis
378 3744 473 3812 prom
492 3730 609 3812 pessit,
630 3742 665 3796 et
687 3736 866 3801 secuudum
887 3736 983 3809 illud,
1006 3737 1093 3815 quod
1119 3738 1241 3801 dicturo

147 3840 198 3890 est:
218 3832 321 3894 timete
342 3832 444 3912 crepis
464 3851 555 3908 cum,
577 3832 633 3913 pei
648 3843 749 3912 potest
770 3845 800 3895 et
823 3854 937 3915 corpus
966 3847 992 3897 et
1014 3835 1156 3899 animum
1169 3854 1241 3916 per·

147 3931 199 3992 dee
216 3933 251 3995 iu
262 3936 407 4014 pedenna
421 3957 429 3997 :
445 3933 495 3996 uti
508 3934 545 3997 io
559 3934 735 4015 Epictetum
749 3936 790 3999 ad
813 3935 975 4000 Romanos
991 3936 1058 4000 Lib.
1076 3936 1147 3999 Vll.
1164 3957 1193 4000 u.
1208 3936 1239 4002 5.

149 4028 217 4095 [ude
238 4036 471 4110 concluditur,
503 4033 675 4116 Origeuom
700 4054 759 4116 per
787 4036 943 4115 prienaee
973 4039 1144 4099 dictionem
1175 4056 1239 4099 noo

150 4130 246 4212 eiiam
277 4133 443 4215 inserente
473 4144 739 4215 repraesentare,
763 4139 810 4201 uti
835 4138 933 4217 vulgo
960 4138 991 4199 iu
1014 4136 1157 4199 Ecclesia
1183 4138 1239 4201 do·

150 4244 223 4296 retur
240 4240 364 4299 animas
384 4237 553 4312 contineri,
575 4237 740 4317 suppliciis
760 4240 962 4317 sempiternis
983 4238 1166 4315 damnatum
1183 4240 1238 4301 sed

149 4332 300 4412 elenando
320 4356 382 4416 pro
403 4347 507 4399 morte
520 4339 610 4400 illam
630 4341 743 4412 sumit,
756 4338 953 4420 quaudoque
974 4357 1033 4418 pro
1047 4340 1239 4419 expiationis

152 4432 219 4510 luo,
236 4439 316 4501 alias
332 4457 391 4518 pro
411 4440 538 4501 nomine
557 4440 621 4503 loci
643 4440 789 4520 proprio,
802 4457 842 4503 ao
863 4458 964 4520 prope
981 4438 1238 4523 Hierosolymam

153 4534 189 4595 »iti
201 4547 230 4601 et
246 4542 425 4619 generatim
440 4559 500 4621 pro
514 4540 695 4605 animarum
710 4539 940 4604 deluuctorum
963 4540 1135 4604 mansione:
1153 4540 1239 4605 ideo·
