3375 5567
442 706 476 755 rr

547 785 722 901 Qamvi's
749 780 857 909 porro
886 804 1064 883 Eusebius
1081 806 1127 882 de
1155 806 1211 881 his
1240 806 1381 881 iocatus
1409 802 1515 889 iihrir,

441 938 694 1012 tantummodo
722 937 855 1011 indicet
882 935 1106 1033 compositos
1133 936 1341 1034 priusquam
1372 934 1516 1009 Alexan·

442 1066 518 1139 dria
546 1066 748 1140 discederet
775 1064 972 1162 Origenes,
1000 1088 1147 1139 causam
1175 1064 1286 1140 silens
1313 1062 1518 1162 specialem,

440 1217 511 1291 qua
540 1193 649 1267 inerit
676 1195 712 1266 in
739 1215 785 1266 eo
812 1191 936 1268 iahore
966 1205 1112 1279 motue3
1148 1206 1312 1269 attamen
1338 1184 1407 1290 pro
1434 1212 1518 1264 nunc

441 1321 476 1394 id
502 1322 602 1417 parri
630 1319 820 1404 iacientes,
840 1332 880 1393 et
907 1320 1054 1404 conscii,
1076 1316 1272 1394 Auctorem
1300 1319 1336 1392 iu
1364 1316 1409 1391 iis
1436 1338 1520 1415 quac

443 1459 550 1522 antea
572 1461 622 1549 ‘et
654 1460 780 1545 postea
808 1444 968 1556 scripsit,
986 1446 1194 1545 docuitque,
1220 1446 1352 1544 ubique
1383 1444 1520 1541 dogma·

444 1587 482 1649 ta
500 1572 703 1649 orthodoxa
738 1572 943 1673 professum
972 1596 1055 1658 esse
1083 1598 1126 1658 ao
1152 1574 1339 1661 tenuisse;
1362 1573 1444 1648 iude
1464 1595 1522 1671 pa·

444 1704 534 1777 riter
551 1715 713 1779 statuere
733 1725 805 1777 uon
832 1702 1055 1791 dubitamus,
1075 1702 1203 1779 eadem
1231 1702 1351 1801 ipsum
1371 1701 1523 1776 tenuisse

445 1844 484 1904 et
510 1832 666 1907 sensisse
695 1832 731 1905 in
752 1833 820 1905 hoc
843 1832 979 1928 Opere:
1010 1832 1077 1905 nisi
1106 1832 1280 1907 adversus
1299 1853 1338 1905 sc
1367 1850 1452 1905 eum
1470 1850 1523 1901 re·

446 1959 523 2033 nire
557 1973 747 2058 putemus3
779 1978 899 2058 eaque·
923 1968 992 2033 una
1027 1960 1244 2045 destruere,
1277 1980 1371 2059 quae
1399 1956 1527 2055 jugiter

446 2111 558 2185 prope
586 2086 803 2163 catholicam
832 2088 939 2162 iidem
974 2088 1109 2163 docuit.
1146 2084 1377 2185 Quapropter
1404 2084 1526 2160 abhis

447 2240 532 2310 erga
551 2214 746 2310 Origenem
765 2215 932 2290 sensibus
954 2216 1047 2289 haud
1068 2215 1294 2299 recedentes,
1306 2214 1421 2311 ipsius
1439 2232 1526 2286 mon·

448 2357 524 2414 tem
544 2342 800 2438 investigatum
824 2343 997 2415 adeamus
1025 2365 1071 2415 ex
1090 2341 1210 2427 dictis,
1228 2364 1322 2441 quae
1349 2342 1387 2413 in
1409 2340 1526 2413 horum

447 2468 621 2543 librorum
649 2470 839 2544 contexuit
865 2469 1111 2544 Praefatione:
1138 2484 1176 2545 et
1201 2470 1361 2569 primum
1390 2468 1527 2567 quidem

448 2596 493 2669 de
521 2594 651 2691 Operis
678 2596 808 2680 titnio,
838 2597 935 2693 quod
965 2595 1181 2675 Perierchon
1209 2598 1417 2696 inscripsit,
1444 2596 1527 2675 idm

451 2724 504 2802 Oe
530 2722 736 2823 Principiis.
764 2723 868 2816 Quod
900 2727 1130 2813 vocabulum,
1150 2728 1310 2802 nonnisi
1339 2748 1389 2802 ex
1419 2722 1528 2801 verhir

452 2853 556 2933 initio
576 2851 717 2951 Prologi
738 2855 962 2950 praemissio,
981 2856 1114 2953 exponi
1134 2856 1294 2931 videturr
1314 2872 1411 2953 (praa
1429 2854 1479 2929 sic
1494 2870 1529 2924 se

451 2980 609 3059 monor:
642 3007 662 3055 a
682 2980 833 3065 Omnes,
851 2983 923 3079 ‘qui
952 2982 1176 3068 mcduut,'et
1204 2983 1294 3059 certi
1314 2996 1426 3069 eunt,
1443 2976 1528 3080 quod

452 3123 491 3186 et
517 3109 633 3205 gratia
660 3122 698 3184 et
728 3110 863 3183 veritus
889 3110 1107 3207 pertesum
1132 3106 1317 3187 Christum
1345 3110 1454 3191 ianm
1470 3108 1530 3193 sit;

452 3252 490 3314 et
516 3236 706 3315 Christum
735 3237 926 3311 ueritatem
946 3260 1029 3312 esse
1046 3255 1193 3326 norunt,
1217 3234 1530 3336 secundum'ue'od

454 3366 531 3460 ipse
556 3362 670 3439 dixit:
698 3360 772 3461 Epo
792 3388 871 3439 aum
899 3368 1041 3452 vemens,
1066 3366 1269 3453 scientiam,
1296 3384 1393 3465 quse
1411 3382 1532 3465 proro-

453 3505 513 3573 cat
531 3491 698 3569 lemnes
722 3492 767 3565 sd
789 3491 882 3567 hene
909 3494 1100 3570 vivendum
1117 3518 1163 3569 ac
1190 3495 1311 3581 hecte,
1340 3518 1413 3578 nou
1431 3490 1532 3569 aliun

453 3620 513 3704 de.
532 3636 641 3715 quem
669 3617 718 3695 ah
738 3619 833 3716 ipsis
849 3620 980 3696 verbis
996 3620 1147 3707 Christi,
1164 3622 1403 3722 doctriheque
1428 3618 1532 3705 susci·

456 3748 573 3845 picot.
591 3744 727 3824 Christi
757 3748 880 3823 verbis
898 3764 1023 3828 autom
1046 3751 1214 3838 dicimus,
1232 3774 1304 3827 non
1333 3748 1390 3827 his
1409 3749 1532 3827 roiam

455 3896 562 3971 quae·
579 3872 692 3951 homo
723 3873 872 3961 iactas,
888 3892 997 3976 utque
1031 3880 1067 3952 in
1091 3900 1210 3953 'carne
1227 3882 1368 3977 positus
1396 3876 1532 3955 docuit:

458 4016 496 4079 et
529 4004 631 4099 prius
667 4024 826 4101 nomque
858 4002 1026 4083 Christus
1060 4004 1138 4081 liei
1158 4004 1321 4081 Verbum
1354 4007 1389 4080 io
1420 3998 1534 4102 ttoyo

456 4147 566 4228 atque
596 4130 789 4229 Prophetis
813 4148 895 4209 erat
922 4150 993 4211 etc.
1025 4162 1043 4205 u
1076 4134 1124 4211 Et
1156 4137 1290 4214 hocin
1328 4134 1479 4217 Homih'a
1506 4130 1530 4202 Ι.

458 4258 778 4336 murmuretur
810 4260 1097 4359 interpretetus:
1133 4267 1173 4339 iu
1204 4266 1384 4363 principio
1411 4260 1532 4341 ecurt

461 4382 554 4461 Ocea
572 4384 707 4462 cociam
732 4400 766 4458 et
794 4399 939 4471 terram,
967 4390 1103 4489 inquit:
1128 4388 1267 4482 «Quod
1295 4404 1353 4467 est
1379 4388 1529 4465 omnium

461 4512 701 4609 principium,
728 4510 797 4586 nisi
825 4512 1000 4591 Dominus
1030 4532 1173 4607 nostor,
1203 4533 1241 4595 et
1267 4519 1434 4594 Salvator
1457 4536 1531 4590 om·
