3375 5567
435 784 487 840 ret
506 792 658 858 perversa
681 778 787 844 Saulis
808 780 963 856 consilia,
994 796 1032 843 ac
1055 777 1287 861 ventriloquae
1307 782 1466 846 laliaciaa:
1487 784 1528 845 nti

435 878 628 959 paulopost
657 881 827 961 perspicue
851 883 966 945 statuit
997 880 1171 963 Origenes:
1195 904 1211 941 α
1234 881 1340 947 llerlaa
1359 882 1531 966 Scriptum

432 988 520 1056 snut,
542 999 638 1045 nona
659 982 824 1047 daemonia
845 1002 998 1064 persona,
1014 985 1069 1048 sed
1084 986 1125 1048 al)
1147 986 1247 1066 ipsius
1266 983 1451 1066 Scriptum
1471 1005 1533 1068 psr·

437 1098 513 1144 anna
538 1081 675 1162 prolata.
701 1103 716 1141 a

515 1180 605 1247 llaec
627 1185 723 1247 modo
743 1184 900 1250 satisfiunt
920 1205 981 1268 pro
1001 1192 1105 1268 prima
1135 1189 1324 1268 quaestione
1343 1190 1428 1253 circa
1449 1191 1535 1253 histo

437 1284 537 1347 ricam
559 1287 777 1349 narrationem
806 1286 848 1351 de
868 1290 964 1367 gestia
985 1290 1091 1354 Sanlia
1112 1297 1145 1352 et
1165 1286 1411 1369 teramnanae.
1433 1291 1533 1355 Posten

435 1387 623 1450 attendatur
644 1389 809 1468 quomodo
833 1390 930 1454 alteri
960 1390 1142 1454 difficultati
1175 1392 1369 1472 respondeat
1393 1392 1534 1473 Origenes

435 1488 570 1551 illorum
596 1488 682 1551 hand
708 1489 929 1564 credentium,
956 1490 1042 1571 apud
1069 1491 1189 1554 interea
1216 1491 1316 1554 luisse
1339 1490 1533 1570 Samuelem

438 1591 522 1653 unde
547 1589 746 1654 luculentius
767 1592 985 1673 explanantur
1010 1592 1166 1671 praelata.
1195 1590 1316 1655 Scribit
1344 1592 1536 1655 enimtrlli·

435 1692 538 1755 cimus
559 1694 599 1754 ad
621 1693 735 1768 illum,
758 1696 814 1773 qni
837 1703 963 1757 nostras
988 1712 1085 1757 aurea
1107 1694 1252 1774 implerit
1285 1696 1489 1771 rumoribus,
1508 1704 1534 1755 et

433 1795 604 1858 immodica
628 1795 803 1859 verborum
818 1799 924 1877 copia,
941 1794 1126 1859 Samuelem
1147 1797 1234 1875 apud
1249 1796 1373 1858 interos
1393 1812 1454 1857 non
1467 1794 1533 1858 luia·

435 1916 470 1959 se
491 1897 672 1960 contendit:
688 1896 771 1961 aldit
794 1895 909 1959 melier
923 1894 1119 1971 Samuelem,
1140 1914 1296 1959 enarratae
1322 1916 1387 1961 rex
1403 1900 1477 1976 (qni
1495 1908 1536 1957 est

435 1993 573 2076 Spiritus
586 1996 721 2062 Sanctus
731 1998 740 2076 l
752 1996 844 2060 dixit:
860 2006 890 2059 et
902 1998 1056 2061 clomooit
1068 1996 1183 2060 melier
1196 2016 1268 2079 uoce
1287 2016 1406 2078 mopere
1424 2006 1453 2059 et
1464 1995 1538 2059 dicit

435 2097 479 2159 od
499 2092 653 2159 Saulem:
673 2115 712 2159 ne
731 2096 854 2173 timeor,
876 2107 912 2159 ot
931 2100 1011 2179 qaid
1030 2095 1178 2178 decepisti
1198 2116 1263 2172 me,
1283 2110 1314 2161 et
1334 2108 1370 2159 tre
1389 2118 1420 2159 ea
1440 2091 1537 2160 Suel?

437 2194 479 2259 El
499 2194 634 2259 dimitri
652 2216 731 2260 rec:
763 2198 842 2281 qaid
861 2195 990 2261 idest?
1017 2217 1057 2260 ee
1075 2197 1207 2263 timeor:
1236 2199 1319 2278 quid
1345 2194 1484 2262 nidisti?
1504 2195 1537 2259 lit

433 2296 520 2361 tiele
539 2298 655 2361 mallet·
675 2301 718 2362 od
739 2298 840 2363 Suel:
861 2302 931 2362 deor
951 2299 1018 2364 nidi
1038 2301 1235 2363 ascendentes
1248 2320 1271 2361 o
1285 2311 1384 2362 terro.
1407 2299 1448 2363 Bt
1465 2295 1538 2359 dicit

433 2401 477 2462 ud
498 2420 582 2464 eom:
604 2420 685 2484 qaue
705 2410 749 2464 eat
772 2402 877 2483 fermo
897 2399 1105 2465 illoromlllt
1125 2401 1212 2464 dixit
1229 2400 1302 2464 illi.-
1322 2402 1375 2463 nir
1394 2400 1495 2464 aerior
1509 2419 1538 2461 o·

435 2502 595 2579 recedent,
618 2514 648 2565 et
666 2502 717 2565 laic
736 2502 843 2566 reoior
863 2502 1005 2583 diploide
1024 2501 1138 2583 Eplod
1156 2502 1301 2566 iadorae.
1326 2502 1462 2567 Fatetur
1478 2516 1537 2563 ean

438 2603 607 2668 vitiasset
630 2613 749 2668 testem
771 2606 1020 2669 sacerdotalem.
1044 2625 1061 2663 a

518 2704 575 2768 llis
597 2708 800 2786 praemissis,
831 2708 936 2786 pergit
965 2704 1121 2786 Origenes
1151 2705 1323 2769 ostendens
1344 2726 1363 2768 e
1383 2704 1536 2784 Scriptura

438 2814 503 2869 latn
525 2808 691 2871 manifeste
712 2818 907 2884 enarrante,
941 2826 1009 2870 rem
1030 2809 1074 2870 itu
1098 2808 1276 2869 habendam
1297 2826 1371 2870 esse
1391 2807 1472 2869 circa
1494 2822 1537 2865 re·

439 2924 507 2970 rum
528 2908 688 2973 Samuelis
717 2911 935 2973 escensionem
958 2911 999 2970 ab
1020 2907 1153 2984 inieris,
1181 2908 1323 2989 ejusque
1346 2910 1492 2970 visionem
1510 2909 1536 2962 et

437 3008 639 3088 colloquium
656 3026 731 3072 cum
746 3008 857 3085 Saule,
878 3026 917 3072 nc
938 3009 978 3073 de
998 3010 1091 3072 istius
1112 3019 1229 3085 morte,
1251 3004 1537 3087 anorumqaelilio

438 3126 511 3172 rum
534 3119 594 3172 etc.
619 3108 659 3173 Et
671 3112 705 3171 in
726 3110 789 3174 laoc
810 3111 1001 3192 praesertim
1018 3111 1114 3172 instat
1133 3107 1291 3188 Origenes
1306 3107 1476 3189 multiplici
1493 3120 1535 3165 ar-

437 3219 666 3291 gumentorum
679 3229 796 3292 genere
810 3219 967 3289 statuens,
979 3210 1164 3275 Samuelem
1177 3212 1370 3292 propnetam
1385 3219 1452 3273 tarn
1462 3203 1534 3284 apud

437 3312 558 3375 interos
580 3312 697 3390 inisse,
725 3323 793 3377 tum
815 3315 1004 3395 apparuisse
1025 3310 1260 3390 ventriloquae
1280 3320 1314 3374 et
1335 3310 1446 3382 Sauli,
1466 3303 1534 3366 illud

437 3413 586 3488 intuitus,
609 3424 646 3476 nt
665 3415 871 3479 adversarior
891 3415 1070 3490 refelleret,
1092 3415 1227 3475 miratos
1247 3413 1335 3491 apud
1358 3410 1474 3472 interos
1489 3402 1537 3465 Sa·

437 3514 591 3589 moelem,
614 3516 753 3595 ideoque
773 3514 933 3579 ulianense
958 3513 1085 3578 Summi
1102 3502 1190 3593 opud
1208 3510 1355 3592 interm?
1374 3510 1435 3573 Cui
1452 3522 1536 3586 qnae·

435 3616 530 3679 atiani
552 3618 680 3695 egregie
703 3617 875 3698 respondet
896 3616 1041 3690 diluens,
1067 3633 1133 3695 qna
1156 3614 1281 3677 ratione
1302 3612 1422 3675 veteris
1441 3605 1536 3669 Testa·

438 3717 535 3778 menti
557 3716 745 3796 Scripturas
767 3718 850 3781 hanc
868 3717 1014 3781 eamdem
1036 3715 1162 3779 dicendi
1178 3713 1355 3777 termulana
1371 3706 1535 3790 perlailanis

437 3827 517 3880 sent.
534 3816 576 3880 Et
589 3818 631 3881 ob
647 3818 708 3880 laec
731 3820 825 3898 plura
841 3820 915 3883 inde
932 3819 1111 3881 testimonia
1133 3816 1302 3895 colligens,
1323 3810 1470 3889 ostendit,
1490 3808 1535 3865 de

437 3917 626 3981 iunctorum
647 3920 768 3981 animas
789 3921 875 3999 apud
898 3919 1041 3993 inieras,
1073 3920 1141 3981 sire
1162 3920 1194 3979 in
1213 3916 1363 3989 interno,
1384 3920 1441 3975 ant
1459 3902 1533 3986 apul

436 4016 544 4084 Scelol
564 4029 635 4098 post
656 4022 780 4084 obitum
803 4039 933 4084 manere
957 4021 1054 4101 juata
1076 4021 1261 4083 dltinornm
1279 4016 1477 4097 Scriptoru-
1495 4006 1535 4067 dl·

436 4132 508 4185 ctar
531 4123 741 4200 etspeciatim
765 4122 818 4185 nbi
834 4125 901 4185 ait:
924 4142 942 4181 c
963 4121 1166 4187 caeteteros
1186 4120 1272 4201 apud
1294 4112 1440 4181 interos?
1458 4108 1534 4173 Non·

436 4240 476 4285 ne
497 4222 576 4285 illuc
599 4220 774 4301 pervenit?
799 4220 912 4285 Nonne
935 4240 1050 4284 verum
1070 4230 1132 4297 est,
1155 4220 1243 4300 qnod
1264 4221 1297 4280 in
1317 4216 1449 4282 Psalmis
1467 4206 1534 4271 dici

437 4331 513 4396 tur,
538 4330 571 4384 et
592 4323 633 4383 ab
655 4320 819 4402 Apostolis
841 4323 872 4383 in
904 4320 1040 4385 Actibus
1060 4322 1252 4401 exponitur,
1285 4318 1480 4384 Salratarem
1497 4302 1532 4365 td

435 4422 556 4487 interos
580 4420 809 4487 descendisse?
830 4421 926 4499 Qnod
942 4424 973 4485 in
995 4420 1125 4485 Psalmo
1145 4420 1215 4483 xv.
1231 4420 1364 4500 legitur,
1384 4414 1424 4477 ad
1439 4414 1530 4489 ipsunt

436 4522 562 4585 reterri.
585 4522 746 4605 Scriptum
769 4532 836 4587 est:
861 4540 924 4586 noo
944 4522 1141 4601 derelinques
1160 4520 1301 4585 orimum
1322 4534 1419 4580 meum
1436 4511 1468 4574 la
1487 4504 1528 4566 t'tl·
