3375 5567
426 710 477 772 ret
509 727 595 789 qnae
615 708 649 772 in
678 711 727 775 nis
747 711 946 794 deprehenso
979 714 1078 780 inerit
1099 714 1275 781 adniterer
1296 713 1420 779 ute'onm
1447 714 1541 777 etium

422 826 516 887 super
537 827 702 873 mererere
728 810 785 874 iste
804 812 985 877 diceretur:
1009 814 1135 879 utinum
1152 817 1291 897 poputus
1312 816 1471 897 lapidibus
1497 836 1542 878 me

424 912 578 986 obruent,
597 922 625 973 et
638 914 682 974 oei
695 913 798 992 ipnem
818 924 982 979 ueternum
1003 934 1067 979 ooo
1088 934 1279 981 reservarem
1300 927 1361 982 ete.
1377 938 1393 975 e
1407 916 1543 981 Audito·

428 1033 480 1076 res
500 1013 669 1077 adulteros
689 1034 766 1077 enm
781 1018 827 1079 sio
841 1016 1026 1097 loquentes,
1042 1016 1184 1100 exempli
1200 1022 1316 1100 gratis,
1334 1021 1456 1083 inducit
1470 1019 1542 1082 Ori-

292 1174 304 1188 ,
427 1134 546 1197 penes,
570 1123 607 1177 nt
628 1117 760 1197 enpiont
782 1118 945 1198 lapidibus
967 1118 1063 1183 obrui
1088 1124 1300 1201 potiusquam
1319 1120 1393 1201 igne
1410 1129 1544 1183 eetemo

426 1218 679 1293 comburendos,
697 1227 766 1281 tum
786 1218 933 1298 Origuni⁹
951 1230 1021 1282 tum
1040 1221 1243 1285 auditoribus
1261 1222 1378 1283 indicet
1398 1221 1457 1283 sibi
1473 1238 1544 1301 per·

428 1337 562 1382 snesnm
586 1318 903 1400 tuisse,·ponitiones
920 1330 1143 1400 temporeneas
1164 1322 1194 1381 in
1213 1319 1296 1401 Lege
1316 1329 1467 1395 statutos,
1491 1320 1546 1380 mi·

433 1420 532 1483 tiores
552 1417 652 1500 qnam
672 1422 813 1483 monime
836 1421 936 1485 tuisse
957 1421 1010 1495 iis,
1030 1421 1150 1501 quibus
1173 1429 1243 1501 post
1262 1423 1388 1485 ubitnne
1412 1420 1545 1484 obnoxii

432 1523 541 1586 iurent
557 1523 706 1603 reprobi3
728 1540 802 1585 oum
824 1540 939 1601 nempe
962 1523 1086 1601 primae
1099 1523 1140 1584 ed
1163 1523 1256 1585 tinem
1274 1530 1493 1597 verterentur,
1515 1528 1546 1585 et

429 1623 948 1703 secutioneperpetnodnrstnree
958 1624 1008 1697 iis,
1020 1624 1087 1686 sine
1097 1624 1291 1702 poenitentis
1307 1623 1544 1686 decedentibus.

512 1724 598 1786 Alibi
627 1712 755 1787 Auctor
777 1722 918 1787 Humilis
946 1722 1002 1787 Xi.
1026 1724 1063 1785 in
1089 1722 1298 1787 Numerosn.
1328 1718 1359 1788 4.
1387 1722 1417 1787 5.
1449 1721 1545 1786 verbs

431 1828 690 1906 interpretetus,
711 1834 739 1886 et
759 1825 805 1888 uit
826 1821 950 1905 Moyses
970 1826 1013 1887 od
1031 1824 1159 1888 Aaron:
1181 1844 1304 1887 amorne
1328 1824 1499 1897 betilium,
1519 1831 1546 1885 et

431 1926 556 2006 imposte
575 1944 670 2005 super
690 1926 774 1988 ittet
794 1924 898 2005 ionem
918 1926 956 1989 ub
976 1925 1078 1990 attari
1094 1936 1158 1993 etc.
1171 1923 1283 1991 scribit
1304 1926 1347 1988 ni
1362 1942 1548 2007 repraesen-

435 2030 496 2090 tari
517 2016 683 2091 Christum
704 2025 833 2102 iesum,
856 2027 912 2107 qni
944 2028 977 2089 in
996 2028 1215 2109 assumptione
1236 2028 1341 2091 batilli
1362 2027 1469 2091 uernis
1495 2043 1547 2089 no·

432 2138 533 2205 strue,
556 2128 682 2192 medius
701 2129 790 2191 stetit
809 2128 896 2191 inter
918 2127 1010 2192 viros
1027 2137 1062 2192 et
1083 2138 1252 2206 mortuos,
1274 2137 1306 2193 et
1326 2128 1466 2195 m‘ortem
1489 2144 1549 2191 non

434 2230 511 2293 tecit
528 2229 622 2293 ultro
650 2230 813 2292 crassost:
836 2248 853 2289 r
878 2226 960 2291 Puto
982 2237 1092 2293 nutem
1114 2230 1202 2309 qnod
1224 2248 1289 2293 non
1307 2230 1416 2294 sulum
1447 2229 1549 2310 primu

433 2330 579 2394 adventu
599 2326 726 2392 Domini
747 2335 781 2392 et
801 2326 980 2393 Solvetoris
989 2331 1097 2393 nostri
1120 2330 1224 2393 forme
1239 2331 1300 2394 iste
1322 2332 1483 2411 complete
1497 2328 1548 2404 sit,

431 2431 491 2495 sed
511 2432 625 2495 eedem
645 2431 784 2495 tortasse
802 2432 992 2495 servabitur
1011 2433 1044 2494 in
1063 2432 1221 2495 seeundo:
1234 2430 1350 2496 Veniet
1369 2440 1481 2496 nutem
1494 2430 1549 2492 ite·

437 2547 512 2597 rum
526 2532 612 2597 tilius
633 2532 785 2607 hominis,
797 2539 831 2596 et
850 2533 1080 2610 cumvenerit,
1099 2534 1167 2597 sine
1182 2532 1281 2597 dnbio
1301 2533 1445 2597 inveniet
1457 2548 1549 2613 quos·

433 2634 511 2697 stem
533 2641 643 2698 entem
666 2635 808 2698 virentes
820 2680 828 2697 .
842 2679 849 2695 .
864 2680 872 2695 .
886 2680 893 2696 .
908 2631 1049 2710 Quidum
1064 2642 1173 2697 nutem
1188 2652 1230 2698 ex
1246 2635 1295 2708 iis,
1312 2634 1368 2716 qui
1389 2642 1463 2697 nnte
1482 2648 1548 2704 nus,

437 2738 641 2817 interpretati
656 2743 733 2799 snnt
750 2736 835 2799 hune
850 2736 974 2813 ionum,
989 2736 1119 2799 memini
1134 2734 1221 2815 qnod
1238 2744 1386 2801 mortuos
1400 2736 1549 2799 dixerunt

432 2855 517 2913 eos,
540 2839 597 2917 qni
619 2839 782 2902 nimietate
801 2838 965 2901 scelernm
987 2838 1020 2901 in
1043 2838 1181 2917 peccetis
1202 2836 1269 2925 suis
1291 2839 1414 2901 mortui
1438 2834 1551 2899 intelli·

440 2945 582 3021 ssnntnr3
598 2940 741 3003 virentes
760 2949 871 3001 entem
894 2958 963 3016 eos,
978 2941 1035 3019 qui
1050 2942 1083 3002 in
1098 2938 1251 3019 operibns
1275 2938 1358 3000 ritae
1373 2950 1551 3017 permense-

440 3042 515 3104 rint.
538 3038 773 3103 Verumtamen
794 3040 951 3104 utrolibet
973 3040 1068 3103 modo
1084 3038 1184 3103 stobit
1198 3038 1294 3101 etiem
1315 3038 1349 3100 in
1362 3038 1478 3101 iuturo
1490 3052 1551 3098 me·

399 3224 404 3229 .
441 3159 523 3223 gnus
538 3142 590 3205 nte
606 3141 750 3221 pontifex
764 3148 797 3204 et
810 3140 964 3205 Salvator
977 3148 1089 3203 noster
1108 3138 1233 3202 medius
1251 3140 1399 3201 virorum
1422 3143 1455 3201 et
1471 3151 1550 3197 mer·

434 3253 588 3307 tuorum.
610 3240 672 3307 Sed
694 3251 727 3307 et
748 3250 824 3306 tnnc
847 3242 931 3305 torte
960 3241 1086 3304 medius
1113 3240 1263 3302 virorum
1289 3247 1321 3301 et
1350 3246 1551 3301 mortuorum

442 3352 530 3408 stare
551 3343 705 3407 dicendus
723 3351 786 3415 est,
807 3358 883 3405 oum
904 3350 1028 3405 stutnet
1047 3356 1125 3403 oses
1150 3339 1280 3419 quidem
1302 3339 1458 3402 etextrts
1475 3336 1551 3410 suis,

444 3444 564 3508 hoedos
578 3452 687 3507 entem
702 3462 720 3505 e
735 3442 883 3522 sinistris3
896 3448 928 3504 et
942 3441 1027 3503 dicet
1041 3440 1102 3515 his,
1116 3442 1172 3519 qni
1184 3458 1202 3501 n
1215 3439 1338 3504 dextris
1352 3446 1439 3503 sunt:
1459 3432 1553 3501 uenite

444 3544 597 3608 benedieti
611 3544 722 3609 Putris
735 3536 811 3618 met,'
824 3540 975 3623 percipite
995 3558 1142 3622 reputem,
1155 3541 1238 3622 qnod
1250 3538 1333 3603 rotie
1342 3548 1496 3621 puratum
1514 3541 1554 3597 eet

442 3668 465 3711 u
484 3645 707 3711 constitutione
733 3642 849 3707 mundi
869 3652 931 3707 ete.
957 3642 998 3705 lis
1027 3650 1150 3719 nutum,
1172 3644 1229 3723 qni
1256 3660 1274 3703 n
1304 3644 1440 3705 sinistris
1469 3642 1552 3709 sunt,

446 3749 542 3812 dicet:
558 3746 601 3810 ite
614 3746 651 3809 io
665 3744 768 3827 ipoem
782 3756 943 3808 ueternum
963 3742 1103 3824 operarii
1117 3741 1319 3822 iniquitatis,
1328 3758 1417 3823 quem
1425 3756 1552 3820 proepa-

444 3849 532 3915 rooit
552 3848 650 3913 Peter
668 3866 755 3912 meus
775 3846 913 3924 diabolo,
935 3856 964 3907 et
983 3845 1109 3925 onustis
1126 3844 1210 3925 ejus,
1229 3841 1381 3925 questam
1401 3860 1466 3905 nnn
1484 3833 1555 3902 nori

446 3972 512 4016 eos.
535 3948 577 4015 tn
597 3957 673 4013 sunt
694 3950 809 4029 ntique
830 3948 968 4020 mortui,
998 3946 1054 4026 qni
1077 3946 1234 4025 inignem
1259 3946 1429 4008 mittentur
1457 3948 1555 4005 eeter-

449 4072 539 4117 nnm:
562 4060 638 4115 snnt
658 4058 770 4115 nutem
792 4051 858 4112 viri
879 4049 940 4122 illi,
963 4048 1019 4126 qni
1042 4046 1218 4108 mittuntur
1238 4047 1278 4107 ed
1294 4062 1440 4124 regnum.
1464 4062 1482 4099 s

527 4152 696 4218 vocabule
718 4153 851 4232 quidem
867 4148 1011 4210 nieorum
1032 4163 1070 4209 eo
1091 4156 1301 4218 mmtuurorn,
1316 4146 1435 4226 quibus
1457 4142 1556 4206 utitur

441 4256 603 4338 Origenes
624 4254 665 4317 sd
687 4252 868 4334 proborum
887 4246 1135 4327 exprimendum
1156 4256 1189 4310 et
1209 4264 1388 4328 pravorum
1410 4246 1440 4307 in
1455 4240 1554 4305 altero

449 4356 562 4421 seculo
583 4364 658 4437 pust
678 4350 951 4416 resurrectionem
971 4353 1105 4422 statum,
1127 4347 1268 4411 indicunt
1289 4364 1452 4427 nunqnam
1474 4340 1555 4403 iutu-

451 4474 526 4522 rum
543 4466 681 4537 tempus,
695 4452 850 4518 ntuenuo
866 4447 997 4528 reprobi
1013 4454 1183 4529 resumam
1201 4448 1240 4512 ed
1257 4449 1404 4529 pretinm.
1421 4445 1556 4519 leeoqm
