3375 5567
528 766 762 834 Verumtamen
775 767 968 834 tseillimum
988 775 1038 834 est
1052 766 1126 832 iude
1138 767 1211 832 erui
1227 766 1293 830 tvae
1314 781 1426 830 aemes
1440 782 1458 828 a
1474 782 1501 828 v.
1513 761 1539 828 5.

447 869 568 952 Capitis
588 869 614 933 l.
636 871 856 951 expositione,
880 871 936 936 ubi
957 870 1135 954 Apostolus
1156 871 1226 935 ait:
1251 870 1288 934 ds
1309 865 1394 934 Filio
1414 887 1477 942 aaa,
1493 864 1541 950 poi

444 973 549 1053 saetas
561 981 607 1035 est
625 970 653 1036 ei
665 989 707 1036 aa
726 971 840 1036 semina
857 971 963 1036 David
973 973 1150 1036 secundnm
1169 989 1296 1036 earnem
1317 968 1372 1039 abs
1384 965 1543 1069 apariinag

444 1073 502 1157 qai
520 1070 695 1138 destinatus
713 1083 758 1138 eat
777 1073 886 1138 Filias
903 1074 964 1138 liei
985 1073 1021 1138 in
1041 1075 1158 1140 oirtnte
1177 1083 1234 1138 ete.
1257 1095 1273 1134 s
1289 1071 1355 1149 Qui
1376 1089 1464 1152 ergo,
1480 1070 1546 1134 veri·

447 1175 494 1238 bit
512 1173 683 1257 Origenes,
704 1194 832 1258 semper
853 1184 913 1253 est,
938 1175 1120 1242 destinatur
1142 1184 1179 1241 ut
1206 1175 1360 1252 diximus,
1383 1190 1443 1238 uon
1468 1187 1545 1252 prae

447 1277 637 1342 destinatur.
668 1276 733 1354 Qut
758 1286 869 1344 autem
900 1278 1184 1359 praedestinatur,
1214 1277 1356 1342 nandum
1386 1281 1454 1340 erat
1479 1281 1542 1336 tuna

448 1397 523 1443 enm
545 1377 856 1458 praedestinaretur,
882 1377 937 1444 sed
952 1379 1058 1459 eoepit
1079 1397 1120 1444 ex
1137 1389 1293 1461 tempore.
1308 1374 1490 1442 Necessaria
1505 1390 1546 1436 er

447 1498 488 1560 go
508 1478 710 1544 distinetione
730 1480 909 1561 Apostolus
933 1483 1054 1559 utitur,
1077 1499 1167 1555 eum,
1183 1481 1240 1560 qni
1261 1498 1303 1544 ex
1323 1479 1442 1544 semine
1460 1473 1545 1538 David

449 1581 627 1646 seeundum
651 1599 780 1646 earnem
801 1589 863 1659 est,
887 1582 1008 1668 inpium
1030 1581 1158 1647 dieeus:
1182 1600 1257 1646 eum
1281 1598 1373 1658 vern,
1395 1597 1486 1661 quem
1506 1573 1545 1638 li·

447 1681 528 1746 liam
555 1679 614 1746 liei
634 1678 670 1745 ia
689 1679 805 1746 sistite
818 1683 988 1748 secundnm
1009 1683 1157 1765 spiritam
1177 1679 1441 1762 sanctificationis
1466 1677 1548 1741 noui·

447 1790 518 1857 mt,
532 1781 740 1848 destinatum.
759 1782 887 1848 Etenim
909 1804 983 1850 eum
999 1786 1132 1850 dixisset
1147 1783 1266 1850 Filium
1283 1781 1354 1860 Det,
1370 1799 1435 1847 non
1454 1795 1549 1860 snper·

413 1907 419 1916 ·
445 1882 514 1949 duo
533 1885 670 1960 eddidit,
700 1884 736 1948 in
755 1884 885 1965 virtute,
916 1886 1057 1952 indicans
1079 1906 1138 1968 per
1160 1889 1242 1964 laon,
1273 1885 1362 1968 qnod
1387 1883 1547 1950 substantia

450 1984 551 2050 Filius
577 1988 619 2050 sit
638 1987 817 2052 seeundum
837 1988 989 2068 spiritum
1014 1988 1284 2054 sanctificationis.
1311 1985 1461 2054 Christus
1480 1981 1549 2046 enim

447 2084 506 2152 net
523 2089 626 2152 virtus
639 2099 673 2152 et
694 2087 751 2152 Dei
765 2089 921 2170 sapientia
942 2091 1075 2169 dieitur,
1093 2093 1150 2171 qui
1173 2099 1207 2154 et
1223 2106 1324 2171 seper
1347 2085 1476 2151 virtutis
1492 2081 1549 2156 liei,

448 2197 482 2252 et
504 2190 644 2253 manatio
668 2191 791 2272 gloriae
814 2193 1040 2272 omnipotentis
1058 2193 1242 2272 purissima,
1264 2199 1298 2255 et
1317 2190 1471 2272 splendor
1483 2184 1551 2252 lueis

446 2296 611 2362 aeternae,
631 2300 664 2354 et
684 2290 790 2371 imago
812 2291 962 2356 bonitatis
984 2289 1041 2354 Dei
1072 2292 1257 2373 appellatur
1278 2299 1339 2354 ete.
1360 2309 1377 2348 a
1395 2289 1472 2352 lude
1490 2302 1551 2366 pro

408 2417 413 2428 ⁴
447 2406 590 2468 gressus,
604 2392 773 2457 ostendeus
787 2392 961 2473 Origenes,
976 2411 1181 2474 nequaquam
1197 2391 1310 2456 desum
1328 2391 1391 2456 dici
1416 2407 1502 2470 posse
1522 2383 1550 2446 i·

444 2490 526 2554 lium
540 2490 675 2573 ioseph,
692 2514 766 2560 eum
781 2513 799 2558 a
816 2493 939 2575 loseph
953 2513 1159 2576 nequaquam
1181 2505 1275 2558 uatus
1296 2497 1349 2570 sit,
1368 2495 1467 2558 verba
1482 2489 1551 2554 liat·

445 2593 531 2654 titani
552 2593 694 2658 discutite
721 2592 799 2660 Gnnv
820 2604 898 2659 esset
912 2597 1100 2676 desponsata
1121 2593 1231 2662 Maria
1245 2593 1374 2676 Ioseph,
1395 2605 1552 2674 anteponas

445 2693 665 2768 eonaenirsnt,
690 2694 821 2762 inorata
841 2706 887 2761 est
916 2695 951 2760 in
973 2707 1061 2761 atero
1088 2697 1202 2760 notens
1223 2697 1259 2759 de
1289 2693 1414 2776 Spiritu
1440 2692 1551 2759 Sancto.

448 2793 619 2876 Dionysius
634 2801 807 2879 episcopus
818 2798 1050 2864 alexandrinus
1072 2797 1220 2880 Origeuis
1238 2798 1418 2878 discipulus
1444 2799 1474 2860 iu
1488 2793 1552 2876 Epi·

444 2894 529 2959 stola
550 2898 589 2958 ad
613 2895 752 2960 Paolum
779 2907 1037 2975 samosatenum,
1059 2896 1198 2962 Mariam
1219 2895 1374 2970 Sestiana
1389 2896 1550 2979 Deiparan

446 3007 550 3061 voest.
574 2995 650 3075 Quo
667 2999 848 3064 testimonio
870 2999 1020 3064 firmatur
1035 3001 1122 3082 qnod
1146 3000 1294 3066 Socrates
1311 3001 1410 3066 tradit
1432 3019 1474 3064 ex
1488 2996 1552 3060 Ori·

445 3099 533 3176 genis
552 3101 691 3180 seriptis.

525 3197 573 3263 lie
593 3202 738 3282 reliquis,
761 3219 846 3282 qnae
867 3203 943 3266 alibi
966 3204 1051 3268 eirea
1075 3205 1137 3268 hoo
1158 3211 1385 3284 argumentum
1408 3198 1552 3280 exposuit

444 3298 624 3378 Origenes,
646 3302 796 3366 eonsules
826 3304 991 3385 speciatim
1021 3305 1175 3368 domnum
1204 3305 1418 3368 Prudentium
1444 3301 1550 3368 Marsa

447 3403 480 3465 in
501 3401 598 3466 libro
622 3401 676 3466 tv.
700 3402 746 3468 lie
765 3405 939 3470 diivinitate
970 3406 1104 3482 Christi,
1125 3417 1157 3470 et
1179 3405 1356 3488 Georgium
1371 3403 1505 3470 Rullum
1524 3402 1551 3462 in

444 3500 635 3568 [detonsione
652 3503 738 3568 Fidei
761 3509 923 3584 nicaenae,
939 3507 981 3572 De
1001 3506 1081 3572 Filii
1101 3506 1437 3573 ConsndstantiaIitate
1455 3525 1484 3568 c.
1504 3499 1551 3564 ll.

444 3601 550 3666 Porro
570 3605 656 3667 eirca
678 3603 912 3686 discrepantiae
934 3625 1047 3672 causas
1069 3611 1153 3673 iuter
1174 3607 1363 3694 Hieronymi
1386 3619 1419 3672 et
1441 3601 1553 3672 sanat

447 3703 626 3768 versionem
648 3705 679 3768 ia
701 3706 853 3786 praetatis
877 3705 920 3770 De
943 3706 1118 3788 Principiis
1141 3709 1244 3774 Libris
1264 3710 1434 3788 addenda,
1451 3710 1551 3786 singu·

446 3802 507 3863 lari
522 3804 734 3884 disquisitioni
750 3807 954 3872 mandantur.
973 3808 1111 3885 luteres,
1130 3812 1231 3876 velati
1245 3819 1339 3875 antea
1358 3807 1553 3876 animadver

445 3906 480 3978 ti,
505 3923 589 3968 nune
611 3907 785 3972 universim
801 3910 1067 3974 ·eoneludeudnm
1088 3921 1148 3976 est:
1165 3915 1191 3976 si
1214 3908 1552 3994 tauqunmomeadatio

445 4006 649 4084 origenianae
678 4006 846 4072 doetrinae
867 4009 1010 4074 habenda
1043 4011 1172 4090 invent,
1194 4027 1278 4094 quae
1300 4012 1341 4075 dn
1364 4011 1553 4076 divinissimo

445 4104 610 4169 Trinitatis
631 4110 787 4193 mysterio
809 4117 899 4175 reete
918 4110 1060 4188 addidit,
1082 4115 1151 4178 slve
1180 4115 1319 4178 mutavit
1341 4111 1484 4176 Bullinas
1508 4109 1552 4168 di·

447 4209 626 4271 versimode
639 4209 752 4282 abiis,
770 4228 856 4288 qnae
879 4211 923 4274 nti
939 4215 1075 4293 genuina
1094 4215 1189 4280 vertit
1204 4211 1423 4299 llieronpmtvs
1435 4231 1451 4276 e
1463 4228 1553 4290 grar-

443 4311 489 4370 ais
511 4309 697 4389 codicibns3
718 4310 977 4376 concludendum
1002 4322 1064 4392 est,
1086 4315 1237 4397 inquam,
1260 4325 1319 4380 aut
1340 4311 1497 4380 Rudinum
1520 4312 1549 4370 in

443 4408 548 4472 citatis
571 4408 686 4487 Libris,
709 4426 914 4492 nequaqnam
937 4413 1045 4495 aliqua
1068 4419 1262 4482 instaurasse
1283 4417 1397 4494 tsioott
1419 4415 1478 4492 ipse
1505 4411 1551 4470 di-

446 4510 487 4570 cit
501 4511 532 4572 in
548 4508 698 4592 Prologo)
714 4513 744 4574 in
760 4514 809 4590 iis,
825 4531 910 4594 quse
926 4513 964 4578 de
979 4511 1046 4580 lieo
1061 4526 1165 4596 eraut,
1182 4517 1221 4580 de
1234 4515 1341 4581 Verbo
1352 4513 1419 4592 list,
1435 4510 1547 4589 doSpi·
