3375 5567
438 669 499 740 ‘aad

439 795 502 839 uon
517 773 619 855 posita
637 773 667 835 lu
684 773 838 849 hebraeo,
854 789 918 837 uon
928 774 1083 840 audentes
1097 791 1135 838 ea
1151 771 1282 838 omuino
1292 768 1435 848 aulerre;
1448 788 1534 849 quae·

438 879 511 942 dam
533 886 642 941 autem
658 895 732 940 cum
755 877 900 940 astericis
914 876 1108 950 addidimus,
1132 878 1220 940 utsit
1236 873 1450 946 mandentum,
1463 891 1534 951 quo-

436 983 520 1044 niam
542 996 627 1058 quae
648 997 710 1041 non
733 978 869 1042 luerunt
890 981 992 1059 posita
1015 980 1101 1058 apud
1122 978 1353 1058 Septuaginta,
1374 995 1415 1039 ex
1436 975 1535 1036 editio

436 1083 529 1146 nibus
550 1081 666 1147 ceteris
687 1080 870 1144 addidimus
890 1085 1119 1146 convenienter
1134 1081 1286 1145 bebraeo.
1311 1078 1536 1156 inexemplari·

439 1185 499 1248 bns
519 1190 629 1250 autem
652 1181 736 1248 Nori
759 1181 954 1248 Testamenti
977 1185 1039 1248 boc
1060 1185 1165 1265 ipsum
1187 1201 1342 1264 meposse
1362 1182 1534 1245 iaceresine

439 1284 586 1365 periculo
603 1303 665 1349 uon
680 1286 801 1365 putari.
818 1282 958 1348 Tantum
968 1286 1165 1365 suspiciones
1175 1302 1340 1366 exponere
1354 1301 1406 1346 me
1420 1281 1535 1353 debere,

440 1395 472 1450 et
487 1388 625 1450 rationes
639 1395 673 1449 et
693 1402 806 1450 causas
820 1388 1057 1468 suspicionum,
1078 1405 1141 1452 nou
1155 1407 1225 1452 csse
1245 1385 1466 1451 irrationabile
1477 1385 1536 1446 exi

440 1489 581 1564 stimavi,
596 1489 681 1551 sicut
691 1489 721 1550 io
734 1488 894 1564 hocloco,
907 1490 994 1569 quod
1004 1490 1137 1552 dicitur:
1147 1486 1261 1569 diliges
1270 1486 1450 1569 proximum
1460 1495 1538 1550 tacu

439 1584 523 1650 sieut
545 1585 688 1667 teipsum,
710 1590 864 1668 quoniam
885 1589 971 1669 apud
995 1588 1147 1654 Marcum
1167 1598 1200 1654 et
1221 1588 1418 1654 Lucamnou
1437 1594 1541 1663 astpo

440 1689 549 1751 situm.
572 1687 725 1753 iudicent
745 1697 876 1764 autem,
898 1690 955 1770 qui
979 1699 1134 1770 possunt,
1157 1699 1269 1754 utrum
1293 1707 1371 1753 rara
1391 1691 1453 1753 siut
1470 1704 1543 1768 quae

445 1798 633 1863 tractamus,
656 1807 696 1850 au
718 1788 809 1851 lalsa.
832 1786 952 1852 Tamen
975 1799 1036 1852 etc.
1061 1809 1077 1848 u

525 1890 658 1970 thois
680 1892 711 1953 io
734 1891 793 1954 bac
813 1890 963 1970 origenis
984 1893 1186 1970 expositione
1205 1909 1270 1956 non
1291 1891 1411 1956 alteru
1430 1891 1544 1954 ratioci-

443 1992 485 2054 nii
499 1991 644 2057 ordinem
658 1993 826 2071 perspicue
841 2001 1024 2067 sensatum,
1036 2003 1071 2057 ut
1088 1995 1254 2074 proposito
1269 1995 1453 2071 inserviret,
1468 1991 1543 2072 quod

441 2095 584 2174 suscepit
605 2095 694 2156 circa
723 2091 1005 2172 Evangelistarum
1027 2096 1274 2176 discrepantiam
1296 2097 1328 2158 iu
1348 2113 1444 2160 sacro
1471 2093 1545 2157 testi·

425 2177 567 2256 'murrina
584 2191 696 2273 diliges
704 2191 991 2273 proximum-tuum
1005 2193 1087 2259 sicut
1101 2206 1130 2259 tc
1144 2193 1273 2276 ipsum?
1283 2195 1459 2276 Postquam
1472 2194 1544 2257 euim

444 2296 489 2358 ait
511 2294 742 2370 Adamantius,
766 2305 842 2360 tunc
865 2299 1020 2376 temporis
1043 2297 1226 2363 Bibliorum
1246 2297 1447 2378 exemplaria
1473 2300 1545 2360 inter

445 2414 480 2460 se
504 2399 631 2461 variare
657 2405 715 2460 aut
746 2415 787 2460 ea
810 2401 1057 2462 amanuensium
1086 2401 1233 2474 incuria,
1254 2415 1314 2462 seu
1341 2397 1545 2478 quorumdam

448 2497 640 2573 temeritate,
663 2505 722 2561 aut
741 2497 885 2562 aliorum
900 2500 1062 2564 arbitratu
1084 2518 1144 2580 pro
1154 2499 1262 2564 lubitu
1282 2499 1470 2563 addentium
1488 2500 1546 2561 sire

447 2597 709 2674 detrahentium
732 2597 840 2662 subdit
861 2617 897 2662 ae
919 2599 993 2664 idco
1013 2601 1189 2664 admodum
1210 2600 1398 2665 elaborasse
1418 2601 1450 2664 in
1475 2597 1547 2664 Seri·

444 2707 619 2779 pturarum
637 2696 763 2762 Veteris
785 2695 982 2764 Testamenti
997 2700 1191 2764 editionibus
1214 2701 1311 2763 variis
1325 2701 1413 2764 inter
1430 2716 1548 2764 aeeon·

448 2797 609 2880 parandis,
623 2799 732 2862 addito
743 2815 877 2879 quoque
891 2807 982 2866 textu
999 2801 1164 2877 hebraico,
1176 2809 1226 2877 nt,
1239 2801 1347 2881 quoad
1359 2799 1432 2864 lieri
1443 2805 1547 2879 postu,

446 2917 488 2964 ex
509 2897 714 2980 Septuaginta
731 2899 857 2965 Graeca
875 2897 1029 2965 Versione
1046 2904 1218 2967 rametates
1240 2901 1448 2977 tollerentur,
1475 2917 1548 2982 quac

448 3017 564 3082 parum
586 3017 762 3064 consonare
785 3002 993 3081 videbantur,
1016 3003 1224 3068 uniformiter
1237 3002 1310 3066 iude
1331 3004 1549 3084 praemissisae

449 3103 652 3178 necessario,
675 3101 862 3182 regreditur
893 3104 933 3166 ad
965 3106 1184 3185 quaestionem
1209 3105 1406 3168 varietatum
1425 3104 1457 3166 iu
1477 3100 1549 3164 Nori

451 3202 605 3266 Toederis
625 3202 716 3266 libris
731 3206 988 3280 occurrentium,
1009 3214 1044 3268 ut
1065 3205 1351 3285 argumentationis
1364 3220 1550 3284 consequen-

452 3306 527 3367 tiam
539 3303 691 3379 dedueat,
713 3304 868 3380 scribens,
883 3306 1032 3383 quamvis
1053 3306 1084 3366 in
1100 3303 1209 3368 iltutus
1227 3301 1352 3368 Veteris
1367 3301 1550 3368 Testamenti

449 3404 480 3468 id
502 3407 639 3483 egisset,
663 3411 768 3467 tamen
788 3402 824 3467 iu
844 3405 1075 3485 exemplaribus
1096 3403 1180 3470 Noui
1199 3405 1254 3468 luc
1274 3403 1380 3485 ipsum
1402 3424 1448 3467 mc
1474 3419 1550 3484 porse

447 3507 552 3586 {ocare
564 3504 632 3568 siue
648 3504 793 3585 periculo
813 3524 878 3568 uon
892 3507 1029 3587 puteum
1044 3507 1099 3570 sed
1123 3507 1346 3571 tantummodo
1364 3507 1550 3587 suspiciones

451 3617 483 3670 et
502 3607 721 3686 suspicionum
743 3625 857 3672 causas
879 3606 1039 3689 prolerre.
1055 3606 1148 3684 Quae
1168 3608 1275 3671 omnia
1297 3607 1382 3671 iuter
1397 3608 1487 3672 scita
1505 3623 1551 3668 co·

453 3708 598 3781 haerent,
614 3714 652 3770 nt
665 3707 849 3772 omnimode
858 3709 1123 3789 praecedentibus
1139 3708 1364 3789 respondeant;
1376 3728 1416 3776 ac
1430 3710 1499 3774 ideo
1512 3705 1551 3767 nil

452 3807 664 3872 dubitandum
677 3808 719 3872 sit
733 3808 774 3871 de
790 3806 976 3890 interpretis
989 3811 1107 3874 veteris
1117 3827 1197 3875 cura
1212 3817 1246 3874 et
1259 3809 1415 3878 utotttuo
1425 3811 1458 3876 lu
1471 3825 1551 3891 grae

452 3931 490 3974 cn
511 3909 659 3989 Origenis
682 3916 774 3973 textu
791 3910 1027 3976 transferendo.
1135 3955 1144 3966 .

894 4112 997 4180 Verrio
1017 4113 1131 4180 Huctii

535 4317 610 4384 l’oat
626 4319 717 4395 baec,
734 4316 989 4399 Transcriptoris
1002 4275 1109 4399 graeci
1124 4318 1277 4384 adeamus
1292 4327 1430 4395 textum,
1443 4325 1489 4395 ut,
1502 4315 1550 4395 gui

455 4421 540 4486 lianc
564 4421 664 4484 veteri
691 4421 952 4518 lutarpretationi
981 4420 1148 4497 conterat,
1180 4420 1394 4486 dilierentiam
1416 4428 1500 4484 notet
1518 4435 1551 4480 ae

457 4539 566 4594 serum
583 4523 650 4602 ipso
672 4522 977 4602 inconsequentiam.
995 4519 1047 4586 Sic
1068 4539 1208 4601 namque
1224 4521 1362 4589 linctius
1383 4524 1422 4588 ad
1437 4523 1551 4586 literam
