3375 5567
220 764 367 844 Qamris
382 764 415 829 lu
429 764 491 827 bac
510 760 661 843 pericope
674 760 773 825 dnbir
796 765 1020 841 proponantur
1039 762 1246 843 potiusquam

132 922 136 927 .
161 890 206 935 eeu
223 877 303 933 certa
325 866 467 944 tradito;
497 871 639 928 alumen
665 881 726 942 pro
746 860 897 941 origenis
919 858 1124 940 detonsione,
1146 864 1247 943 siquis

159 970 375 1044 odeoderetnr,
407 967 529 1047 quippe
549 963 636 1028 band
657 962 792 1027 auribus
817 962 1009 1027 orthodoxis
1035 964 1246 1037 satisfaciant,

157 1067 447 1133 condesidereutur
467 1068 499 1127 in
523 1066 624 1129 reteri
641 1062 924 1145 interpretatione,
940 1082 1001 1127 non
1020 1063 1168 1145 Origeni,
1190 1063 1246 1144 oni

156 1171 219 1233 iaec
236 1188 298 1233 non
310 1170 454 1248 scripsit,
466 1166 523 1231 aed
543 1183 630 1229 noro
645 1181 763 1246 graeco
776 1163 1030 1230 Commentatori
1046 1186 1115 1230 csse
1136 1167 1246 1231 inscri-

154 1270 237 1333 benda
256 1271 357 1344 aciat,
380 1268 437 1348 oui
465 1285 509 1332 ex
528 1266 663 1347 proprio
683 1265 810 1345 ingenio
839 1266 916 1329 talia
937 1266 1069 1329 addidit.
1093 1265 1246 1331 Ceterum

151 1371 219 1435 deut
232 1369 320 1447 alibi,
333 1371 378 1433 ita
395 1376 430 1433 et
442 1369 606 1449 blosigna
622 1366 869 1431 manifestantur
887 1368 1154 1449 interpolationis.
1179 1367 1248 1433 Pri·

151 1488 244 1551 uom3
265 1488 330 1535 nnn
358 1469 664 1551 comprehenditur,
686 1468 765 1549 qnid
786 1468 848 1533 sibi
874 1468 975 1533 velint
1002 1470 1164 1550 proposita
1187 1468 1247 1533 dn·

152 1571 192 1635 iia
208 1572 312 1653 quoad
335 1571 544 1653 praecipuam
564 1568 714 1651 Origenia
734 1568 967 1651 quaestionem.
994 1570 1154 1650 Secundo,
1179 1579 1247 1635 tex·

153 1681 192 1737 tos
208 1691 338 1738 mancus
359 1670 618 1749 Deuteronomii,
641 1673 689 1737 nti
711 1672 810 1738 tradit
829 1690 983 1753 graecus,
1005 1692 1081 1737 com
1103 1693 1246 1739 necessa·

152 1774 191 1837 rio
209 1783 327 1841 tolnae
345 1794 374 1838 r.
395 1771 427 1841 5.
447 1774 489 1838 ad
509 1770 560 1841 12
582 1774 812 1840 describendus
832 1783 925 1851 erat,
948 1762 1047 1856 prout
1067 1777 1132 1857 epit
1155 1784 1247 1841 vetus

152 1873 296 1958 interpres
308 1876 350 1940 ad
371 1876 526 1941 durioris
545 1883 699 1954 mentem,
714 1877 834 1941 indicat
853 1876 1088 1941 mutilationem
1110 1897 1152 1941 ex
1175 1896 1247 1957 par·

151 1977 371 2066 tadnonpsni5
390 1977 449 2058 qni
469 1992 531 2057 pro
551 1994 643 2040 more
662 1993 737 2051 ano,
751 1978 848 2041 sicuti
871 1977 1021 2053 vidimus,
1044 1976 1140 2041 modo
1161 1978 1249 2058 adje-

150 2077 195 2154 cit,
212 2078 307 2141 modu
326 2077 447 2141 omisit.
468 2073 603 2154 Tertio,
623 2073 853 2158 Trruscriptor
884 2077 916 2139 in
938 2078 999 2141 boc
1028 2077 1246 2141 additamento
1314 2158 1319 2165 ι

149 2176 241 2242 indae
266 2177 431 2259 Epistulae
451 2180 646 2242 mentionem
666 2180 752 2260 epit:
776 2180 820 2243 ita
842 2181 1008 2261 iuquiens:
1039 2182 1124 2263 pund
1143 2180 1246 2261 nouis

149 2276 233 2342 istas
250 2296 375 2359 praeposo
395 2276 574 2359 Epistulam
593 2276 752 2355 admittat,
773 2278 880 2343 uident
899 2279 978 2362 putat
997 2301 1036 2343 ex
1057 2282 1117 2345 boc
1138 2300 1249 2361 sequo-

148 2389 192 2442 trr
208 2377 352 2445 doctrino
371 2385 429 2441 ete.
446 2371 609 2455 Quod‘ess
628 2382 661 2443 io
685 2381 821 2445 dubium
844 2400 964 2445 vocare
984 2382 1125 2445 divinam
1148 2383 1247 2463 buius

149 2478 297 2561 Epistulae
317 2480 558 2545 anctoritatem.
581 2478 813 2545 Verumtamen
839 2482 955 2547 nullibi
980 2482 1144 2547 librorum
1165 2502 1248 2563 quu-

148 2582 258 2645 rnnnris
286 2580 453 2661 reperitur
477 2580 521 2642 ita
544 2578 718 2661 Origenem
747 2584 907 2657 sensisse,
932 2583 1000 2647 sive
1022 2582 1186 2648 dubitasse
1207 2582 1246 2647 de

148 2681 236 2764 buius
255 2680 422 2763 Epistulae
449 2677 679 2745 Canonicitate.
709 2680 895 2758 Quinimmo
924 2684 1048 2764 pluries
1079 2684 1148 2747 nlla
1176 2684 1247 2747 abs·

145 2802 204 2864 pue
223 2783 421 2847 dubitatione
439 2800 501 2846 ceu
522 2782 663 2845 diriuam
684 2781 888 2864 Scriptorum
909 2784 1033 2861 citarit,
1055 2786 1170 2847 ceteris
1202 2784 1248 2845 io·

145 2904 244 2951 meua
258 2884 361 2949 Libris
373 2883 486 2947 sacris.
501 2880 600 2958 Quod
614 2889 647 2947 et
663 2883 754 2960 vidit,
769 2893 803 2949 et
823 2885 974 2965 probarit
992 2883 1141 2947 fluetius.
1159 2884 1248 2961 Quo·

145 3005 211 3051 euos
236 2986 359 3069 pariter
383 2984 592 3061 adstruitur,
616 2992 711 3049 extro
740 2986 896 3066 genuinos
929 2985 1111 3047 Adamantii
1135 3001 1247 3049 sensns

144 3086 368 3149 amandandam
382 3101 452 3148 esse
472 3083 659 3164 huiusmodi
671 3084 868 3166 pericopem3
890 3094 923 3149 et
936 3086 1009 3148 hinc
1024 3084 1164 3166 amplius
1176 3084 1247 3148 nul·

143 3188 205 3252 lum
219 3189 288 3252 dari
301 3188 415 3252 locum
434 3185 608 3267 origenem
623 3186 842 3262 insimulandi,
864 3187 890 3249 si
902 3203 1038 3250 erronee
1054 3186 1087 3249 in
1099 3186 1247 3265 praelato

143 3307 252 3367 smero
279 3288 520 3355 Commentario
541 3305 600 3368 per
621 3284 778 3351 Hostium
801 3286 977 3361 translato,
1002 3287 1173 3379 videantur
1192 3287 1247 3351 de·

143 3394 266 3472 scripta.
1149 3414 1156 3427 ·

214 3491 406 3557 Summatim
425 3490 570 3569 demum,
588 3493 621 3555 in
642 3494 704 3557 boc
718 3499 883 3574 postremo
903 3476 978 3555 loco
993 3490 1246 3571 comprehensis,

143 3612 219 3674 pure
237 3614 282 3658 ex
302 3592 396 3658 libris
414 3591 564 3672 Origenis
593 3594 749 3658 diluimus
769 3593 810 3656 de
827 3593 899 3674 jugi
921 3593 1114 3656 doemonum
1137 3598 1170 3655 et
1197 3610 1247 3655 re·

143 3696 315 3775 proborum
334 3695 368 3756 in
388 3693 494 3757 alteru
513 3694 627 3758 seculo
651 3694 814 3770 cruciato,
836 3710 932 3757 nemu
953 3691 1125 3767 dubitabit,
1151 3698 1246 3772 puto,

144 3796 178 3859 de
189 3797 333 3868 nocem,
345 3794 570 3876 comtantioue
590 3795 745 3859 ductoris
759 3804 865 3859 mente
884 3795 915 3858 in
929 3794 991 3858 boc
1007 3793 1078 3858 ttdei
1093 3793 1245 3858 articulo.

144 3895 179 3961 lit
196 3898 274 3961 binc
293 3913 423 3960 neeesse
438 3904 487 3959 est
501 3936 512 3972 ,
526 3896 620 3975 siqua
642 3895 720 3960 boio
742 3913 821 3961 suae
843 3895 1034 3977 professioni
1055 3894 1176 3959 alieubi
1197 3912 1248 3958 re·

145 4001 308 4077 ponantur
322 3996 505 4073 contraria,
519 4003 554 4062 et
566 3997 640 4062 inde
657 3998 855 4079 apostolicae
869 3997 1049 4071 doctrinae,
1062 4003 1099 4061 ut
1111 3996 1191 4060 alias
1205 3994 1245 4057 ad

146 4098 308 4165 falsatores
330 4115 468 4164 snorum
488 4097 665 4175 librorum,
680 4099 761 4163 alias
784 4100 825 4162 ad
851 4101 956 4162 minus
979 4103 1150 4162 accuratos
1171 4115 1248 4160 sno·

145 4219 210 4265 runs
230 4203 423 4283 dogmatum
442 4200 635 4280 interpretes
655 4202 874 4266 remittantur.
897 4200 994 4278 Quod
1017 4200 1158 4281 primum
1172 4216 1246 4263 ere-

145 4303 218 4367 nisse
240 4303 381 4367 vidimus
412 4300 445 4363 iu
464 4300 659 4382 quibusdam
678 4300 845 4367 codicibus
873 4296 1188 4367 Commentariorum
1208 4295 1246 4360 io
1281 4362 1289 4379 ‚

145 4400 353 4482 naamam,
375 4409 410 4465 et
429 4400 607 4465 seeundum
636 4403 669 4464 in
690 4400 795 4467 Libris
815 4400 1022 4466 Periorolsoo.
1045 4398 1118 4465 Non
1138 4399 1243 4476 enim,

147 4503 239 4569 veluti
262 4505 394 4586 saepius
415 4501 505 4579 disi,
528 4500 598 4565 lieri
627 4508 754 4584 potest,
776 4510 814 4569 nt
841 4500 1050 4585 origenesin
1079 4499 1156 4563 tanti
1177 4517 1245 4563 mo·
