3375 5567
445 763 635 837 animalium
658 773 784 847 partem
805 771 970 837 continere
992 772 1134 853 potuisse
1155 789 1266 838 arcam
1281 771 1370 841 Noe?
1389 773 1550 842 curtante

446 867 555 931 studio
568 869 641 950 eins
655 887 754 935 arcae
766 889 951 938 mensnram
962 878 1119 951 excussit,
1134 883 1172 960 ut
1185 876 1313 940 litterae
1326 879 1551 959 expositionem

444 980 593 1034 rerscrct
614 980 726 1036 contra
748 973 847 1055 hujus
868 974 1023 1040 historiae
1045 979 1190 1058 veritatis
1211 978 1419 1044 mentituros?
1439 981 1471 1045 st
1492 997 1552 1061 up·

446 1071 548 1136 sticns
560 1090 620 1136 seu
634 1073 832 1153 allegoricus
848 1093 960 1142 sensns
975 1078 1052 1142 satis
1067 1078 1225 1144 ei'lnisset
1238 1081 1270 1142 in
1290 1081 1351 1146 hac
1364 1083 1551 1156 narratione,

450 1172 583 1270 trustra!
598 1173 798 1252 laborasset,
820 1185 932 1242 contra
955 1177 1103 1260 hpellem
1131 1180 1293 1246 vindicans
1313 1199 1444 1246 sensnm
1465 1183 1552 1246 histo·

449 1293 565 1338 rtrum.
589 1321 594 1328 .
1017 1327 1021 1332 .

529 1375 701 1444 Praeterea
723 1389 837 1446 notatu
851 1399 986 1463 quoquc
1007 1380 1139 1463 dignum
1153 1389 1213 1458 est,
1234 1383 1410 1463 Origenem
1427 1385 1458 1446 in
1478 1385 1553 1448 ordi·

447 1498 486 1543 ue
518 1483 727 1548 homiliarum
748 1485 788 1547 ad
819 1484 1001 1567 populum,
1025 1485 1111 1548 hnnc
1131 1487 1248 1550 merito
1277 1492 1438 1551 sectatum
1467 1487 1553 1550 inisse

450 1583 625 1664 praecipue
647 1585 825 1665 allegoriae
845 1603 983 1661 morem,
999 1601 1116 1664 parom
1137 1585 1176 1649 de
1191 1586 1299 1649 littera
1320 1587 1507 1650 sollicitum.
1524 1584 1551 1648 Ιι

448 1685 510 1746 hac
529 1685 613 1749 enim
635 1685 810 1763 methodo,
833 1704 976 1767 quacum
1003 1687 1112 1767 agitur
1138 1705 1202 1750 non
1232 1697 1360 1751 tantum
1392 1689 1424 1752 iu
1450 1689 1552 1756 haere·

447 1784 527 1848 ticos
554 1793 587 1849 et
607 1786 771 1862 infideles,
793 1795 953 1867 qnantum
975 1788 1015 1851 ad
1038 1787 1183 1850 fidelium
1206 1791 1394 1856 animorum
1415 1789 1550 1852 aedifica·

447 1887 587 1964 tionem,
609 1905 669 1952 uec
689 1889 813 1969 primns
835 1887 964 1952 hahitus
987 1897 1056 1964 est,
1080 1906 1139 1952 nec
1162 1887 1296 1953 ultimos
1318 1891 1350 1952 iu
1374 1891 1549 1972 huiusmodi

447 1988 572 2072 mystici
591 1989 750 2052 sermonis
770 1989 953 2054 collatione.
972 1990 1023 2052 hh
1037 1989 1196 2070 Apostoto
1218 2007 1360 2070 namque
1383 2009 1487 2072 usqne
1504 1989 1550 2054 sd·

307 2141 311 2149 .
446 2088 531 2166 hnc,
555 2089 646 2154 rerhi
667 2090 767 2154 divini
789 2108 963 2171 praecones
984 2090 1024 2154 ad
1050 2093 1132 2154 hanc
1152 2089 1342 2170 Scriptum
1365 2095 1547 2174 interpreta-

446 2190 577 2268 tionem,
593 2190 783 2256 anditornm
801 2192 913 2264 mentis
929 2183 1151 2256 informandae
1170 2181 1266 2256 causa
1281 2211 1316 2257 se
1330 2211 1367 2256 se
1382 2193 1548 2274 plurimum

444 2297 662 2371 receperunt3
682 2293 762 2372 quin
789 2299 896 2355 tamen
917 2293 1045 2357 litterae
1067 2292 1311 2372 intelligentiam
1338 2301 1544 2374 respuerent:

442 2411 460 2450 r
483 2389 555 2455 Non
582 2393 667 2456 euim
690 2391 815 2472 (inquit
836 2394 904 2473 ipse
931 2390 1071 2457 Homilia
1094 2391 1166 2457 vlt.
1189 2393 1227 2455 io
1256 2392 1434 2460 leviticum
1454 2415 1484 2458 ιι.
1504 2393 1550 2472 l.)

444 2493 613 2557 nonenim
634 2507 720 2555 nnnc
739 2493 921 2572 exponendi
942 2493 1149 2575 Scripturas,
1168 2494 1224 2558 sed
1245 2493 1437 2560 aedificandi
1459 2495 1550 2560 eccle

443 2594 506 2658 slas
527 2595 902 2675 ministeriumpcrimus
913 2617 925 2676 3
947 2597 1095 2677 quamvis
1115 2604 1148 2660 et
1169 2616 1211 2660 ex
1233 2597 1295 2671 his,
1317 2615 1406 2677 qnae
1426 2615 1446 2660 a
1468 2598 1547 2660 nohis

444 2703 537 2760 antea
553 2704 688 2759 tractata
702 2706 791 2774 sunt,
813 2699 954 2777 prudens
969 2702 1108 2779 quisque
1123 2699 1255 2762 auditor
1268 2699 1437 2764 evidentes
1455 2699 1494 2762 ad
1508 2701 1547 2760 in·

444 2796 652 2878 tellipsndum
675 2799 774 2878 possit
792 2797 922 2864 semitas
943 2800 1099 2870 invenire.
1122 2819 1139 2858 o

522 2899 627 2964 Porro
648 2901 854 2965 haecomnia
876 2901 1020 2981 perhelle
1047 2901 1252 2981 explicantur
1273 2911 1306 2966 ct
1326 2902 1545 2966 instaurantur

442 3002 484 3064 ah
503 3001 555 3079 iis,
576 3021 661 3082 quae
681 3004 749 3085 ipse
770 3004 869 3067 trudit
889 3003 1002 3067 deinde
1024 3001 1164 3066 Romilia
1186 3001 1226 3066 X.
1249 3021 1280 3067 ιι.
1300 3002 1323 3064 l.
1347 3003 1379 3066 in
1402 3003 1544 3068 eumdem

444 3103 578 3169 hihrnm
589 3125 601 3186 3
622 3107 676 3170 uhi
697 3107 730 3168 in
751 3107 866 3168 dirimis
886 3105 1062 3186 Scripturis
1081 3105 1211 3168 litterae
1230 3122 1373 3179 sensnm,
1397 3105 1547 3188 ejusdem·

441 3225 506 3286 que
527 3209 716 3291 mysterium
732 3209 883 3287 apprime
905 3206 1061 3282 discutit,
1095 3205 1267 3290 firmatque
1287 3223 1390 3285 prope
1413 3207 1547 3271 Catholi-

444 3327 501 3372 cae
523 3307 687 3372 Ecclesiae
708 3317 866 3372 mentem:
891 3328 908 3366 e
930 3305 996 3370 Nos
1017 3306 1168 3387 quidem,
1190 3308 1247 3380 ait,
1270 3307 1326 3386 qui
1348 3308 1388 3371 de
1412 3307 1545 3372 Ecclesia

443 3427 578 3484 snmus,
601 3411 718 3472 merito
738 3405 874 3489 Moysen
897 3407 1089 3486 recipimus,
1112 3415 1142 3469 et
1164 3408 1281 3487 scripta
1303 3407 1376 3489 ejus
1397 3408 1545 3489 legimns,

438 3512 613 3579 sentientes
632 3511 673 3572 de
693 3528 755 3585 eo,
784 3510 873 3589 qood
896 3508 1067 3590 propheta,
1089 3514 1122 3570 et
1144 3506 1210 3571 Deo
1230 3508 1290 3570 sihi
1312 3509 1499 3583 revelante,
1520 3509 1545 3566 in

442 3611 597 3694 spmholis
616 3623 650 3676 et
671 3611 784 3692 liparis
804 3628 843 3674 oc
863 3610 977 3672 luroris
997 3608 1180 3690 allegoricis
1195 3611 1421 3691 conscripserit
1444 3611 1545 3673 intusa

444 3714 610 3795 mysteria,
633 3731 718 3792 qnae
740 3714 771 3775 in
794 3722 938 3794 tempore
960 3730 1021 3775 sun
1048 3711 1202 3776 docemus
1223 3710 1367 3791 implete.
1386 3710 1457 3786 Qus
1478 3727 1545 3770 reru

441 3813 628 3896 hujusmodi
649 3817 680 3877 ln
700 3833 741 3878 eo
762 3833 825 3878 non
849 3815 962 3895 recipit
981 3830 1133 3888 sensnm,
1155 3813 1224 3874 sire
1242 3812 1442 3892 iudaeorum
1462 3811 1541 3890 quis,

439 3916 508 3979 sire
523 3917 619 3978 etiarn
633 3923 820 3979 nostrornm
836 3917 900 3993 sit3
923 3916 949 3977 is
968 3931 1006 3976 oe
1023 3914 1213 3994 prophetam
1229 3913 1361 3992 quidem
1383 3930 1456 3975 cum
1473 3909 1543 3972 inis·

440 4037 475 4080 se
495 4017 614 4080 docere
636 4024 750 4097 potest.
769 4015 941 4093 Quomodo
962 4017 1046 4079 enim
1063 4015 1254 4097 prophetem
1276 4015 1438 4092 prohahit,
1452 4010 1541 4091 cnjus

443 4120 568 4183 litteras
582 4125 705 4181 asserat
725 4135 795 4180 esse
809 4133 1009 4190 communes,
1036 4115 1139 4180 loturi
1165 4114 1288 4178 nullius
1317 4115 1469 4186 conscias,
1490 4127 1543 4171 nec

442 4219 564 4286 occulti
593 4217 715 4298 aliquid
745 4217 889 4298 mysterii
911 4213 1132 4280 continentes?
1162 4211 1257 4277 linnc
1276 4215 1408 4294 itaque,
1430 4211 1482 4292 nni
1503 4212 1540 4273 ita

438 4322 548 4393 sentit,
565 4317 724 4399 legentem
745 4318 838 4391 hoec,
854 4317 962 4397 arguit
980 4333 1087 4379 sermo
1107 4315 1235 4378 divinus
1250 4315 1309 4393 (en
1328 4315 1419 4376 hctis
1439 4313 1540 4390 hpnst.
1602 4305 1603 4314 ’

439 4441 468 4484 c.
485 4419 633 4497 viliter
651 4419 750 4483 dicit:
769 4427 902 4499 poturas
916 4415 1068 4498 intelligis
1086 4434 1164 4498 poue
1179 4410 1287 4495 lepis?
1309 4412 1368 4478 list
1383 4432 1457 4494 erpo
1477 4409 1537 4472 hes

439 4531 472 4585 et
493 4523 612 4598 omnia,
629 4537 715 4602 qnae
735 4522 767 4583 in
788 4519 873 4601 hege
892 4527 980 4596 sunt,
995 4519 1173 4582 secundum
1197 4515 1344 4597 Apostoli
1360 4512 1535 4580 sententiam
