3375 5567
173 783 281 847 rendam
300 791 371 858 est,
394 783 544 847 eumdem
567 783 813 864 discrepantiam
839 782 1014 847 instituisse
1045 786 1130 847 inter
1151 782 1255 846 Patris

172 898 196 947 st
211 884 272 949 iilli
290 892 442 949 naturam
462 886 716 957 antessamtsue
735 886 832 949 uenti
850 903 965 949 resera
989 884 1133 949 Verbum
1147 886 1252 965 ipsum

170 988 285 1051 distinxit
304 1006 324 1049 a
345 988 507 1051 creaturis
528 988 760 1065 rationalibus,
781 988 841 1051 etsi
863 987 924 1051 naa
946 988 987 1049 als
1007 988 1077 1068 ipso
1099 985 1167 1049 lleo
1191 988 1254 1050 rir-

169 1099 231 1162 tute,
248 1092 427 1161 sanctitate,
448 1088 606 1169 donisque
627 1089 821 1151 coelestibus
842 1086 964 1151 luerint
985 1088 1183 1151 cumulatae.
1213 1085 1256 1151 Et

167 1190 214 1251 loe
225 1190 412 1269 amplissime
429 1188 620 1269 signidaavit
633 1187 668 1251 iss
680 1188 846 1253 Paulinum
862 1184 975 1253 135AE
991 1208 1030 1251 ex
1049 1188 1167 1253 serbis:
1180 1206 1254 1251 aon·

166 1289 276 1370 fitemini
295 1290 361 1353 lieo
381 1291 519 1355 Deorum
536 1300 594 1353 ete.
616 1309 702 1371 qnae
731 1293 781 1353 ita
796 1291 950 1369 exponit:
967 1310 983 1349 a
999 1288 1087 1355 Deus
1109 1288 1253 1354 Deorum

166 1404 203 1457 est
213 1395 351 1469 illorum,
372 1394 413 1456 ad
428 1411 511 1474 quos
530 1411 639 1457 sermo
653 1391 713 1455 Dei
734 1393 840 1456 laetas
854 1402 902 1455 est
916 1390 1094 1457 seeundum
1110 1392 1256 1472 Scripta·
1380 1449 1383 1457 .

166 1514 231 1569 ram,
249 1514 333 1575 qnae
357 1495 445 1556 dicit:
469 1493 537 1573 Epo
556 1492 629 1557 atos·
647 1493 697 1556 ds's'
716 1492 798 1556 ssts's.
820 1492 864 1557 El
885 1511 941 1573 eqo
960 1510 1030 1556 sttm
1054 1492 1135 1557 Deus
1157 1492 1257 1555 Adra-

164 1594 449 1670 ramosarum,
468 1605 497 1657 et
512 1594 596 1658 deus
608 1594 726 1657 Jacob:
747 1594 898 1658 videlieet
914 1596 1092 1659 secandam
1108 1612 1255 1675 maguam

94 1727 96 1736 =
163 1713 224 1775 erpa
235 1698 305 1759 illos
319 1694 527 1759 dilectionem
541 1705 574 1758 et
585 1695 848 1759 familiaritatem.
862 1692 1063 1759 Daemunuus
1075 1713 1155 1758 vero
1168 1693 1254 1758 Deus

94 1805 95 1866 l
163 1806 201 1860 est
215 1798 390 1861 seeundum
410 1799 617 1861 creationem.
650 1795 828 1876 Apostolus
849 1796 933 1857 enlm
954 1796 1023 1870 ait,
1045 1794 1104 1859 etsi
1121 1792 1189 1857 siat
1208 1793 1257 1855 dii

94 1903 96 1938 ῑ
160 1897 237 1961 aalts'
253 1909 283 1961 et
301 1894 427 1961 domins·
444 1897 538 1959 multi
556 1899 588 1959 in
610 1895 704 1960 eoelo
724 1902 758 1959 et
784 1895 817 1959 ia
839 1904 948 1958 terra:
971 1884 1054 1964 ἀλλὰ
1075 1888 1150 1975 τούς
1172 1893 1259 1987 λεγο-

94 2029 95 2034 ’
160 1998 259 2089 μένους
273 1990 428 2092 prusiada
440 1996 573 2097 'l'ptoida
586 1988 692 2081 θιοῦς,
709 1992 864 2089 μετουσίᾳ
883 1992 1040 2077 θεότητος
1053 1992 1138 2065 lmus
1152 1991 1259 2063 relau-

94 2141 96 2198 l
161 2101 311 2185 τουςόδέ
334 2099 442 2206 σωτὴρ
465 2100 504 2171 lv
524 2096 613 2173 κατά
634 2095 826 2196 μετουσίαν,
849 2093 937 2171 ἀλλὰ
957 2124 1020 2171 κατ
1046 2098 1164 2171 iustas
1187 2094 1256 2169 lori

94 2271 96 2278 ,
159 2207 219 2291 θεὸς
239 2216 259 2276 i.
280 2232 311 2276 e.
335 2232 391 2277 eos
413 2219 518 2276 umen
540 2209 642 2288 Deos,
658 2214 717 2293 qui
737 2219 810 2290 post
830 2208 1019 2274 Trinitatem
1035 2210 1254 2289 appellantur,

94 2329 95 2388 1
161 2312 227 2375 tales
245 2332 316 2378 esse
341 2332 402 2393 per
420 2313 594 2377 divinitatis
614 2312 905 2393 participationem.
929 2310 989 2373 Ast
1014 2308 1167 2374 Salvator
1192 2326 1256 2373 non

94 2441 96 2502 3
159 2430 207 2493 per
219 2415 507 2496 participationem,
528 2413 584 2476 sed
598 2411 775 2477 seeundum
798 2411 966 2475 essentiam
982 2419 1030 2474 est
1047 2409 1143 2475 Dens.
1160 2430 1177 2469 u

94 2537 96 2586 ‡
225 2516 400 2580 Praeterea
421 2514 529 2595 quoad
553 2512 651 2578 Verbi
665 2514 808 2577 insarno
826 2512 1116 2588 conversationem,
1139 2512 1170 2575 in
1193 2529 1257 2593 qua

158 2618 283 2697 seipsum
305 2615 427 2680 obtulit
441 2614 618 2678 lleiPatris
639 2611 854 2689 Sacerdotem,
877 2611 1081 2677 Mediatorem
1109 2622 1138 2675 et
1161 2610 1263 2678 utos·

158 2727 257 2792 strum,
276 2726 318 2782 ut
332 2715 574 2796 Redemptiouis
594 2714 766 2795 perliceret
780 2732 863 2795 opas
876 2714 908 2775 ln
925 2714 1068 2795 ejusdem
1086 2712 1191 2779 Patris
1204 2716 1263 2778 ols-

94 2879 95 2888 ,
157 2821 292 2897 sequium
317 2834 357 2881 aa
375 2816 417 2879 ad
440 2816 576 2879 hominis
596 2816 748 2891 salutem,
771 2815 1001 2878 consideranda
1024 2832 1158 2894 quoqne
1184 2823 1261 2878 sunt

94 2899 95 2958 ]
158 2936 230 2996 qnae
248 2923 435 3000 opportuna
454 2918 488 2977 ln
501 2913 600 2979 Libro
622 2913 647 2977 l.
671 2913 905 2979 Periarodoae.
930 2913 971 2977 ll.
987 2934 1018 2977 n.
1040 2913 1070 2981 8.
1088 2916 1258 2994 proposuit

157 3018 317 3101 Origenes,
329 3022 490 3101 inquiens,
504 3015 649 3081 Verbum
661 3036 722 3099 per
735 3019 836 3098 ipsam
850 3018 901 3081 sui
916 3018 1177 3091 exinanitionem,
1193 3016 1259 3080 lor·

158 3140 231 3185 nam
245 3125 335 3188 servi
346 3123 517 3204 accipiens,
533 3120 764 3201 plenitudinem
780 3129 886 3182 tamen
901 3119 1027 3183 deitatis
1040 3138 1118 3183 suae
1130 3119 1260 3183 demon·

157 3232 272 3289 stmsse.
296 3222 387 3287 liaeo
408 3240 509 3303 porro
529 3237 569 3284 eo
582 3221 749 3285 lubentius
769 3220 955 3296 edisseram,
971 3238 1037 3302 quo
1058 3238 1084 3283 s.
1102 3218 1262 3304 Hierony·

157 3342 219 3387 snas
237 3326 382 3388 offensus
401 3326 443 3387 sit
463 3328 509 3401 (et
536 3320 674 3386 tortasse
697 3322 740 3385 ob
764 3321 883 3387 eodiois
904 3323 955 3385 sui
977 3321 1199 3401 lalsationem)
1221 3321 1261 3383 de

157 3425 198 3487 lis
216 3444 304 3507 qnae
327 3426 454 3488 ductor
467 3423 585 3487 ibidem
612 3425 733 3487 docuit.
755 3422 802 3486 lta
823 3442 963 3504 namque
980 3443 1022 3487 ex
1045 3422 1164 3487 llnlllni
1182 3420 1263 3485 Ver·

157 3527 236 3589 sione
255 3526 382 3589 scribit:
405 3546 423 3583 a
444 3522 486 3588 lJt
507 3525 616 3597 antem
638 3524 764 3603 planias
778 3524 886 3587 adhue
906 3524 1109 3603 intelligatur
1126 3540 1262 3603 quomo-

157 3626 192 3688 da
209 3626 364 3689 Salvator
384 3624 488 3704 ligura
510 3631 558 3686 est
578 3624 776 3687 substantiae
791 3621 862 3698 net,
886 3633 1020 3687 utamur
1039 3625 1135 3686 etiam
1153 3642 1264 3687 exem·

157 3725 216 3803 plo,
237 3724 326 3805 qnod
348 3726 497 3804 quamvis
512 3741 581 3786 rem
602 3741 665 3786 uon
679 3724 785 3803 plene,
808 3741 868 3785 nee
884 3723 1015 3804 proprie
1035 3722 1203 3804 signilieet,
1221 3725 1260 3787 de

156 3842 211 3902 qua
231 3829 372 3905 agimns,
389 3834 494 3887 tamen
515 3824 554 3885 ad
571 3825 633 3887 hoe
653 3825 762 3889 solam
779 3825 928 3887 videatur
942 3833 1157 3905 assumptum,
1174 3824 1261 3904 quad

157 3928 334 3990 exinaniens
353 3945 389 3990 sa
411 3922 535 4001 Filius,
558 3928 707 4008 quierat
730 3927 762 3988 in
784 3927 889 3989 iorma
913 3924 984 4003 Dei,
1013 3944 1072 4007 per
1091 3927 1192 4006 ipsam
1213 3926 1264 3988 sai

155 4029 398 4091 exinanitionem
419 4027 528 4091 studet
548 4027 640 4090 uoltis
661 4028 789 4090 deitatis
810 4025 1264 4107 ptsnisudtnsmdemamtra·

157 4145 196 4189 re.
218 4126 318 4192 Verbi
338 4144 450 4204 eausa,
471 4131 498 4190 si
520 4127 605 4191 laeta
626 4138 710 4191 esset
729 4129 839 4209 aliqua
860 4137 967 4191 statua
992 4128 1076 4198 talis,
1099 4144 1184 4207 qnae
1199 4143 1266 4187 ma·

156 4230 313 4305 mitudine
343 4231 396 4293 sui
416 4231 605 4293 universum
627 4231 739 4294 orbem
763 4238 872 4293 terrae
892 4234 1042 4306 teneret;
1064 4235 1096 4289 et
1128 4244 1188 4305 pro
1211 4226 1262 4289 sui

154 4328 361 4393 inmensitate
382 4330 578 4394 considerari
593 4348 612 4392 a
634 4331 726 4393 nullo
747 4338 854 4411 posset
863 4348 873 4407 3
890 4328 982 4393 tieret
997 4335 1106 4391 autam
1121 4326 1185 4389 slis
1200 4333 1264 4388 sta·

153 4438 202 4489 tna
223 4432 448 4494 membrorum
464 4430 577 4494 lsaltitu
598 4449 637 4494 se
653 4431 765 4495 rullus
785 4431 998 4504 lineamentis,
1014 4428 1120 4508 speeie
1135 4444 1173 4488 ao
1197 4444 1264 4489 ma·

157 4530 228 4593 teria
250 4548 312 4612 per
331 4532 438 4595 omnia
452 4532 565 4595 similis
583 4531 706 4613 absque
723 4531 950 4612 magnitudinis
963 4529 1188 4605 immensitate,
1204 4541 1264 4607 pro
