3375 5567
416 792 469 849 tac
490 803 541 851 ras
563 786 735 851 universae
755 790 878 868 gratias
898 786 968 853 lieo
998 787 1182 853 retundant.
1217 786 1348 853 Aurum
1368 785 1480 850 itidem
1502 786 1535 847 in

416 889 605 970 exemplum
626 888 774 955 adsciscit
794 908 866 971 cap.
887 888 1020 955 XXXV.
1043 890 1133 956 Libri
1153 890 1313 973 ejusdem,
1327 899 1362 955 et
1382 909 1421 953 ne
1442 891 1534 954 lutu-

417 1006 473 1051 ran
494 988 624 1071 quidem
645 1009 702 1073 spe
721 991 837 1055 salutis
858 1010 915 1055 eoa
934 993 1139 1064 intercludit,
1161 993 1218 1073 qui
1240 1010 1346 1073 oeque
1362 990 1536 1072 baptismi,

417 1108 478 1155 nec
498 1094 723 1172 poenitentiae,
746 1111 854 1174 nequa
868 1096 938 1158 nlla
958 1095 1099 1176 denique
1115 1096 1307 1177 purgatione
1323 1096 1408 1157 sitae
1427 1111 1533 1155 noxas

416 1194 609 1259 albariat.»

501 1294 574 1361 Non
595 1294 735 1361 diffitear
753 1297 907 1378 quidem,
940 1295 995 1359 aed
1018 1294 1139 1359 Huetio
1158 1296 1297 1377 aliisque
1326 1299 1531 1365 conveniam,

415 1414 440 1459 s.
464 1395 614 1477 Gregorii
634 1399 755 1478 scripta
777 1416 815 1460 ao
836 1396 1026 1477 pracsertim
1050 1394 1321 1461 Cutccmicamet
1341 1397 1532 1463 Sermonem

414 1498 454 1561 ad
477 1496 654 1563 Macrinam
670 1500 707 1561 dc
728 1496 845 1563 Animo
866 1508 895 1560 rt
914 1495 1163 1572 Rauennatium,
1180 1500 1228 1563 uti
1248 1516 1335 1563 nnuc
1356 1498 1532 1568 habentur,

416 1599 540 1661 nouam
563 1618 672 1679 passos
693 1617 762 1663 esse
783 1600 1048 1677 corruptionem,
1076 1617 1116 1663 ac
1135 1601 1170 1665 in
1188 1618 1247 1664 aua
1270 1600 1377 1663 adhuc
1399 1616 1534 1661 manere

415 1700 610 1778 integritate.
627 1698 847 1765 Nihilominus
860 1718 924 1763 non
945 1706 994 1763 est
1014 1700 1194 1779 negandam
1209 1701 1355 1765 caecula
1373 1698 1411 1763 V.
1427 1710 1460 1765 et
1481 1700 1532 1763 nl·

418 1807 480 1874 tra,
503 1809 562 1865 aut
582 1801 655 1865 data
685 1818 783 1881 opera
805 1810 978 1881 precator,
999 1819 1057 1864 seu
1078 1802 1120 1865 ab
1149 1802 1314 1881 aliquibus
1345 1818 1408 1868 nnn
1428 1802 1533 1881 probe

416 1900 647 1977 cunalderatos,
670 1904 714 1967 ita
736 1912 774 1965 ut
793 1903 855 1967 snb
876 1903 977 1983 ipsius
1003 1903 1146 1967 doctoris
1166 1904 1294 1967 nominc
1315 1903 1532 1981 vulgarentur

414 2010 447 2065 et
467 2003 698 2069 damnarentur
718 2023 874 2078 errores,
902 2023 985 2085 quos
1005 2022 1069 2067 nnn
1088 2004 1229 2068 admisit.
1251 2000 1322 2068 Hoc
1343 2012 1453 2067 autem
1475 2002 1532 2065 ad·

413 2106 555 2168 struitur
574 2124 591 2166 a
615 2105 750 2185 llialogo
773 2105 1000 2186 Barsanupbii,
1017 2105 1057 2169 da
1074 2122 1142 2186 qno
1160 2105 1257 2182 inira,
1273 2113 1307 2169 et
1326 2106 1530 2185 potissimum

415 2221 433 2267 a
456 2203 573 2268 Codice
593 2204 678 2288 Spro
699 2224 729 2267 n.
751 2200 823 2273 100.
848 2208 879 2269 ia
909 2203 1109 2269 Bibliotheca
1132 2203 1286 2269 Vaticana
1306 2208 1391 2280 sito,
1412 2206 1444 2266 in
1467 2204 1531 2267 dnn

415 2304 588 2371 Librornm
612 2304 657 2369 Dc
676 2304 931 2370 Resurrectioacr
963 2307 1019 2370 nbi
1040 2303 1206 2391 Nyssenus
1226 2306 1381 2388 objicitur
1401 2306 1530 2371 bestilia

414 2407 556 2487 dogmati
577 2407 617 2471 de
636 2410 827 2473 aeternitate
848 2424 1048 2488 poenarum:
1063 2418 1097 2473 et
1112 2408 1169 2472 ubi
1190 2416 1314 2475 nactus
1330 2408 1463 2489 qnidam
1485 2410 1531 2472 ci·

415 2516 526 2573 tantur
539 2508 701 2575 Sermonis
716 2509 755 2573 ad
771 2507 966 2581 Macrinam,
978 2518 1012 2574 ct
1027 2510 1159 2590 quidam
1174 2510 1372 2589 interpolati,
1388 2510 1421 2571 in
1440 2511 1531 2576 ordi·

415 2627 455 2672 ne
477 2628 588 2673 rernm
610 2610 774 2690 corrupti;
789 2611 871 2675 illuc
884 2610 1013 2677 adscitis
1026 2625 1112 2691 quae
1126 2611 1202 2676 alibi
1215 2610 1343 2691 scripsit
1357 2618 1390 2675 et
1410 2611 1441 2672 in
1454 2630 1531 2694 pra·

414 2728 492 2774 vum
513 2728 643 2777 censum
663 2714 805 2777 retortis.
824 2710 866 2775 Et
879 2711 933 2775 nbi
949 2725 1051 2793 prope
1070 2710 1166 2777 linem
1186 2712 1257 2792 elus
1278 2712 1450 2793 pericopae
1464 2730 1528 2776 non

413 2813 504 2875 nulla
526 2814 657 2892 collegit
677 2812 717 2877 dn
735 2818 820 2875 statar
837 2816 1018 2878 animarum
1039 2822 1112 2894 post
1132 2824 1294 2877 mortem:
1316 2814 1409 2893 quasi
1427 2833 1452 2879 s.
1467 2814 1528 2879 Pa·

414 2921 465 2975 ter
484 2922 656 2990 assereret,
678 2928 832 2988 unacum
851 2914 1046 2993 corporibus
1067 2912 1198 2979 interire
1213 2916 1346 2994 animas3
1368 2933 1408 2980 ac
1421 2920 1529 2980 noris·

411 3013 491 3076 aima
511 3013 638 3075 easdem
659 3022 849 3093 etcorpnra
867 3014 965 3078 simul
987 3015 1019 3077 io
1035 3015 1206 3080 nntisdma
1221 3015 1274 3077 dic
1295 3012 1335 3081 ad
1357 3015 1456 3081 citam
1477 3036 1528 3080 re-

412 3114 489 3194 digi,
510 3114 688 3178 secundum
710 3112 879 3179 Haererim
900 3116 932 3177 in
954 3115 1073 3180 Arabia
1095 3120 1234 3179 excitam
1264 3116 1395 3181 incunte
1414 3119 1528 3183 seculo

414 3215 520 3277 tertio.
545 3212 708 3279 [ltnontra
731 3229 829 3295 qnam
854 3215 947 3279 raldo
961 3216 1137 3295 disputarit
1157 3216 1326 3294 Origenes,
1343 3225 1380 3281 nt
1400 3220 1445 3281 ait
1460 3218 1526 3283 liu·

410 3315 518 3379 sebius
540 3316 570 3379 in
597 3313 719 3379 illator.
745 3313 868 3381 Euclea
900 3314 970 3379 Lib,
994 3315 1049 3378 vt.
1083 3334 1114 3379 c.
1134 3311 1184 3383 dd.
1207 3314 1316 3392 Quam
1345 3319 1527 3397 opinionem

413 3414 578 3498 liparenns
591 3416 704 3481 abnuit
720 3418 859 3496 penitus,
877 3417 1112 3497 refutaritqna.

490 3513 644 3581 Getarum
672 3536 732 3581 nen
755 3526 803 3582 est
824 3519 1050 3593 omittendum,
1072 3518 1153 3582 alios
1173 3525 1286 3581 contra
1309 3514 1478 3583 Petarium
1496 3528 1529 3584 et

411 3618 528 3693 andos,
550 3618 750 3699 insurgentes
777 3617 913 3703 Nysseni
950 3619 1044 3687 fidem
1066 3620 1107 3684 dc
1126 3620 1318 3685 aeternitate
1347 3638 1526 3698 poenarum

410 3719 452 3781 ab
466 3737 580 3783 errore
595 3720 772 3784 uindicasse
780 3741 792 3799 ;
809 3722 1016 3801 nihilominus
1032 3721 1195 3787 latendum
1212 3728 1273 3796 est,
1286 3722 1415 3786 eosdem
1427 3740 1527 3801 quac·

411 3821 521 3885 ationis
541 3819 661 3884 undum
683 3822 823 3885 secuisse
845 3823 976 3902 potina,
997 3838 1095 3902 quam
1117 3832 1305 3889 accuratam
1327 3823 1527 3903 rationisque

412 3929 593 4002 compotem
615 3922 801 4001 praebuisse
830 3924 1044 4003 solutionem
1067 3932 1100 3987 et
1122 3924 1311 4002 praesertim
1334 3923 1367 3985 in
1386 3924 1528 3987 lnontio·

415 4020 509 4086 nibus
524 4019 672 4085 Doctoria
694 4023 922 4103 disquirendis3
937 4022 1017 4105 uuas
1034 4022 1185 4087 Patavina
1205 4023 1327 4103 aliique
1347 4032 1461 4087 contra
1475 4041 1528 4087 ca·

415 4122 568 4199 tbolieam
588 4122 768 4187 doctrinam
785 4125 896 4187 ventre
916 4122 1084 4204 putarunt.
1100 4121 1312 4203 Quapropter
1334 4132 1402 4189 tum
1417 4122 1525 4203 quoad

411 4225 532 4303 primos
549 4231 616 4288 tum
631 4224 739 4305 quoad
750 4226 922 4299 secundos,
945 4226 1095 4289 universa
1110 4225 1300 4304 quantinus
1319 4226 1417 4289 simul
1436 4246 1525 4291 snm·

413 4334 479 4406 pta,
501 4330 673 4406 antequam
696 4325 883 4407 singillatim
898 4324 963 4389 diri
985 4323 1091 4389 Patris
1111 4326 1143 4391 in
1166 4324 1265 4395 Libro
1285 4323 1325 4388 ad
1346 4324 1524 4391 Macrinam

412 4422 456 4487 ba
474 4424 594 4489 Animo
613 4428 788 4491 sententias
815 4426 885 4491 circ
904 4426 1081 4501 obscuras,
1111 4428 1181 4493 siae
1199 4427 1328 4503 dubias,
1348 4446 1407 4493 aen
1428 4427 1526 4489 aliter

409 4528 450 4591 ab
469 4527 616 4609 eiusdem
638 4526 774 4611 dipeseni
793 4534 902 4593 menta
921 4541 1095 4609 capenam
1121 4534 1161 4595 ct
1179 4530 1370 4611 prtmqoem
1400 4536 1523 4593 ceterae
