3375 5567
516 751 631 831 Quoto
642 754 777 821 alternus
792 770 871 819 vero
882 756 1019 834 potiens,
1032 748 1088 814 obi
1099 747 1236 829 corripit
1245 743 1462 826 Hieronymus
1470 740 1537 806 Ori·

437 874 563 939 genem,
584 857 665 922 idest
680 856 826 938 possibile
845 873 963 919 rnrons
981 869 1060 927 osso,
1079 869 1152 915 enin
1171 868 1203 913 so
1221 846 1344 929 oliqnis
1364 849 1406 911 oo
1417 843 1538 908 natm

436 957 635 1033 converterit,
648 960 692 1023 nd
704 968 824 1023 tanton
844 954 1062 1039 fortitudinem
1078 950 1257 1034 pomotn,
1271 961 1308 1013 nt
1321 949 1412 1014 ultro
1425 965 1541 1028 penem

439 1076 504 1121 non
519 1058 634 1139 possit,
656 1061 717 1123 hoo
730 1076 806 1123 ssno
821 1057 983 1132 obsolute,
994 1063 1054 1119 sut
1067 1055 1243 1119 universim
1261 1053 1303 1116 te
1315 1050 1466 1115 omnibus
1478 1050 1541 1128 qui·

437 1160 640 1242 busoumquo
659 1162 712 1227 ‚vel
733 1160 861 1225 levibus
885 1160 1023 1241 ponentis
1043 1176 1107 1221 non
1126 1157 1211 1221 uixit
1229 1155 1401 1235 Origenes,
1421 1170 1479 1215 neo
1492 1168 1542 1214 uo·

438 1278 538 1341 quum
557 1262 640 1325 illud
662 1262 767 1342 potuit
786 1260 960 1325 affirmare.
981 1256 1089 1323 veros
1104 1260 1190 1322 ouius
1203 1255 1366 1337 ejusdem,
1387 1254 1415 1317 si
1434 1252 1541 1315 suenni

438 1366 545 1429 minus
558 1364 728 1444 perspicus
743 1363 800 1427 tibi
814 1370 1002 1443 apparent,
1019 1370 1077 1425 unt
1096 1364 1205 1435 etism,
1220 1358 1248 1423 si
1263 1358 1324 1432 vis,
1342 1356 1441 1419 (iubis
1450 1374 1463 1433 3
1475 1352 1542 1415 slioi

440 1470 547 1527 tumen
566 1482 604 1527 sc
625 1464 789 1529 multoties
810 1464 1065 1529 luculentissimo
1082 1462 1178 1543 juxls
1198 1459 1402 1523 catholicum
1422 1472 1541 1520 seusun

438 1566 572 1631 loculus
583 1575 642 1631 ost.
660 1565 801 1648 ldooque
817 1573 949 1646 praetor
961 1582 1012 1642 os,
1025 1582 1110 1645 quun
1123 1564 1273 1643 euporius
1287 1563 1389 1625 oilnts
1405 1565 1489 1633 sunt,
1505 1564 1543 1618 te·

439 1668 600 1743 alimonis,
616 1667 827 1732 conteruntur
840 1665 986 1748 eiusdem
999 1665 1085 1731 dicto
1098 1684 1141 1729 ex
1157 1661 1256 1727 Libro
1270 1661 1315 1726 ΙΙ.
1330 1661 1370 1725 in
1384 1658 1544 1741 Epinoion

439 1768 481 1831 od
500 1765 658 1832 Romanos
679 1786 710 1833 u.
732 1767 762 1833 7.

519 1868 680 1945 «Quotus
701 1870 797 1945 euim,
820 1872 878 1946 sit,
900 1869 1039 1948 quisquo
1059 1869 1242 1931 invenietur
1262 1867 1294 1929 iu
1312 1866 1423 1939 terris,
1439 1864 1542 1945 quiin

443 1970 539 2033 vitum
560 1988 653 2034 susm
674 1972 792 2047 libret,
821 1980 860 2035 ut
879 1972 912 2033 in
932 1972 1025 2035 nullo
1046 1973 1174 2051 ponitus
1202 1965 1405 2047 delinquat?
1432 1964 1491 2030 set
1516 1973 1543 2028 ot

440 2068 580 2137 Iunones
602 2072 777 2153 Apostolus
799 2073 830 2135 lu
846 2071 990 2151 Epistola
1005 2091 1065 2135 suu
1079 2072 1248 2136 evidenter
1259 2072 1362 2133 etism
1376 2069 1545 2150 opinionem

443 2173 628 2255 hujusmodi
650 2184 751 2250 notat,
774 2192 849 2237 oum
870 2174 972 2237 dioit:
994 2175 1095 2254 siquis
1109 2174 1199 2247 dicit,
1215 2173 1290 2252 quis
1308 2178 1543 2251 pennotumoou

441 2275 551 2352 hebet,
574 2277 626 2339 hio
647 2278 785 2340 mendox
805 2284 877 2351 est,
899 2286 934 2339 et
959 2276 1078 2339 veritos
1099 2276 1131 2335 in
1151 2292 1191 2337 eo
1216 2291 1280 2335 nou
1303 2281 1374 2336 esl:
1398 2268 1434 2334 Si
1452 2278 1543 2333 onim

440 2376 645 2457 confiteamur
662 2386 790 2456 peceato
810 2386 934 2451 nostro,
954 2375 1098 2439 nolemus
1111 2376 1300 2439 mononem
1314 2374 1405 2453 opud
1416 2371 1544 2443 Patren,

440 2473 545 2540 losum
559 2475 706 2557 jonium,
728 2476 784 2556 qni
804 2486 916 2540 onorat
931 2495 992 2556 pro
1009 2473 1294 2555 peccatisnostris.
1321 2494 1339 2533 n
1367 2472 1411 2537 Et
1434 2472 1476 2535 ob
1494 2472 1546 2533 hon

443 2584 586 2657 prsestot
600 2578 688 2657 quod
703 2580 749 2642 sit
764 2590 875 2642 contro
894 2577 1076 2658 praesulum
1091 2576 1221 2659 Celsum
1233 2579 1266 2641 iu
1277 2575 1380 2639 Libro
1394 2572 1450 2637 tlt.
1462 2590 1491 2635 o.
1502 2568 1543 2637 ol

442 2687 636 2743 asserentem
656 2698 719 2755 sos,
739 2678 795 2761 qni
814 2679 883 2742 sino
893 2688 1022 2758 peceato
1035 2688 1123 2755 sont,
1137 2677 1263 2742 meliore
1275 2677 1348 2743 nilo
1361 2694 1427 2739 esse
1439 2676 1545 2736 donno

443 2781 510 2845 dos.
531 2781 593 2847 Coi
613 2783 806 2863 respondeus
826 2780 994 2861 Origenes,
1016 2782 1140 2861 iuquit:
1165 2778 1258 2844 «Sed
1278 2798 1347 2843 non
1363 2778 1469 2859 sperit
1484 2770 1544 2837 cu·

443 2900 499 2946 sus
519 2899 601 2961 quos
622 2883 706 2947 diunt
726 2878 979 2981 ἀναμαρτήτους
997 2883 1065 2945 siue
1085 2889 1230 2963 peoosto,
1248 2899 1361 2957 eosus,
1384 2880 1442 2960 qui
1464 2872 1544 2937 nost

443 2983 533 3045 initio
554 2984 683 3063 quidem
706 2992 892 3061 peccarunt,
913 2999 953 3043 so
975 2984 1032 3061 qui
1055 2986 1169 3045 mutuli
1191 2999 1254 3045 nou
1270 2990 1418 3061 peceant.
1440 2976 1543 3041 Tunes

445 3083 502 3164 qui
522 3083 563 3147 sb
584 3084 674 3146 iullin
696 3102 758 3151 uon
781 3094 1010 3162 peceaverunt,
1032 3085 1114 3145 nulli
1135 3102 1208 3147 esse
1226 3092 1386 3163 possums
1406 3082 1543 3162 quivero

444 3186 559 3247 muloti
581 3202 644 3247 non
665 3194 808 3264 peccent,
824 3203 901 3247 roro
923 3186 1143 3262 inveniuntur,
1158 3188 1215 3265 qul
1231 3194 1405 3265 postquem
1419 3196 1543 3244 senene

444 3286 508 3347 rint
528 3285 568 3347 ud
590 3286 768 3348 doctrinam
788 3284 979 3361 solutorem,
1004 3288 1083 3350 tales
1100 3287 1177 3350 tioot
1190 3289 1257 3349 siue
1278 3278 1544 3365 pecuniosum

443 3403 543 3465 porro
563 3388 724 3466 supienter
744 3389 821 3451 dicit
841 3385 876 3449 in
900 3386 1097 3452 Mantinon
1116 3386 1214 3451 Libro
1231 3386 1322 3451 xlii.
1339 3406 1371 3449 u.
1392 3384 1442 3453 2³.
1457 3380 1542 3460 expli·

444 3504 519 3550 enus
540 3486 658 3551 Christi
682 3490 777 3551 verbu
792 3505 801 3545 ι
818 3507 938 3552 neeesse
958 3499 1001 3551 est
1021 3500 1057 3551 nt
1078 3488 1206 3553 ueniunt
1218 3489 1397 3551 seandalo:
1411 3484 1543 3561 olmpos·

446 3588 537 3651 sibile
558 3598 606 3651 est
627 3591 710 3653 euius
731 3590 868 3657 inveniri
890 3593 1049 3653 hominem
1071 3594 1200 3654 omuino
1213 3593 1282 3654 siue
1296 3598 1442 3669 posonio:
1458 3581 1542 3647 etan

444 3707 525 3767 squo
550 3700 681 3769 peceato
705 3694 1007 3771 (concupiscentium
1024 3692 1156 3771 inquom
1179 3691 1284 3754 curuis
1302 3708 1389 3770 quoe
1409 3688 1541 3749 solvem-

448 3798 503 3851 tus
523 3790 585 3869 legi
608 3793 734 3869 mentis)
752 3798 918 3872 suscipere
939 3812 1031 3872 posse
1055 3797 1210 3857 uirlutesz
1226 3794 1300 3873 quis
1318 3810 1378 3855 neo
1392 3794 1491 3869 potest
1503 3802 1541 3846 ee

447 3909 480 3953 so
497 3910 610 3955 verum
633 3893 764 3969 bouum,
788 3897 847 3957 uisi
869 3896 986 3957 hubent
1007 3896 1279 3974 impugnationem
1302 3892 1422 3955 moti.»

530 3988 674 4071 Denique
697 3992 894 4057 haecomnia
909 3994 1142 4066 confit-monuo
1158 4012 1219 4059 uus
1235 4011 1351 4057 eorum
1362 4006 1471 4054 cousus
1483 4001 1541 4064 peu

449 4094 634 4173 vestigatio
664 4092 761 4157 Libro
784 4093 828 4157 De
851 4093 1001 4158 Oratione
1021 4114 1052 4158 n.
1075 4093 1125 4161 29.
1152 4105 1185 4157 et
1211 4096 1354 4175 prseoise
1381 4090 1538 4154 dominicos

449 4192 612 4257 Orationis
635 4197 731 4257 verbu
745 4197 945 4277 expendens:
961 4206 990 4261 el
1005 4216 1043 4259 ne
1063 4214 1120 4259 noo
1141 4196 1276 4259 induens
1295 4195 1333 4258 in
1350 4188 1538 4257 tennione·-

450 4295 497 4357 lts
514 4313 653 4375 numque
666 4298 777 4361 dooet:
795 4320 810 4357 n
828 4296 1006 4378 Ecquando
1020 4299 1138 4379 uliquis
1152 4300 1279 4379 putavit
1293 4299 1448 4361 homiuem
1458 4296 1537 4353 exin

451 4396 640 4459 tentationes
656 4415 738 4471 esse,
754 4416 834 4477 quos
851 4401 939 4461 novit
954 4401 1029 4462 inito
1048 4397 1344 4478 ralionolsseqnoo
1362 4406 1476 4474 tenpus
1487 4394 1536 4455 etl,

452 4498 482 4557 in
504 4514 570 4575 quo
591 4516 725 4563 securus
750 4499 861 4577 luerit,
883 4502 975 4582 qussi
998 4502 1206 4582 pugnandum
1226 4520 1292 4568 unu
1310 4507 1402 4575 esset,
1423 4512 1458 4559 os
1476 4504 1535 4571 pet·
