3375 5567
434 749 484 804 est
505 737 671 804 beatitudo
691 745 820 803 terrena
843 738 1118 818 (terrestriumla
1134 745 1168 802 at
1186 735 1405 818 corruptionis
1419 745 1538 801 nostrae

434 839 616 902 demutatio
635 838 820 904 divinarum
841 843 1042 902 creationum
1064 838 1255 902 demoratur
1274 839 1450 913 elementa,
1471 856 1539 919 pro·

377 979 385 1000 ,-
434 943 559 1021 apioore
581 943 662 1006 bauo
682 942 888 1022 evangelicae
912 941 1261 1022 praedieatiooiaaoean
1274 941 1538 1020 eoncupiscentia,

432 1042 569 1122 glorium
590 1059 682 1107 suum
697 1062 738 1106 ex
760 1043 886 1123 gloriae
899 1050 1028 1106 nostrae
1048 1044 1317 1119 ooniormationo,
1338 1050 1536 1123 suscepturae

432 1161 497 1222 quo
517 1143 585 1224 jam
605 1142 784 1207 secundnm
807 1144 1010 1224 prophetiam
1031 1143 1149 1207 Psalmi
1169 1143 1299 1223 adeptu,
1319 1144 1352 1204 in
1371 1159 1537 1206 conam

433 1244 564 1308 laudem
586 1252 757 1324 perceptae
777 1241 982 1308 lentitudinis
1002 1246 1214 1311 advocantur.
1237 1263 1254 1301 a

511 1343 597 1421 Quid
620 1363 699 1425 ergo
719 1345 796 1410 dicit
816 1345 964 1412 Hilarius
984 1349 1017 1410 in
1039 1345 1146 1410 seritis
1166 1344 1259 1408 illiue
1278 1342 1370 1426 moi
1389 1343 1472 1408 usti
1489 1363 1540 1406 ou·

429 1446 485 1527 jus
505 1448 607 1510 omnis
629 1455 779 1510 omniura
802 1447 1007 1528 purtioipabit
1029 1465 1088 1526 per
1111 1447 1211 1512 totins
1230 1445 1319 1511 orbis
1339 1446 1543 1510 restauratio

432 1563 519 1623 oeus,
542 1549 573 1608 ln
595 1548 738 1610 omnium
759 1549 938 1610 universim
959 1549 1224 1621 rerurrectione,
1248 1564 1308 1628 por
1326 1545 1409 1609 lesu
1430 1545 1541 1610 ebriati

435 1648 651 1728 triumphum,
674 1648 798 1711 devicta
820 1656 941 1724 morta,
952 1648 1089 1728 eiusque
1109 1648 1216 1712 musis
1234 1642 1425 1727 superatis?
1445 1643 1539 1722 Quid·

433 1765 509 1811 narn
529 1749 685 1830 siguileat
701 1750 868 1814 beatitudo
888 1760 1019 1814 aeterna
1037 1759 1211 1817 creaturae
1230 1751 1263 1811 in
1283 1749 1422 1828 glorians
1442 1753 1539 1810 aetor-

435 1850 543 1912 nitatis
563 1859 758 1930 assumptae,
780 1851 891 1930 ibique
910 1853 1113 1933 respirantis,
1127 1869 1203 1914 enus
1224 1858 1317 1912 antea
1339 1849 1487 1930 genebat
1505 1864 1539 1909 an

433 1949 576 2026 dolebat,
601 1951 852 2031 redemptionem
873 1960 1065 2032 expectans,
1087 1959 1124 2014 ut
1143 1952 1190 2014 ait
1211 1946 1417 2030 Apostolus?
1437 1947 1541 2012 Prolo-

432 2061 488 2114 oto
507 2071 534 2114 s.
557 2051 680 2116 llootor
699 2071 759 2117 neu
779 2053 856 2117 dloit
876 2054 919 2116 ibi
941 2071 1000 2117 neo
1019 2051 1260 2126 animadvertit,
1281 2058 1320 2114 nt
1339 2053 1480 2131 quisquo
1499 2049 1539 2110 ri·

434 2151 502 2228 dei,
518 2170 577 2216 noe
590 2155 781 2234 augelorum
795 2153 986 2220 coelestium
1005 2171 1065 2222 noc
1079 2153 1257 2234 probarum
1275 2153 1460 2222 animarum
1472 2149 1539 2212 bea-

436 2252 604 2324 titudinem
625 2255 657 2316 iu
678 2254 805 2318 divinae
819 2255 949 2320 visionis
970 2255 1138 2328 irnitiono,
1158 2269 1198 2316 ao
1218 2254 1381 2316 bonorum
1405 2248 1540 2314 iaeilabi·

436 2352 517 2416 iium
531 2355 661 2434 gaudio.
678 2353 739 2418 Sed
762 2356 859 2420 aliter
877 2356 1068 2420 subendam
1084 2354 1245 2418 uocabulo
1265 2355 1322 2433 (et
1340 2350 1475 2432 quiden
1495 2367 1539 2412 re·

432 2453 533 2517 latire
553 2462 586 2517 ei
608 2472 670 2519 nou
691 2455 864 2534 absoluto)
884 2454 966 2520 teari
990 2457 1060 2520 sire
1082 2451 1286 2518 lentitudinis
1306 2452 1470 2534 mineum
1491 2467 1539 2530 gn

434 2556 522 2617 ueris
546 2555 801 2629 rationabilium,
822 2562 856 2620 ot
876 2556 1146 2621 irrationabilium
1167 2556 1310 2635 quietern
1334 2553 1473 2628 indicat,
1495 2569 1541 2613 ao·

435 2652 549 2716 latium
570 2663 604 2717 et
632 2655 870 2720 absolutionem
890 2676 909 2719 a
930 2658 1111 2733 servitute,
1143 2675 1162 2719 a
1187 2655 1406 2719 commotione
1425 2653 1539 2718 scilieet

434 2761 573 2817 naturae
587 2755 800 2830 inordinatus,
815 2757 919 2822 sicubi
940 2758 972 2821 lu
992 2759 1137 2821 omniurn
1150 2754 1363 2836 ommni
1382 2755 1504 2843 inerint
1519 2769 1536 2812 a

436 2854 505 2919 ileo
519 2856 550 2918 in
571 2858 743 2937 pristinum
759 2858 905 2922 ordinum
926 2861 1089 2935 restituta,
1113 2866 1149 2920 ut
1164 2875 1227 2920 nna
1247 2857 1385 2936 glorians
1400 2854 1538 2919 eamden

434 2958 610 3037 susetotaat
630 2959 754 3038 gloriae
779 2966 911 3022 nostrae
930 2960 1153 3039 unolornrout3
1175 2966 1209 3022 et
1227 2959 1260 3021 iu
1278 2975 1455 3021 nunsouana
1473 2956 1538 3016 iun·

435 3058 509 3122 dean
529 3061 696 3125 nobiscum
710 3059 913 3128 advocantur
926 3060 999 3123 ideo
1020 3061 1132 3124 mnndi
1150 3059 1326 3131 ammenta,
1340 3065 1379 3121 ut
1396 3060 1444 3125 ait
1459 3055 1540 3119 l’sal-

435 3161 550 3228 mista:
573 3161 702 3224 laudm
719 3179 790 3224 mm
809 3161 858 3223 sol
876 3169 906 3224 et
928 3161 1010 3224 tuae
1029 3169 1091 3226 oto.
1115 3157 1239 3224 Vernae
1258 3160 1300 3224 de
1320 3161 1381 3226 bae
1402 3178 1441 3223 ra
1460 3155 1537 3222 inira

434 3261 568 3340 soaoiali
588 3260 809 3342 disquisitione
830 3268 958 3340 amiur.

511 3361 585 3425 Pari
597 3378 659 3425 usn
671 3369 704 3426 et
713 3361 947 3441 ‚significatione
960 3382 986 3425 s.
1000 3361 1191 3426 Ambrosius
1206 3362 1238 3423 iu
1252 3359 1352 3432 Libro
1362 3357 1387 3422 l.
1397 3361 1439 3423 dr
1452 3357 1541 3422 Abra·

436 3461 529 3526 nmo
543 3479 570 3523 o.
587 3458 643 3526 vi,
658 3459 710 3530 ll.
736 3462 953 3524 consideravit
969 3461 1165 3529 vocabulum
1180 3460 1357 3535 lentitudo,
1369 3460 1451 3524 idest
1464 3467 1543 3522 tran·

436 3561 584 3642 quiliitaa
598 3579 617 3624 a
633 3562 788 3624 molestiis
805 3564 1011 3629 secutaribus
1030 3563 1071 3626 do
1092 3563 1208 3625 Adurni
1229 3563 1472 3642 patrimoniolo
1490 3575 1542 3622 not

435 3661 603 3736 adratis,
626 3669 663 3724 ut
684 3678 747 3724 non
767 3662 874 3725 solunt
894 3663 1022 3726 animae
1049 3662 1105 3726 sed
1126 3669 1160 3725 ot
1178 3664 1310 3743 eorpori
1332 3663 1416 3725 bano
1434 3676 1542 3726 unane

434 3761 510 3823 tat:
536 3760 621 3823 unde
641 3779 683 3824 en
704 3762 869 3841 oroooatto
898 3771 1012 3825 nostro
1031 3779 1152 3842 coruus
1171 3779 1304 3842 quoquo
1331 3761 1540 3841 reproborum

436 3861 468 3923 in
481 3861 592 3924 lutura
610 3863 672 3924 vita
696 3861 758 3926 boo
773 3862 979 3943 priuilegium
995 3869 1122 3927 moneat
1140 3865 1200 3926 etsi
1221 3864 1260 3925 ad
1275 3861 1466 3926 eorundem
1481 3875 1541 3923 uta·

433 3963 539 4044 iorem
561 3964 756 4040 cruciatum,
772 3973 811 4028 nt
829 3963 1055 4044 altllriganea.
1076 3963 1120 4028 lit
1140 3965 1203 4028 boo
1221 3963 1426 4028 beatitudinis
1446 3977 1539 4042 neum

433 4065 504 4128 aire
525 4064 781 4146 tranquillitatis,
803 4084 862 4129 sen
881 4067 1034 4146 quistis·
1056 4065 1178 4135 morbis
1198 4075 1335 4130 naturas
1354 4069 1537 4143 surruptae,

436 4163 659 4246 Athenagoras
673 4182 784 4230 eoram
800 4163 957 4230 Gentibus
975 4165 1091 4245 dogma
1112 4166 1153 4231 de
1173 4174 1380 4232 mortuorum
1402 4177 1541 4230 resurre-

435 4267 544 4336 etione
563 4284 772 4347 propugnans
793 4266 945 4330 iudicarit
964 4267 1026 4330 sub
1049 4284 1128 4330 rone
1148 4263 1357 4345 mildune,
1373 4272 1409 4328 ut
1428 4277 1538 4341 eorun-

436 4367 481 4436 rit
501 4367 685 4430 ostenderet
715 4365 861 4430 laturum
882 4383 921 4430 an
951 4374 1141 4448 perpetuam
1170 4375 1250 4430 tuno
1268 4367 1337 4430 uiro
1364 4365 1536 4446 orditurum

434 4467 505 4528 aire
526 4465 743 4546 reproborum
765 4467 942 4532 universim
961 4466 1263 4547 iuoorrnptionetn:
1279 4487 1298 4526 a
1319 4463 1445 4548 Neque,
1464 4458 1537 4526 suri·
