3375 5567
442 651 506 722 ldb

884 753 1023 822 CAPUT
1046 751 1114 818 XV.

444 954 590 1038 Origsnis
611 955 820 1037 investigatur
840 955 987 1022 doctrino
1008 957 1043 1018 dc
1064 954 1173 1020 animo
1193 955 1335 1018 bernano
1356 965 1384 1016 ct
1405 957 1439 1018 dr
1457 950 1541 1018 coriis

482 1057 619 1140 ejusdcm
640 1055 933 1138 nuncupationibus
953 1079 968 1118 c
988 1057 1056 1120 sois
1078 1055 1168 1123 libris
1188 1056 1332 1120 reductis.

447 1301 567 1429 sicuti
589 1366 620 1427 in
641 1363 780 1444 praeviis
802 1363 960 1445 capitibus
982 1367 1067 1430 circa
1096 1372 1319 1444 praesumptos
1340 1360 1485 1442 Origeuis
1503 1375 1543 1420 er·

443 1478 547 1542 rores,
570 1467 612 1530 ita
637 1465 849 1546 insequenti,
877 1465 930 1528 nbi
952 1465 1097 1548 ejusdcm
1115 1465 1225 1544 agitur
1248 1463 1287 1525 de
1308 1464 1414 1526 nnima
1437 1470 1545 1524 senten·

445 1568 501 1639 tin,
522 1585 586 1629 nou
606 1567 746 1632 defuisse
770 1567 921 1630 ridentur
951 1577 1008 1630 aut
1030 1567 1153 1648 ignari,
1176 1573 1234 1629 ant
1256 1567 1432 1644 praecipue
1453 1562 1545 1624 obtrc·

444 1677 597 1746 ctntores,
620 1669 707 1749 iique
729 1669 890 1744 videlicet,
907 1670 1102 1750 quibuscum
1119 1667 1286 1747 pugnavit,
1311 1664 1479 1739 baeretici,
1499 1659 1545 1740 qni

308 1831 312 1834 .
423 1771 543 1851 -ipsins
565 1789 679 1834 sensus
708 1779 952 1850 pervertentes,
980 1769 1146 1850 librosque
1172 1766 1315 1830 inaudita
1345 1764 1477 1846 perfidia
1499 1761 1546 1822 lal-

443 1879 562 1944 snntes,
583 1869 800 1933 orthodoxam
826 1869 897 1950 ejus
919 1869 1013 1932 isdem
1036 1869 1301 1932 obtenebraruut.
1325 1867 1375 1932 Ac
1397 1867 1455 1941 ila,
1476 1880 1546 1946 quse

313 2015 317 2022 -
445 1971 634 2051 peregrina,
656 1990 742 2052 quae
768 1972 954 2047 haeretice,
976 1989 1061 2052 quac
1090 1970 1224 2034 celanda
1248 1971 1384 2033 nescirit
1410 1969 1545 2048 dogmata

443 2069 623 2150 Origenes,
644 2074 824 2151 quinimmo
850 2071 1053 2148 confutarit,
1075 2090 1136 2134 sno
1157 2079 1390 2150 nuncuparunt
1416 2067 1545 2132 nomini:

444 2170 526 2235 adeo
548 2182 584 2235 nt
606 2171 745 2237 Huetius
767 2173 797 2236 in
819 2171 918 2236 Libro
932 2171 973 2234 ll.
995 2171 1268 2254 Origenisuorum
1285 2170 1482 2249 Quaestione
1497 2157 1545 2230 Vl.

445 2281 595 2336 veterum
622 2281 655 2336 et
681 2275 900 2338 recentiorum
922 2273 1132 2352 discurrens,
1155 2292 1240 2355 qnae
1261 2274 1346 2336 circa
1370 2273 1454 2336 banc
1477 2269 1548 2334 Aba·

446 2375 556 2438 mantii
586 2376 768 2456 opinionem
795 2376 1045 2456 excogitarunt,
1067 2395 1134 2456 quo
1166 2377 1279 2456 pedem
1309 2393 1409 2438 sunm
1430 2372 1547 2443 firmet,

445 2475 577 2554 nesciat,
599 2475 672 2541 eliis
691 2477 755 2541 alia
777 2477 919 2554 diversa,
941 2485 973 2542 et
994 2477 1131 2542 invicem
1148 2477 1294 2559 opposita
1316 2474 1502 2556 putentibus
1515 2472 1548 2535 de

444 2576 586 2660 Origene
608 2580 694 2643 circu
715 2579 897 2644 animarum
919 2589 1082 2656 naturam,
1105 2580 1315 2654 creationem,
1337 2577 1432 2640 finem
1454 2584 1512 2640 ele.

523 2677 574 2744 Ex
597 2680 753 2756 bisseno,
776 2698 862 2760 qnae
883 2679 1001 2742 ibidem
1022 2680 1153 2762 collegit
1175 2677 1329 2755 lluetius,
1345 2687 1491 2760 apparet,
1510 2673 1547 2736 0·

445 2780 588 2861 rigenem
615 2781 695 2846 alies
715 2781 863 2844 docuisse
892 2783 1030 2845 animam
1059 2800 1128 2846 esse
1148 2780 1352 2863 spiritualem
1380 2794 1548 2858 accrpore

444 2882 512 2947 sire
542 2883 675 2947 materia
707 2890 932 2963 segregatam,
959 2884 1155 2964 quaudoque
1177 2891 1407 2965 corporatam,
1434 2877 1548 2944 subtili·

445 3001 509 3063 que
531 2985 664 3047 materia
686 2992 845 3048 constare.
871 2981 950 3046 ltem
973 2984 1070 3060 dicit,
1092 2982 1266 3063 Origenem
1288 2983 1439 3046 statuisse
1459 2979 1547 3060 buius

443 3086 568 3149 animae
596 3086 877 3168 praeexistentiam
899 3086 1029 3164 corpori
1040 3105 1052 3164 5
1074 3104 1131 3149 seu
1154 3094 1276 3148 mentes
1297 3103 1408 3148 omnes
1421 3083 1546 3147 simule

445 3183 515 3250 Deo
535 3194 673 3263 creatas,
695 3186 737 3247 ob
759 3193 928 3267 peccatum
950 3185 988 3249 de
1010 3185 1102 3250 coelo
1124 3186 1157 3248 in
1178 3186 1319 3248 bumana
1339 3203 1476 3268 corpora
1501 3182 1548 3244 de·

440 3290 543 3373 jectns
564 3288 602 3350 ad
626 3305 743 3370 poenas
764 3294 974 3368 peccatorum
988 3304 1124 3350 suornm
1146 3286 1293 3366 luendas3
1307 3295 1340 3350 et
1362 3286 1434 3350 binc
1453 3283 1547 3347 rados

443 3390 624 3454 animarum
646 3388 817 3452 descensus
839 3397 872 3452 et
898 3407 1059 3452 ascensus.
1085 3385 1239 3452 Similiter
1260 3407 1303 3452 ex
1327 3387 1466 3451 aliorum
1486 3383 1547 3464 opi·

445 3490 539 3554 nioue
559 3489 693 3554 deduxit
711 3487 864 3566 lluetius‚
880 3490 1052 3572 Origenem
1069 3498 1211 3571 putasse,
1227 3490 1366 3554 animam
1383 3490 1545 3554 bumcnrm

444 3611 513 3656 esse
542 3594 722 3671 portionem
745 3589 941 3656 divinitatis:
964 3591 1043 3654 alias
1064 3591 1123 3654 sibi
1148 3590 1263 3665 rideri,
1286 3591 1353 3670 ipse
1374 3587 1546 3654 contudisse

444 3693 596 3759 essentias
616 3692 775 3772 angelicas
796 3711 872 3756 cum
893 3693 996 3756 enimn
1020 3693 1183 3772 bumana3
1206 3693 1248 3754 ita
1271 3699 1308 3755 nt
1330 3690 1497 3773 aliquundo
1516 3705 1546 3750 n·

445 3797 528 3858 nima
552 3794 636 3858 loret
656 3795 790 3873 angelus
811 3804 882 3858 ete
914 3812 1081 3858 converso.
1106 3792 1185 3856 ltem
1207 3793 1288 3857 alios
1313 3802 1421 3858 censet
1439 3791 1547 3856 sdscn·

446 3896 555 3960 bentes
575 3893 709 3975 Origeui
730 3895 911 3959 animarum
935 3895 1245 3976 transmigrationem
1269 3893 1299 3956 in
1319 3895 1383 3956 alia
1405 3907 1543 3974 corpora.

446 3995 494 4062 bc
516 4015 573 4077 per
596 3996 762 4059 traducem
784 3996 911 4059 easdem
935 3996 1122 4078 propagari,
1139 3995 1314 4060 nonnullos
1334 3995 1417 4059 benc
1435 3991 1547 4075 opinio·

445 4115 516 4160 nem
540 4098 714 4176 imputasse
736 4095 795 4176 ipsi
818 4094 952 4176 (trigoni
975 4098 999 4158 is
1021 4095 1105 4159 idem
1131 4097 1186 4158 ait.
1218 4091 1282 4158 llas
1304 4094 1343 4158 dc
1365 4095 1465 4157 anima
1483 4089 1545 4170 opi-

445 4195 556 4258 niones
571 4195 686 4275 passim
709 4193 741 4258 in
758 4199 884 4258 vetusta
903 4202 1008 4259 aetate
1025 4195 1205 4276 reperimus
1220 4192 1352 4274 Origeni
1367 4194 1543 4270 adscriptam

444 4310 483 4357 sc
504 4293 588 4357 node
609 4294 725 4355 merito
743 4293 865 4358 tamdiu
884 4293 1003 4358 lumem
1026 4296 1126 4375 ipsius
1147 4295 1308 4377 abjectam
1330 4293 1426 4359 luisse
1446 4303 1544 4355 recen·

447 4393 545 4459 tiores
566 4393 714 4458 arbitrati
735 4401 820 4458 snut.
