3375 5567
421 771 477 852 §ua
498 773 622 852 pariter
643 767 735 834 nullu
756 771 877 834 mentio
897 771 931 834 in
954 771 1055 834 reteri
1077 763 1355 851 interpretatione.
1371 768 1456 846 Quid
1474 770 1527 838 sibi

423 872 503 936 velit
523 871 711 954 hujusmodi
728 881 817 949 nota,
831 878 863 936 et
877 889 946 951 uuo
968 888 1068 951 scopo
1090 872 1224 935 dixisset
1237 869 1407 952 Origenes,
1422 890 1471 935 ne
1487 874 1530 936 la·

421 982 475 1038 tet.
499 973 560 1038 Sed
582 992 671 1050 cum,
694 974 838 1054 inquam,
865 981 957 1036 vetus
980 973 1098 1036 latinus
1116 970 1280 1053 interpres
1300 989 1359 1038 nee
1380 975 1453 1049 ists,
1476 991 1528 1036 nee

423 1075 550 1156 reliqua
572 1083 712 1149 censeat,
732 1074 810 1157 jure
833 1072 1062 1154 interpolatori
1084 1089 1214 1154 graeco,
1232 1090 1296 1136 non
1314 1091 1393 1138 rero
1405 1073 1527 1155 Oripeni

420 1174 629 1240 adscribenda
652 1183 745 1239 sunt.

500 1277 581 1342 llum
603 1279 679 1340 alibi
698 1280 729 1340 in
746 1275 851 1341 Tomo
866 1275 940 1340 llll.
965 1295 994 1339 n.
1011 1275 1063 1348 tn.
1079 1276 1237 1356 Origenes
1257 1277 1298 1340 de
1312 1275 1433 1342 Christi
1455 1285 1530 1340 tran·

418 1379 628 1460 silguratione
650 1379 781 1444 locutus
797 1389 830 1443 et
850 1380 891 1441 de
904 1379 990 1444 nube
1012 1377 1121 1442 lucida
1143 1377 1320 1459 discipulos
1341 1378 1529 1442 obumbran-

422 1490 465 1555 te,
483 1481 579 1562 jnata
601 1491 742 1545 veterem
766 1479 1070 1562 interpretationem
1084 1480 1220 1543 scribit:
1245 1500 1262 1539 ι
1284 1479 1417 1543 dudens
1432 1487 1531 1543 autern

421 1584 538 1659 dicam,
555 1583 652 1647 etiam
677 1583 881 1647 salvatorem
901 1591 1047 1646 nostrum
1069 1599 1139 1645 esse
1152 1582 1296 1645 lucidam
1317 1583 1448 1646 nubem.
1469 1579 1529 1644 lin·

421 1683 476 1747 bes
498 1687 582 1749 enim
606 1684 715 1749 lucida
732 1684 907 1748 obumbrat
926 1701 1056 1764 semper
1067 1683 1205 1748 dilectos
1222 1682 1344 1748 Christi
1366 1683 1530 1762 discipulos

422 1795 456 1850 et
478 1785 703 1868 Evangelium,
726 1795 760 1849 et
780 1787 884 1866 legem
900 1795 933 1850 et
948 1785 1141 1864 Prophetas,
1161 1786 1247 1848 sient
1267 1782 1464 1865 intelligunt,
1481 1783 1531 1864 qui

423 1896 557 1967 possunt
577 1889 722 1967 aspicere
743 1886 856 1949 lumen
872 1886 972 1967 ipsius
991 1885 1024 1948 in
1046 1883 1236 1964 Evangelio,
1254 1884 1308 1947 rel
1329 1886 1362 1946 in
1376 1883 1471 1965 Lege,
1486 1883 1530 1946 rel

422 1989 454 2051 in
477 1988 657 2070 Prophetis.
680 2009 697 2046 s
719 1987 831 2053 Codex
848 2005 926 2052 sero
942 2005 1078 2068 graecus
1090 1987 1133 2048 ab
1148 1985 1268 2051 llnetlo
1284 1987 1460 2064 translator
1476 1993 1532 2048 tra·

422 2090 490 2154 dit:
508 2111 525 2151 e
541 2089 674 2155 Andeda
696 2099 806 2154 antem
831 2089 936 2152 dicam
965 2090 1062 2165 etiam
1092 2088 1295 2153 salvatorem
1324 2095 1471 2151 nostrum
1488 2087 1532 2149 lu·

424 2191 530 2255 eidam
555 2211 624 2256 esse
646 2191 775 2254 unbem.
799 2190 937 2270 (Petrus
956 2189 1061 2270 s'pitasr
1080 2189 1206 2252 diceus:
1228 2186 1390 2269 potemus
1409 2187 1460 2251 hle
1477 2184 1534 2250 tn'o

423 2293 630 2356 tabernaculo
649 2312 671 2355 u
690 2310 721 2354 re
741 2309 855 2368 unum,
876 2302 904 2355 et
923 2311 944 2354 o
963 2289 1034 2373 filio
1054 2307 1169 2364 nsum,
1190 2299 1220 2352 st
1240 2309 1261 2352 u
1280 2287 1408 2368 Spiritu
1428 2287 1531 2354 Sancte

424 2393 546 2470 unum)
578 2393 687 2458 lurida
709 2394 793 2455 enim
821 2391 928 2456 Patris
948 2399 979 2456 et
1002 2389 1076 2455 Filii
1097 2399 1131 2455 et
1149 2390 1289 2471 Spiritus
1309 2390 1421 2456 Sancti
1441 2391 1530 2456 nuber

426 2514 522 2559 veros
537 2493 618 2559 lesu
635 2495 810 2576 discipulos
831 2493 1007 2558 obumbrat
1017 2513 1029 2573 ς
1049 2494 1101 2557 rei
1120 2491 1348 2574 Evangelinm,
1370 2492 1487 2575 Legem
1504 2501 1532 2556 et

426 2594 606 2678 Prophetas
626 2596 729 2659 nubes
750 2595 1066 2675 obumbra13lncida
1082 2594 1217 2676 quidem
1238 2596 1279 2671 ei,
1295 2595 1352 2673 qni
1375 2593 1531 2676 potestin·

426 2697 511 2760 tueri
531 2697 644 2761 lumen
664 2698 752 2761 illius
774 2701 806 2760 in
826 2695 1019 2777 Evangelio,
1034 2695 1118 2776 Lege
1140 2702 1173 2760 et
1192 2693 1372 2775 Prophetis.
1393 2693 1458 2757 aln
1478 2695 1531 2756 boc

425 2800 644 2880 paragrapho,
667 2801 693 2862 si
715 2799 859 2880 excipias
881 2800 978 2863 rerba
1001 2799 1184 2879 parenthesi
1204 2797 1344 2871 inclusa,
1365 2805 1433 2861 tam
1455 2795 1531 2860 line·

425 2900 472 2975 tii,
494 2918 592 2980 quarn
616 2901 734 2962 veteris
749 2898 940 2980 interpretis
962 2899 1130 2964 translatio
1155 2900 1322 2975 cohaeret,
1337 2917 1451 2964 sensus
1465 2915 1531 2962 con·

426 3003 530 3080 venit,
543 3019 601 3065 nec
612 3001 708 3065 aliter
722 3000 820 3064 dividi
837 3009 983 3081 possunt,
996 3019 1071 3066 cum
1086 3003 1133 3065 sic
1143 3000 1293 3082 Origenis
1308 3016 1399 3064 mens
1411 2997 1531 3063 manile·

425 3103 560 3168 stlssima
583 3101 681 3167 sitsi
705 3120 784 3166 sero
807 3102 971 3167 addideris
999 3103 1098 3166 rerba
1112 3103 1297 3184 parenthesi
1311 3101 1451 3178 inclusa,
1467 3118 1531 3165 ora·

429 3205 521 3268 tionis
536 3223 670 3285 quoqne
691 3221 812 3268 nexum
828 3204 1008 3285 praecides,
1026 3222 1065 3267 ac
1077 3204 1306 3268 obscurissima
1321 3221 1472 3284 quaeque
1485 3204 1533 3265 br·

428 3304 527 3368 babis.
542 3304 752 3386 Quapropter
777 3325 851 3370 cum
871 3304 1022 3370 Editores
1036 3306 1068 3369 in
1086 3305 1244 3370 omnibns.
1259 3306 1426 3370 codicibus
1449 3321 1531 3386 prae·

428 3407 474 3470 cis
495 3424 531 3470 ea
551 3406 648 3468 rerba
664 3407 783 3470 inserta
808 3409 1014 3488 reperissent,
1030 3426 1094 3471 non
1108 3414 1181 3471 erat
1200 3407 1247 3470 eis
1269 3407 1466 3471 incnsandns
1484 3423 1531 3468 re·

428 3515 481 3570 tus
496 3506 661 3588 interpres
677 3508 808 3586 latinus,
826 3511 918 3588 qnasi
933 3527 1049 3591 parum
1070 3516 1245 3573 accuratus
1253 3527 1266 3587 3
1277 3507 1332 3571 sed
1348 3509 1456 3586 potius
1471 3505 1532 3570 enl-

427 3609 530 3688 panda
561 3611 668 3689 praeci
690 3606 947 3690 Tranmriptoris
968 3610 1073 3692 glossa
1098 3609 1271 3673 arbitraria
1285 3629 1297 3689 ;
1326 3611 1384 3689 qui
1413 3608 1531 3689 saepius

431 3711 483 3774 rel
504 3711 682 3774 obscurum
706 3711 863 3788 reddidit,
883 3721 943 3776 aut
962 3730 1091 3777 sensum
1113 3710 1267 3776 ductoris
1287 3711 1448 3790 corrupit.

506 3810 661 3877 Similiter
681 3813 719 3876 ad
743 3814 992 3879 imminuendam
1014 3811 1384 3894 praecilranscriptoris
1397 3808 1531 3874 auctori·

429 3919 549 3990 tatem,
572 3930 610 3976 sc
626 3915 744 3978 veteris
768 3913 956 3994 interpretis
978 3913 1073 3976 iidem
1091 3912 1313 3978 extollendam
1333 3921 1367 3976 et
1389 3907 1533 3975 versionis

425 4032 506 4078 suae
531 4014 772 4092 sinceritatem,
806 4016 930 4079 iaciunt
955 4032 1040 4095 quae
1065 4013 1223 4095 Origenes
1246 4014 1334 4080 eruit
1359 4012 1399 4082 de
1421 4008 1532 4076 Christi

425 4133 580 4196 responso
595 4116 839 4198 interrogationi
858 4117 1117 4182 sadducaeorum
1132 4115 1308 4179 dicentium
1323 4133 1389 4178 sors
1410 4131 1470 4176 aare
1489 4127 1531 4172 re·

425 4216 670 4292 runcationem,
693 4221 851 4282 varietate
871 4221 903 4282 iu
924 4225 1068 4299 utroque
1092 4219 1212 4281 intenta
1228 4217 1325 4281 'circa
1347 4232 1462 4280 eorum
1480 4229 1530 4275 ex·

426 4319 617 4398 positionem
634 4339 643 4381 a
665 4316 702 4382 a'o
722 4319 1058 4401 resurrectionemque
1072 4318 1187 4382 nabent
1207 4337 1303 4401 seque
1322 4317 1476 4380 summer
1493 4327 1531 4376 ex

428 4415 531 4482 'lomo
552 4415 656 4482 xvtt.
678 4437 709 4482 n.
731 4417 783 4486 33.
805 4419 859 4485 Sic
879 4420 980 4500 igitar
1001 4419 1197 4501 exponitur
1219 4419 1317 4483 rerba
1339 4427 1426 4482 cetur
1439 4413 1532 4477 Inter·

422 4535 518 4598 prere
535 4542 552 4581 a
569 4519 762 4586 llebuerunt
781 4521 865 4586 enim
882 4520 1087 4588 considerare
1105 4532 1183 4588 tunc
1200 4521 1375 4588 saddueaei
1392 4535 1442 4599 ea,
1456 4527 1531 4598 quae
