3375 5567
410 750 481 812 tom
496 750 567 816 vult
585 748 719 832 intelligi
727 771 739 831 ;
755 756 787 815 et
802 749 875 814 risle
890 766 929 812 ou
945 746 1042 825 titos,
1054 746 1142 829 quod
1158 746 1235 813 dicit
1248 746 1413 829 Salvator,
1427 752 1517 833 quiae

409 854 480 913 eolo
493 862 529 914 ut
542 850 658 932 obispo
669 873 754 925 snm,
774 861 803 915 et
818 850 874 915 ists'
885 850 950 914 sint
964 868 1081 913 mecum
1094 870 1104 909 .-
1119 858 1147 913 et
1160 848 1245 912 sicut
1264 870 1318 931 ego
1333 860 1361 915 et
1373 860 1408 915 trs
1423 872 1521 915 noum

407 972 541 1027 summ
562 964 592 1017 et
609 953 665 1017 isti
683 954 749 1018 sint
767 952 806 1017 s'ss
825 951 1062 1028 nebiensem,
1090 954 1261 1017 osmutlsre
1282 954 1432 1019 rideutor
1452 956 1523 1035 plus

409 1054 548 1134 aliquio,
561 1064 668 1135 ‘qoam
689 1045 905 1120 cst'soeuturo
929 1054 1103 1128 ussonia,
1126 1055 1212 1117 lortu
1232 1056 1329 1117 etlars
1350 1055 1522 1135 plusquam

409 1164 459 1217 cst
472 1157 581 1220 secula
596 1158 798 1229 seculorum.
816 1157 847 1218 io
867 1157 1015 1220 videlicet
1031 1174 1105 1219 cum
1118 1154 1187 1236 jam
1203 1174 1265 1218 oon
1279 1158 1310 1219 io
1327 1157 1441 1219 seculo
1454 1162 1526 1219 suot

410 1258 532 1331 omnia,
553 1259 608 1320 sed
631 1259 661 1319 in
683 1260 832 1321 omuibus
856 1256 953 1321 Deus.
978 1276 994 1315 a
1018 1256 1059 1321 Et
1080 1277 1119 1319 ox
1143 1259 1190 1320 bis
1212 1268 1355 1338 arguunt
1375 1259 1524 1322 adversu-

413 1358 452 1419 rii
476 1360 649 1422 terminum
670 1362 780 1441 poenis
800 1359 886 1438 apud
909 1359 1030 1421 interes
1052 1358 1243 1439 imposuisse
1266 1358 1504 1427 adamantium.

496 1456 610 1539 ltaque
630 1462 661 1521 io
685 1462 733 1523 iris
754 1460 976 1533 enucleandis,
993 1460 1125 1522 remissa
1147 1460 1348 1539 quaetione,
1365 1461 1527 1540 quomodo

413 1560 523 1636 graeci
537 1563 712 1641 scriptores
726 1563 855 1644 prusiani
877 1562 957 1623 hauc
971 1554 1103 1631 ἀιῶνιω
1117 1562 1401 1642 interpretamini
1419 1562 1527 1623 dictio·

416 1678 502 1737 uem,
514 1680 592 1726 uum
603 1662 642 1727 sle
654 1663 757 1738 linito,
768 1682 826 1727 seu
839 1662 1215 1738 toteimtopvetinttoito
1230 1682 1268 1726 rc
1278 1670 1439 1744 perpetuu
1453 1670 1528 1726 iem·

416 1764 623 1845 porisspatlo
636 1765 746 1828 uicere
762 1766 941 1844 relueriot;
955 1766 1031 1829 satis
1047 1766 1126 1828 mibi
1137 1765 1371 1841 stcosseouere,
1388 1766 1527 1845 primum

414 1866 534 1944 quoad·
546 1866 627 1929 banc
641 1865 858 1930 definitionem
874 1867 905 1928 io
924 1868 1028 1929 verbis
1049 1865 1089 1928 iss
1106 1867 1212 1929 arculo
1224 1874 1253 1928 ct
1272 1864 1388 1938 aeine,
1411 1868 1481 1931 sire
1493 1863 1528 1925 is

414 1968 724 2041 secuinsecuicrum,
743 1970 803 2030 ista
818 1968 850 2030 io
870 1984 966 2033 sensu
984 1970 1112 2031 variare
1126 1970 1168 2030 ab
1181 1969 1287 2031 altero
1302 1976 1467 2030 mercum
1479 1986 1528 2028 so·

416 2068 547 2143 cabulo,
563 2069 651 2149 qood
672 2068 928 2134 rttmrueuotvts
948 2071 979 2131 io
995 2070 1081 2133 libro
1103 2068 1127 2131 l.
1146 2088 1175 2133 c.
1197 2068 1230 2135 2¹
1251 2086 1282 2132 o.
1298 2066 1349 2133 ll.
1373 2065 1419 2132 De
1435 2066 1529 2132 Prin·

414 2167 874 2252 cipis'sseArtcrnsmsproprie
888 2171 1010 2236 dicitur
1022 2170 1110 2251 quui
1122 2182 1228 2251 omne
1245 2170 1374 2233 initium
1384 2178 1422 2233 ot
1437 2174 1529 2242 esset,

418 2271 552 2350 imbuit3
575 2290 681 2352 oeque
700 2288 827 2337 cesama
841 2290 986 2353 unquam
1007 2281 1224 2353 potestesse,
1245 2272 1334 2353 quod*
1351 2276 1441 2335 esis»
1456 2268 1530 2333 Pro·

416 2373 556 2453 indeque
569 2374 778 2439 uoiiormitcr
791 2379 824 2439 lu
840 2382 1035 2455 argumente
1046 2375 1088 2437 tle
1104 2375 1220 2455 poenis·
1232 2372 1456 2437 triturisecoli
1472 2376 1530 2434 sta·

418 2474 574 2537 tunorium
595 2484 657 2551 est,
674 2475 906 2540 Adamantiuru
919 2476 987 2539 sine
1004 2477 1142 2539 termine
1161 2491 1285 2541 acrum
1300 2474 1423 2539 sub-ee
1440 2490 1531 2537 roca·

419 2573 500 2637 bulo
512 2574 815 2655 comprehensione
830 2576 1019 2656 etamplius
1032 2578 1100 2640 sinc
1115 2574 1319 2656 ambagibus,
1332 2574 1455 2654 absque
1475 2572 1530 2633 do·

421 2674 487 2750 bio,
502 2691 541 2738 uc
561 2676 620 2737 sibi
636 2684 794 2757 perpetuo
815 2683 1013 2739 constantem
1028 2678 1060 2738 io
1082 2677 1143 2739 bac
1158 2675 1221 2738 litte
1242 2675 1436 2737 et¹dnctrioa
1458 2686 1527 2752 per·

418 2791 604 2856 sererassc3
635 2777 834 2857 scriptisque
850 2768 917 2841 suis
938 2784 1052 2841 contra
1074 2777 1310 2840 baereticosct
1330 2772 1530 2839 sermonibus

418 2878 461 2939 ari
482 2879 640 2957 populum
654 2880 735 2941 hane
757 2879 896 2942 tirmiter
911 2896 1134 2959 propugnasse
1154 2879 1358 2954 sententiam,
1380 2870 1531 2957 quemad⁴

420 2978 552 3040 modum
573 2980 613 3041 ue
629 2979 779 3058 praemiis
800 2979 979 3041 incoelesti
1003 2980 1106 3059 putria
1129 2976 1460 3057 uunquam-desituris
1479 2974 1531 3035 tto·

418 3079 488 3141 cuit
505 3078 600 3159 juxta
620 3079 818 3143 dominicum
833 3079 990 3142 clintum:
1013 3086 1042 3140 ci
1061 3076 1198 3141 itusstis'
1218 3076 1255 3140 iss
1274 3075 1468 3158 supplicium
1488 3090 1533 3136 cr·

417 3190 565 3259 ursum
573 3180 657 3262 justi
674 3178 826 3243 antemio
850 3180 948 3243 citam
970 3190 1148 3252 astoricam
1165 3178 1449 3243 toteeomloteos
1470 3192 1534 3238 om·

421 3297 478 3345 nes
497 3283 787 3347 wueoesoostros
808 3284 907 3346 bonos
929 3300 967 3345 ao
988 3290 1118 3363 peecata
1149 3282 1384 3362 beliqoeotiore
1405 3296 1467 3361 per
1485 3294 1534 3338 or·

419 3383 527 3446 ‹liucm
547 3383 578 3445 io
600 3382 778 3465 Evangelio
799 3401 868 3448 esso
883 3386 998 3465 posito,
1018 3390 1073 3446 aut
1096 3385 1135 3445 ad
1160 3385 1258 3445 uitam
1280 3390 1458 3455 aeteruum,
1481 3384 1533 3439 aut

422 3484 466 3545 ssi
484 3484 699 3564 opprobrium
720 3493 753 3548 et
772 3486 996 3549 contusionem
1017 3479 1149 3554 ἀιῶνισν
1169 3484 1408 3565 sempiternom.

502 3584 656 3651 ceterum
671 3588 713 3649 ab
727 3586 869 3668 Origene
891 3588 923 3650 io
938 3589 1091 3669 praetatis
1106 3590 1186 3651 loeis
1200 3588 1240 3648 de
1261 3586 1361 3649 verbo
1378 3588 1535 3647 oeternum

422 3690 568 3766 exposita
590 3690 698 3767 quoad
722 3697 848 3771 tempus
872 3690 1069 3770 quandoque
1094 3688 1220 3751 linitum
1242 3696 1274 3751 ct
1293 3683 1485 3766 praesertim
1506 3680 1534 3739 iu

423 3790 536 3866 priscis
556 3786 746 3871 scriptoris,
762 3810 780 3856 a
795 3794 920 3855 cunctis
941 3790 1122 3855 bibliorum
1138 3788 1368 3869 interpretibus
1390 3800 1533 3864 compro·

423 3888 553 3953 bantur.
586 3889 730 3971 ideoque
749 3893 831 3957 nillil
853 3893 1019 3956 mirumst
1041 3893 1139 3956 talem
1160 3890 1316 3970 Origenes
1331 3888 1533 3952 ¹ilorrrmeota·

423 3990 480 4052 riis
499 3993 567 4055 suis
588 3993 619 4054 io
643 3991 814 4058 leviticum
842 3994 1000 4077 adjecerit
1031 3994 1278 4057 distinctionem.
1305 3990 1533 4053 Verumtamen

424 4102 486 4171 pru
506 4105 701 4173 argumento
714 4102 839 4168 nostro,
862 4113 900 4159 oc
922 4096 977 4159 ubi
995 4080 1185 4175 pracsertim
1208 4092 1248 4155 oe
1271 4088 1533 4155 retributionibus

423 4196 457 4255 in
485 4194 599 4258 seculo
627 4194 742 4259 loturo
763 4196 945 4275 agebaturs
966 4204 1093 4258 sanctas
1113 4191 1299 4275 Scripturas
1321 4201 1352 4254 et
1374 4186 1533 4253 Ecclesiae

425 4296 701 4375 praedicationem
710 4305 870 4360 sectatum
885 4314 955 4360 esse
966 4298 1010 4376 (io
1023 4292 1222 4359 Perierebon
1234 4292 1288 4353 lib.
1304 4289 1346 4355 l{.
1358 4308 1387 4353 c.
1401 4286 1440 4353 x.
1454 4306 1483 4349 o:
1493 4282 1532 4359 t.)

425 4396 559 4459 letetur:
575 4414 655 4477 puer
677 4394 1043 4477 comminanturp‘ssds'cs's'
1053 4402 1201 4475 tempore,
1214 4390 1489 4475 ipncmuetrrnum
1508 4392 1532 4445 ei

424 4497 806 4576 innumerosissimae
825 4516 992 4577 carcerem,
1009 4508 1038 4563 et
1057 4496 1276 4577 camisiamet
1295 4492 1364 4561 alic
1385 4492 1435 4557 lis
1454 4482 1534 4557 simi·

426 4600 484 4679 is'u,
503 4601 716 4680 pascuorum
731 4609 938 4684 praeparatu.
