3375 5567
439 754 598 836 germina,
618 773 737 839 pravas
758 759 913 829 nimirum
934 766 1145 845 cogitationes
1166 764 1360 843 inhibemus,
1382 780 1484 847 nequa
1502 780 1551 828 ro·

435 856 497 919 dia
509 858 735 924 amaritudinis
755 880 930 945 erumpens
945 868 1126 936 molestiam
1147 867 1376 945 babitabant,
1394 884 1452 929 uec
1464 883 1551 946 aper·

440 966 487 1023 tss
508 958 549 1021 sd
570 960 800 1041 pullulandum
823 966 892 1030 rias
912 984 952 1031 sc
970 969 1168 1049 spiramenta
1177 969 1343 1033 debiscere
1364 976 1398 1031 ot
1411 965 1550 1047 patelieri

436 1060 583 1140 sinimus,
606 1062 808 1144 proindeque
829 1065 940 1130 divino
958 1070 1059 1135 aerbo
1081 1070 1183 1134 veluti
1193 1068 1302 1133 securi
1323 1066 1475 1148 quadam,
1488 1064 1551 1127 tru-

439 1160 572 1225 ticautes
592 1162 766 1227 identidem
787 1184 825 1230 ac
847 1167 956 1232 radice
978 1169 1097 1250 stirpes
1117 1170 1307 1233 excidimus.
1330 1168 1375 1231 ts
1393 1164 1549 1229 intutum

436 1265 550 1329 seculo
570 1264 718 1329 absabias
740 1268 921 1334 vitiositatis
934 1286 1070 1349 prorsus
1090 1272 1189 1333 etiam
1202 1269 1356 1350 cogitatio
1380 1268 1548 1332 tollatur.»

518 1364 713 1448 Huiusmodi
736 1385 836 1447 porro
851 1370 1084 1450 expiationem,
1106 1377 1146 1434 ut
1160 1379 1252 1435 autea
1274 1369 1476 1450 praenotari,
1490 1375 1551 1429 tao·

436 1467 604 1531 tummodo
624 1486 667 1531 ox
690 1468 811 1535 virtuts
833 1468 904 1547 Dei,
923 1490 965 1535 ex
986 1471 1115 1537 dtrioaa
1131 1472 1340 1537 oeconomiae
1362 1468 1498 1543 ratione,
1512 1486 1549 1529 ex

437 1571 638 1645 necessitate,
661 1569 873 1651 ejusdemque
895 1572 1032 1637 bominis
1051 1579 1185 1646 natura,
1207 1572 1264 1652 qui
1285 1589 1304 1633 o
1327 1579 1413 1633 tarra
1435 1566 1547 1631 munds

436 1670 576 1733 mundus
588 1670 763 1750 plasmatus
775 1679 835 1746 est,
851 1690 911 1737 noa
927 1689 1070 1752 unquam
1083 1692 1125 1739 ex
1135 1679 1245 1737 nostra
1263 1670 1443 1746 voluntate,
1455 1685 1549 1749 quao-

439 1770 520 1833 tssis
531 1768 657 1848 justitia
679 1776 712 1833 ot
724 1772 895 1836 sanctitate
915 1771 1015 1837 bomo
1028 1772 1218 1853 profecerit,
1234 1771 1376 1852 pendero
1390 1767 1550 1833 tatendum

436 1877 507 1952 est;
529 1879 628 1953 atquo
647 1870 688 1935 nd
710 1872 774 1936 boo
793 1874 935 1938 maxime
954 1875 1060 1939 intuiti
1080 1882 1158 1939 sunt
1178 1872 1378 1947 Methodius,
1402 1868 1546 1942 Procius,

437 1978 470 2034 et
490 1969 672 2053 Nysaeuns,
694 1980 807 2037 contra
838 1971 1048 2043 blsoicbaeos
1069 1974 1208 2039 tirmiter
1237 1974 1383 2037 omnium
1402 1977 1437 2034 et
1458 1971 1550 2032 bono

438 2090 513 2135 rum
533 2080 566 2134 et
586 2071 802 2152 reproborum
833 2076 1107 2142 resurrectionem
1127 2080 1380 2155 propugnantes.
1404 2071 1452 2135 bc
1478 2069 1547 2131 ideo

438 2179 477 2235 nt
497 2170 569 2235 talia
584 2170 763 2236 haberetur
782 2174 997 2250 resurreetio,
1009 2174 1051 2237 ab
1071 2170 1401 2237 bomioasbolaudsm
1423 2169 1549 2232 torena·

434 2276 579 2335 serentes
600 2274 724 2351 peccati
745 2270 900 2349 radicem,
914 2272 1003 2353 qnod
1023 2281 1162 2338 naturae
1176 2272 1308 2353 quidem
1327 2272 1489 2337 humanae
1502 2284 1548 2345 ‚ox

436 2371 573 2436 bominis
595 2372 764 2436 voluntate
793 2372 936 2452 primum
954 2374 1154 2453 supervenit.
1182 2370 1346 2451 Quodque
1365 2367 1480 2433 deiude
1506 2366 1548 2427 ri·

439 2472 521 2535 tium
534 2478 665 2552 praeter
684 2478 836 2535 naturam
856 2471 960 2535 eidem
981 2479 1118 2535 natasse
1132 2471 1279 2535 inustum
1298 2477 1348 2535 ast
1367 2486 1429 2549 per
1441 2480 1548 2547 quem·

438 2572 513 2636 dam
527 2573 705 2639 allectionis
726 2590 919 2638 consensum
939 2572 1089 2652 subiecto
1106 2571 1350 2646 adhaerentem,
1365 2572 1411 2635 ita
1425 2576 1463 2631 ut
1476 2566 1549 2630 alio·

437 2674 469 2737 ut
490 2690 566 2737 cum
586 2679 698 2736 nostro
720 2672 804 2737 tactu
824 2674 869 2738 sit
895 2675 1057 2755 quaedam
1075 2678 1206 2755 praeter
1225 2672 1385 2737 rationem
1413 2675 1548 2734 contem·

437 2774 576 2855 psrstio,
599 2781 637 2836 ut
655 2774 701 2838 ait
720 2770 899 2855 Nyssenus.

516 2872 737 2949 Quamobrem
760 2874 898 2953 praeisti
915 2871 1073 2937 Doctores
1087 2872 1275 2954 hujusmodi
1299 2870 1367 2937 vitii
1388 2889 1432 2935 ex
1453 2868 1548 2932 bomi-

437 2972 485 3037 nis
511 2974 681 3037 voluntate
701 2973 834 3049 exorti,
859 2990 1076 3055 necunquam
1098 2971 1169 3037 Deo
1188 2970 1408 3052 adjudicandi,
1430 2988 1488 3034 nec
1509 2984 1548 3029 ex

439 3075 587 3155 ejusdem
611 3074 748 3139 bominis
767 3073 906 3137 arbitrio
924 3075 1054 3139 sustolli
1075 3074 1146 3138 beri
1167 3091 1260 3154 posse
1279 3080 1476 3144 statuentes,
1494 3066 1546 3134 sei

436 3192 575 3255 prorsus
606 3192 647 3237 ex
671 3171 729 3237 Dei
761 3175 900 3249 virtute,
922 3174 1022 3238 variis
1040 3174 1101 3237 sub
1125 3174 1247 3254 tppisa
1273 3172 1389 3236 divinis
1409 3170 1548 3249 Scriptu-

433 3278 501 3351 ris,
523 3273 720 3354 aliundeque
741 3272 941 3353 desumptis,
967 3275 1122 3349 consoni,
1154 3272 1373 3337 omnimodam
1404 3268 1547 3335 abolitio·

433 3392 507 3438 uem
529 3392 587 3454 por
608 3378 746 3437 mortum
767 3372 965 3438 efficiendam
987 3372 1141 3437 docuere.
1165 3372 1229 3437 lix.
1251 3391 1282 3452 p.
1304 3390 1348 3435 ex
1371 3370 1474 3451 figulo
1493 3366 1545 3447 qui

436 3474 640 3539 coulractum
657 3491 726 3547 sas,
749 3473 831 3536 idest
854 3474 1029 3547 bominem,
1051 3473 1163 3552 inquo
1185 3472 1355 3552 plumbum
1372 3466 1548 3536 vitiositatis

435 3580 625 3637 concretum
647 3571 775 3648 iuerat,
801 3573 884 3637 illud
914 3573 1042 3652 retingit
1070 3573 1190 3652 (igulus
1202 3616 1215 3648 ,
1239 3590 1354 3653 nempe
1385 3571 1473 3635 Deus
1493 3584 1548 3650 per

434 3675 718 3738 resurrectionem.
741 3671 870 3736 Pariter
894 3673 957 3737 sub
977 3674 1111 3753 pellium
1132 3674 1282 3749 nomine,
1304 3673 1425 3753 quibus
1446 3668 1544 3733 Adam

435 3773 568 3836 indutus
589 3772 653 3836 luit
673 3780 745 3852 post
764 3780 947 3852 peccatum,
968 3773 1113 3836 omnium
1133 3774 1287 3837 vitiorum
1309 3790 1426 3853 genera
1442 3769 1547 3850 expri-

436 3874 592 3937 mentium
607 3880 641 3935 et
661 3875 748 3938 ritae
763 3874 939 3952 proesentis
958 3872 1181 3937 incommoda:
1195 3872 1357 3935 insudare
1376 3872 1484 3936 auitas
1502 3864 1548 3930 tui

374 4022 379 4031 .
432 3973 565 4036 socero
586 3988 672 4052 passe
690 3979 768 4044 sto.,·
794 3970 1012 4051 multiplicabo
1031 3990 1200 4035 mornas
1220 3980 1305 4046 taas,
1326 3982 1354 4035 st
1382 3978 1545 4049 concsptsss

431 4084 523 4149 raas,-
542 4072 580 4135 ia
599 4072 705 4135 dolore
727 4073 835 4153 paries
863 4071 950 4152 filios
969 4082 1026 4137 sta·
1052 4073 1173 4153 quibus
1201 4074 1351 4137 omnibus
1379 4074 1413 4135 iu
1438 4086 1544 4135 resur·

431 4176 606 4240 medonem
638 4173 787 4237 exuenda
808 4173 872 4238 erit
893 4168 1033 4239 bumana
1056 4180 1182 4237 natura.
1199 4172 1294 4237 lton
1321 4173 1383 4238 sub
1413 4172 1487 4237 anri
1505 4170 1545 4232 si·

429 4274 611 4341 militudiue
637 4274 750 4341 scoriis
771 4274 924 4350 immixti,
954 4291 994 4338 rc
1013 4289 1074 4351 por
1093 4272 1198 4352 ignem
1223 4273 1392 4354 mundati3
1415 4272 1465 4339 rel
1486 4266 1544 4333 snb

430 4374 631 4440 tabernaculi
651 4372 773 4458 bloysis
793 4373 912 4455 tipum,
935 4390 954 4437 a
975 4391 1043 4454 qno
1063 4390 1164 4453 penus
1183 4374 1363 4439 bumanum
1384 4391 1444 4454 per
1456 4370 1544 4435 vitio·

321 4484 325 4490 '
429 4477 558 4541 ritatem
580 4476 722 4541 innatum
741 4482 903 4545 semotum
923 4473 998 4553 tuit,
1010 4473 1114 4541 donec
1133 4475 1294 4542 mediante
1307 4472 1542 4543 resurreetione
