3375 5567
453 783 559 867 pturis
574 783 665 847 nobis
687 790 931 865 repraesentant
945 780 1120 847 boninum
1137 781 1233 845 coeto
1245 778 1444 855 assidentem,
1462 788 1492 843 et
1502 798 1549 843 en

364 966 367 971 Ι
454 902 525 949 rom
546 902 586 947 en
606 884 798 964 angelornm
821 883 974 950 turbauit
1000 880 1107 947 mittin
1127 881 1269 947 eutition
1288 878 1455 945 misdnat
1471 878 1509 953 ei,
1524 892 1549 943 rt

453 985 552 1051 demes
582 994 711 1049 centeno
739 982 879 1049 millium
906 983 1135 1049 minmtrndont
1153 981 1193 1047 ri.
1223 980 1346 1047 Deinde
1372 983 1548 1062 praeterient

453 1086 624 1167 Origenes,
641 1088 783 1175 sitorum
799 1087 878 1149 sidit
892 1104 931 1151 ao
947 1104 966 1149 s
983 1086 1095 1166 primo
1111 1086 1238 1149 remum
1258 1086 1290 1147 in
1308 1084 1357 1147 his
1377 1082 1549 1147 sorbuera-

455 1190 604 1269 pngienm
626 1205 769 1263 sensum,
786 1189 940 1251 nimirum
961 1189 1123 1253 hominem
1143 1185 1272 1251 duabus
1286 1186 1428 1251 esseuttts
1441 1185 1549 1265 praedi

456 1300 538 1366 tom,
560 1293 713 1355 animost
734 1308 885 1371 corpore.
907 1290 951 1355 Et
973 1292 1006 1353 in
1026 1310 1095 1371 quo
1110 1291 1293 1357 consideret
1313 1290 1448 1352 hominis
1465 1290 1549 1365 ipsios

456 1394 778 1458 communicationem
795 1410 871 1457 num
887 1394 1064 1457 virtutibus
1086 1392 1295 1464 coelestibus,
1316 1391 1360 1455 ob
1380 1390 1458 1453 iliud
1477 1406 1549 1451 neu·

455 1512 495 1575 po
516 1495 603 1573 qnod
626 1503 744 1569 ments,
765 1514 824 1559 sen
845 1496 962 1576 spirito
984 1496 1149 1574 cognoscit
1168 1512 1255 1574 quan
1276 1491 1335 1555 Dei
1361 1500 1446 1564 snat,
1465 1506 1549 1569 reum

454 1596 528 1659 iden
548 1596 588 1659 nd
613 1594 715 1659 Deum
737 1598 842 1676 ipsum
864 1597 1007 1673 extollit,
1021 1598 1174 1660 coelestin
1196 1596 1382 1659 meditatus.

534 1694 729 1759 Nullstenus
756 1705 873 1770 tumen,
896 1714 971 1759 num
993 1696 1073 1760 dnns
1091 1696 1287 1760 substautias
1307 1696 1340 1759 in
1361 1695 1485 1758 homine
1500 1702 1550 1755 sta·

457 1804 548 1871 tust,
582 1814 774 1878 corpoream
796 1805 828 1861 st
850 1797 1047 1877 spiritnlesn,
1079 1797 1228 1863 conindit
1258 1797 1397 1862 hominis
1425 1794 1550 1860 sohstsr

456 1897 531 1960 tiam
552 1897 730 1976 spiritalem
752 1914 827 1961 num
847 1898 987 1976 spiriteii
1018 1898 1212 1976 sopeiorum
1233 1898 1393 1972 essentie,
1415 1897 1500 1975 qnasi
1519 1894 1551 1953 de

454 2001 531 2079 ipsis
551 2000 716 2079 spiritibus
737 1999 934 2063 coelestibus
955 2001 1149 2064 condidisset
1170 2009 1281 2079 postea
1303 1996 1394 2064 Deus
1414 1997 1550 2070 hominen

454 2116 512 2161 seu
534 2100 626 2177 quasi
648 2100 810 2177 angelicos
830 2100 1030 2164 substantioe
1051 2100 1091 2163 nd
1107 2116 1244 2179 pneosm
1266 2098 1443 2161 translatas
1461 2098 1551 2157 iorent

454 2200 487 2261 in
509 2201 647 2263 humone
670 2216 821 2280 corpore.
845 2198 934 2264 Haeo
954 2202 1039 2265 enim
1061 2202 1185 2264 somnis
1208 2217 1272 2261 nnn
1295 2198 1377 2261 vidit
1396 2194 1551 2276 ongum

454 2317 513 2363 noc
535 2318 679 2379 unquam
693 2302 891 2365 existimarit
904 2303 1039 2380 angelos
1060 2302 1272 2366 transmutari
1286 2303 1319 2363 in
1341 2303 1477 2365 nomena
1495 2314 1552 2360 nor·

454 2416 546 2481 poro,
570 2416 628 2463 nec
649 2400 794 2464 homines
818 2402 956 2465 vicissim
977 2405 1012 2465 in
1032 2401 1225 2481 rugeiorom
1247 2410 1414 2467 naturam.
1443 2396 1552 2477 Ubique

453 2516 592 2579 numque
615 2501 757 2565 homiues
780 2501 820 2563 sb
840 2503 963 2581 sugetis
983 2503 1137 2566 discrevit
1166 2520 1268 2582 prope
1291 2505 1419 2565 ramam
1437 2502 1551 2564 iiioruu

453 2600 681 2675 conditionem,
698 2618 795 2679 quens
811 2602 852 2663 sb
872 2602 964 2665 initio
984 2604 1156 2669 creationis
1173 2605 1324 2684 utrisque
1338 2604 1452 2667 indidit
1470 2599 1550 2663 Dens.

455 2696 543 2763 Nihil
566 2718 644 2782 ergo
664 2702 796 2765 obsurdi
818 2704 851 2763 iu
873 2702 934 2766 hen
965 2704 1131 2768 locutione
1154 2712 1301 2784 apparet.
1326 2703 1371 2769 Et
1397 2705 1457 2796 hnc
1474 2704 1552 2765 innn-

452 2802 558 2865 lentsr
577 2804 716 2866 ostendit
736 2803 895 2882 Origenes
916 2806 947 2867 in
967 2806 1178 2885 sequentibus
1188 2827 1199 2884 ς
1232 2806 1288 2869 nbi
1311 2808 1420 2885 pergit
1437 2804 1494 2869 snb
1510 2821 1552 2865 es·

453 2901 525 2965 dem
547 2904 701 2981 eunpogia
718 2902 886 2982 iuquiens:
903 2924 919 2963 s
935 2902 978 2967 Et
997 2905 1072 2968 ideo
1092 2905 1176 2969 iilud
1193 2906 1327 2983 quidem
1346 2907 1483 2985 primurn
1494 2920 1552 2965 noc·

453 3002 534 3078 lum,
557 3004 644 3082 quod
665 3006 812 3083 spiritsle
833 3005 993 3081 diximus,
1015 3024 1107 3070 meos
1127 3015 1237 3071 nostre
1259 3016 1322 3081 nst,
1346 3026 1433 3089 quoe
1451 3008 1550 3081 etipse

450 3104 585 3181 spiritus
604 3114 665 3179 est,
683 3105 765 3169 idest
784 3106 938 3184 spiritalis
962 3107 1060 3170 homo
1081 3118 1193 3171 noster
1207 3110 1347 3172 interior
1366 3119 1427 3182 est,
1447 3106 1499 3186 qui
1518 3103 1551 3163 ri·

451 3204 504 3265 dst
519 3212 551 3266 et
572 3208 726 3284 perspicit
741 3203 855 3269 Deum.
880 3206 968 3271 istud
990 3216 1105 3271 autem
1120 3210 1294 3289 corporate
1315 3211 1460 3280 coelum,
1480 3202 1551 3285 pond

452 3304 690 3371 drmnmeutum
712 3308 851 3384 dicitur,
871 3309 1020 3371 exterior
1039 3310 1140 3372 homo
1159 3319 1270 3373 noster
1289 3318 1358 3383 est,
1381 3310 1438 3389 nni
1458 3322 1553 3384 corpo

320 3402 322 3407 '
452 3406 567 3469 raliter
588 3408 746 3473 intuetur.
767 3429 783 3467 u

532 3506 573 3571 Et
593 3511 665 3588 quis
687 3528 749 3573 non
770 3510 1052 3590 comprehenderit
1073 3512 1128 3576 hic
1150 3512 1346 3592 improprie,
1370 3532 1428 3577 seu
1449 3512 1550 3587 altero

452 3608 518 3671 rice
541 3607 632 3688 loqui
654 3606 856 3689 origenem?
876 3609 919 3673 Ει
939 3610 1106 3689 quomodo
1126 3612 1260 3674 audebit
1278 3614 1353 3691 quis
1375 3613 1418 3673 ibi
1438 3608 1550 3673 eonion

451 3708 529 3770 dere
551 3711 813 3775 assimilationem
828 3728 904 3773 cnm
926 3713 1115 3788 nssimiiato,
1138 3715 1181 3775 ite
1197 3722 1234 3776 nt
1254 3714 1387 3775 dicotur
1407 3714 1498 3775 inmo
1515 3708 1550 3767 iu

453 3811 553 3872 terior
568 3812 705 3875 evadere
727 3830 840 3893 respon
856 3815 985 3877 nonium
1002 3813 1160 3892 spiritale,
1182 3824 1217 3877 et
1236 3816 1386 3877 exterior
1399 3815 1491 3875 homo
1507 3808 1550 3869 io·

452 3914 482 3973 ri
502 3910 769 3977 drmumentom'?
792 3912 907 3986 Nemo,
931 3924 1023 3994 puto,
1050 3917 1094 3977 its
1115 3918 1250 3978 senserit
1270 3916 1311 3977 de
1330 3912 1478 3993 Origenis
1494 3924 1549 3971 ser·

451 4030 557 4075 unone.
582 4013 652 4091 ipse
673 4014 756 4075 enim
784 4033 826 4077 ex
847 4016 930 4077 coeii
951 4024 985 4078 nt
1006 4014 1200 4079 firmamenti
1229 4016 1487 4093 nuncupatione,
1506 4026 1548 4069 eo

452 4130 593 4193 rumque
616 4115 703 4176 roris
724 4115 904 4178 substantia
928 4118 1049 4194 reperit
1063 4117 1305 4179 similitudinem
1328 4116 1462 4179 hominis
1481 4114 1548 4175 inte·

451 4215 546 4277 rioris
568 4221 599 4277 et
620 4217 812 4295 exterioris;
835 4225 995 4294 qnatenus
1017 4218 1115 4280 homo
1135 4218 1273 4280 interior
1294 4214 1398 4281 veum
1420 4212 1547 4293 respicit,

448 4315 593 4377 exterior
617 4332 693 4379 vcro
715 4319 846 4394 corpori
868 4318 1022 4394 iossrrit3
1051 4317 1213 4383 condicit
1241 4318 1443 4397 Apostolosz
1463 4320 1547 4373 uste

449 4413 531 4477 enim
552 4414 654 4477 seroie
674 4414 740 4495 ispi·
757 4414 834 4491 Dri,
856 4434 983 4495 corpore
1003 4426 1107 4481 nutem
1136 4417 1199 4495 ispi
1215 4417 1348 4497 urenti.
1378 4416 1420 4481 Et
1438 4414 1477 4479 nb
1497 4412 1547 4472 hoc

451 4516 577 4579 venicus
597 4516 754 4596 Origenes
774 4537 816 4587 ex
836 4536 933 4583 seusu
954 4520 1147 4599 spostotino,
1169 4521 1293 4595 studet,
1316 4521 1473 4585 nominem
1491 4528 1545 4575 noe
