3375 5567
150 808 343 878 «demum
357 818 407 877 est
418 816 532 877 eutem
545 810 578 875 to
594 810 821 875 ecciesissticis
830 808 1126 886 obscrsrttoutbus,
1141 810 1231 890 quud

148 936 230 995 seque
247 916 410 979 bominum
431 913 541 994 quise
563 909 632 977 oco
652 914 685 975 io
706 913 919 993 perditionem
940 910 1079 975 trsditus
1100 918 1161 991 ust;
1177 912 1233 975 sed

149 1036 270 1099 eumue
297 1018 504 1098 pereuntium
525 1032 584 1079 sus
612 1015 803 1096 oepiipeotie
826 1022 959 1096 peresi,
982 1022 1014 1078 et
1035 1014 1130 1095 culpe
1142 1034 1154 1095 3
1177 1016 1234 1095 qui

149 1120 240 1182 icbcos
258 1119 384 1183 srbitrii
401 1118 598 1193 libertatem,
619 1118 741 1197 erigere
755 1117 843 1198 quod
858 1118 979 1183 bouum
993 1124 1054 1193 cst,
1077 1123 1109 1180 ot
1125 1118 1234 1196 potuit

147 1218 291 1281 etdebuit
313 1216 412 1295 Quod
432 1220 532 1279 etism
552 1216 593 1281 dc
622 1220 695 1299 ipso
714 1216 847 1281 dioboto
867 1218 1069 1282 sentiendum
1090 1223 1158 1291 est,
1178 1218 1235 1296 qui

147 1324 168 1380 ie
182 1330 344 1401 conspectu
366 1319 497 1383 Domini
526 1321 756 1399 omnipotentis
775 1320 974 1383 describitur
1002 1318 1179 1394 restitisse,
1203 1324 1237 1380 et

145 1422 295 1485 inmuose
310 1430 434 1484 statum
448 1438 559 1495 soom,
580 1421 613 1482 iu
625 1439 694 1503 quo
716 1421 824 1484 iceret
837 1419 1078 1484 immaculatus:
1102 1416 1157 1500 qui
1171 1416 1234 1480 rsti-

144 1540 188 1600 pse
199 1522 350 1603 perstem
370 1522 382 1599 (
393 1523 573 1596 meditere,
594 1522 722 1598 lector)
735 1520 794 1604 psci
818 1521 931 1600 orique
948 1518 1100 1600 potuisset
1120 1517 1157 1581 io
1179 1518 1237 1581 icoc

145 1632 225 1697 rats,
243 1622 278 1686 is
302 1642 368 1704 prro
387 1610 427 1686 dt
451 1620 547 1683 issicio
565 1621 652 1703 scit,
674 1621 829 1705 terporis
849 1622 942 1702 tiosos
959 1638 1180 1701 pcrscocrorc,
1206 1616 1236 1683 si

146 1723 275 1787 miciccd.
297 1744 316 1782 r

206 1824 295 1903 Quse
309 1826 485 1908 hucusque
506 1827 606 1890 stetui
620 1827 707 1889 ciros
721 1826 855 1906 suprius
877 1826 907 1887 io
923 1826 1066 1888 bouitote
1086 1844 1237 1907 perseve-

146 1936 228 1991 rsstcs
247 1929 331 1993 odeo
347 1935 385 1991 ot
402 1929 434 1990 iu
455 1927 629 1992 adversum
651 1946 817 2008 ouuquom
846 1929 956 1991 venire
979 1928 1118 2008 possint,
1140 1928 1235 1991 sicuti

146 2028 174 2089 dc
188 2030 350 2108 spiritibus
369 2028 468 2110 iepsis
490 2030 522 2091 tu
543 2031 704 2109 pruritote
717 2039 878 2110 perpetuo
893 2030 1096 2093 sumentibus
1119 2033 1180 2094 etsi
1203 2030 1235 2093 iu

146 2132 252 2211 proprio
270 2132 437 2194 arbitrato
461 2131 599 2194 couditis
618 2150 637 2193 s
654 2128 735 2206 Deo,
757 2129 933 2194 sdusodum
949 2130 1121 2194 cooieruut
1134 2129 1174 2192 ed
1189 2131 1236 2192 ui·

146 2238 228 2293 terum
247 2232 352 2312 ipsius
365 2229 517 2313 Oripeois
536 2232 773 2296 enucleeudous
797 2233 1040 2312 testimouium
1056 2231 1143 2311 qood
1160 2232 1236 2309 (uisi

146 2338 232 2394 eostre
261 2352 297 2397 so
317 2342 408 2397 stsre
440 2334 579 2397 rciimos
601 2334 780 2397 Auctorem
810 2333 893 2396 eiius
914 2332 1125 2410 affirmando,
1155 2334 1236 2397 eiius

146 2434 284 2512 mdo)
305 2435 408 2497 siiter
421 2435 464 2497 eb
477 2454 517 2498 eo
537 2436 626 2517 quod
648 2436 795 2499 uooooiii
814 2438 1086 2516 interpretentur,
1110 2440 1237 2498 serten-

146 2532 223 2613 isus,
236 2546 267 2599 ct
282 2538 350 2600 boc
370 2536 414 2599 ob
433 2537 636 2618 suprodictes
650 2555 775 2601 ausos.
795 2536 921 2600 interes
935 2538 978 2601 ite
1000 2554 1034 2599 se
1048 2536 1144 2599 bobet
1162 2552 1234 2599 rer·

146 2635 314 2700 siododioi:
331 2636 514 2702 «Similiter
532 2655 622 2714 seoc,
637 2636 725 2716 (Lib.
738 2636 767 2703 i.
781 2636 825 2701 Dc
836 2636 1016 2719 Principiis
1037 2655 1065 2701 c.
1085 2634 1171 2701 Vlii.
1183 2636 1236 2717 d.)

145 2738 217 2800 etism
235 2738 274 2803 de
304 2739 504 2803 adverseriis
527 2740 703 2803 virtutibus
724 2739 925 2803 seuticodoos
957 2748 1021 2815 est,
1043 2756 1128 2818 quse
1149 2758 1183 2802 se
1205 2740 1237 2803 iu

145 2837 236 2904 iiloci
255 2848 357 2922 etque
379 2840 475 2905 ottctt
495 2841 733 2920 praebuerunt,
757 2849 793 2904 ut
814 2842 877 2905 boc
906 2840 994 2921 quod
1017 2840 1233 2923 principatus,

147 2938 183 3001 tei
199 2949 383 3020 poteststce,
408 2943 458 3005 rei
479 2944 591 3005 muudi
612 2962 648 3006 re
669 2952 757 3006 tores
772 2942 994 3015 teuebrerum,
1018 2940 1069 3005 rei
1084 2942 1238 3023 spiritur-

146 3038 374 3124 eupatore,
397 3045 448 3106 rei
477 3046 611 3124 spiritus
633 3045 783 3125 metipsi,
807 3044 858 3106 rei
880 3044 1049 3107 doemonis
1071 3042 1236 3107 inmunde

145 3150 209 3216 mr,
229 3162 290 3207 ooo
311 3145 573 3209 substootisiiter
589 3146 623 3207 id
645 3146 796 3221 bebouot,
818 3164 924 3226 oeque
946 3145 1021 3225 quio
1045 3145 1125 3207 tries
1139 3144 1236 3207 etium

146 3243 222 3303 oseti
238 3252 340 3323 sout3
361 3245 418 3307 scd
439 3263 501 3325 pro
521 3246 662 3309 motibus
685 3246 806 3309 suiset
827 3244 1040 3325 profectibus,
1064 3243 1183 3323 quibus
1204 3244 1236 3305 iu

105 3331 106 3338 '
145 3342 243 3407 sceiere
262 3346 489 3425 proiecerunt,
514 3347 572 3410 boc
592 3348 735 3411 metitise
758 3346 879 3427 gradus
898 3345 1003 3409 sortiti
1017 3353 1103 3407 suut.
1125 3342 1169 3407 Et
1188 3350 1237 3407 est

145 3441 294 3512 citissimus
316 3451 379 3512 iste
398 3449 482 3510 ordo
503 3449 703 3512 rotiooebiiis
725 3457 909 3521 creatorae,
932 3447 988 3528 qui
1016 3464 1051 3509 se
1072 3447 1115 3509 its
1144 3461 1237 3526 proc·

105 3539 106 3542 '
145 3558 199 3621 ὑφ
215 3549 380 3627 ooquitioc
399 3548 500 3622 dedit,
521 3557 560 3611 ut
580 3551 730 3612 revocsri
744 3550 838 3624 ooiit,
864 3548 963 3627 uirgis
979 3564 1077 3627 quero
1100 3562 1163 3609 ooo
1179 3563 1236 3627 po·

146 3643 295 3719 tondum
317 3649 451 3712 scetcris
476 3649 582 3713 rabies
593 3648 662 3730 iero
682 3648 782 3710 iibido
799 3658 860 3722 est,
885 3655 918 3711 et
942 3646 1091 3709 delectet.
1111 3664 1128 3705 s
1146 3643 1238 3708 ideo·

146 3748 225 3817 tucci
246 3748 296 3810 bis
317 3750 446 3811 serbiss
468 3748 527 3831 psci
544 3768 576 3812 sc
595 3750 643 3812 itu
659 3766 808 3830 procccpc
820 3746 979 3831 nequitiae
998 3745 1084 3810 dedit
1103 3754 1139 3810 ot
1152 3764 1238 3809 rroo·

146 3844 196 3904 wi
211 3848 289 3912 sciit
310 3849 412 3930 tropis
430 3870 528 3932 poem
547 3868 613 3913 ooo
630 3848 748 3930 potuit,
771 3851 988 3913 diversimode
1008 3868 1137 3913 sensum
1160 3849 1237 3911 sub·

148 3944 322 4013 titserims
336 3953 505 4032 praeteriti
520 3954 688 4033 temporis,
702 3960 734 4014 et
751 3950 931 4014 dixerimus
946 3950 1121 4013 mortem
1141 3947 1189 4011 ito
1203 3966 1236 4010 sc

148 4049 317 4129 wdpitcrr
330 4051 492 4132 nequitiae
510 4052 640 4127 dedisco,
656 4061 691 4114 ct
708 4049 851 4115 noocori
868 4050 1007 4115 ouiscrit
1026 4048 1236 4129 mopisqssoos

150 4161 193 4208 Μ
205 4153 355 4229 potnerit,
374 4156 481 4217 omnis
502 4156 664 4219 cetboiico
684 4155 827 4235 dopmsti
850 4154 1056 4217 concorditer
1076 4154 1124 4214 ire
1146 4156 1236 4228 pote·

151 4244 190 4316 b't,
198 4253 285 4317 sicuti
293 4264 329 4319 et
341 4258 500 4320 sermonis
513 4258 631 4329 ordioi,
642 4275 681 4321 sc
694 4256 834 4337 emptius
848 4256 947 4335 ipsius
962 4252 1109 4333 Origcois
1122 4251 1231 4325 menti,

150 4363 220 4421 ivn
232 4355 307 4419 siibi
322 4366 354 4419 ot
373 4375 470 4437 ssepe
489 4358 703 4420 mruiiestuvit
717 4359 758 4419 de
771 4358 932 4435 insperate
955 4355 1149 4417 doemonum
1161 4357 1234 4431 post

153 4447 257 4517 ittorous
276 4476 389 4522 asum
405 4459 521 4521 soluto.
544 4456 765 4522 Nihilominus
782 4458 901 4532 interr,
918 4455 1020 4538 probe
1033 4455 1152 4515 iutcoto
1177 4452 1233 4513 bo-

154 4564 205 4615 ’11
224 4561 396 4625 verborum
421 4561 566 4642 syotosis
593 4560 667 4623 tsiis
685 4568 757 4635 cst,
781 4567 819 4624 ut
847 4574 907 4639 per
930 4574 984 4634 sc,
1011 4556 1058 4620 uti
1086 4552 1233 4619 sumnus

249 4658 310 4721 tot.
333 4659 361 4724 Ι.
1074 4649 1113 4720 11
