3375 5567
520 780 555 843 lu
577 781 701 860 primis,
724 778 881 861 quidquid
902 779 944 843 sit
964 778 1005 843 de
1026 781 1087 843 bre
1107 780 1273 862 pericope,
1294 782 1362 846 sira
1383 782 1447 863 ipss
1465 782 1541 847 ccci·

442 882 551 960 piatur
571 883 776 963 paraphrasis
796 892 855 946 aut
876 883 1082 965 interpolatio
1105 881 1233 964 genuini
1260 882 1367 963 graeci
1397 884 1542 947 sermonis

443 1000 460 1043 ιι
484 980 688 1068 Hieronymo*
702 983 801 1045 latine
825 983 999 1058 translata,
1021 992 1080 1048 ant
1103 984 1241 1047 alteram
1265 985 1426 1065 acceperis
1452 982 1542 1047 nott·

443 1104 484 1147 no
499 1086 696 1163 inscriptam,
715 1103 828 1149 verum
845 1095 950 1148 tamen
967 1096 1028 1162 cet,
1055 1092 1229 1167 utramque
1245 1086 1541 1166 interpretationem,

443 1186 720 1265 paucis-'mutatis
744 1187 922 1266 plurimum
945 1189 1029 1250 inter
1048 1207 1083 1251 se
1102 1190 1297 1266 convenire,
1313 1187 1407 1250 siculi
1422 1206 1544 1266 quoqne

443 1286 711 1366 patet,·qdesdam
727 1289 893 1350 continere
907 1288 1122 1350 obscuritates
1139 1287 1306 1349 intellectu
1321 1286 1475 1361 difficiles,
1485 1306 1545 1367 spe·

441 1388 549 1449 cietim
572 1390 602 1450 in
617 1388 788 1449 novissima
804 1390 903 1468 ipsius
916 1390 1111 1469 paragraphi
1129 1398 1231 1468 purte.
1246 1386 1343 1463 Quod
1357 1397 1466 1451 antem
1481 1388 1544 1449 inda

441 1491 619 1552 universim
641 1491 712 1552 erui
737 1490 877 1565 videtur,
902 1492 933 1552 in
954 1511 993 1553 eo
1016 1493 1155 1554 maxime
1171 1492 1326 1565 consistit,
1351 1508 1544 1571 nequaquem

441 1590 558 1652 ibidem
580 1592 620 1651 ab
641 1588 781 1669 Origene
802 1595 853 1671 agi
875 1595 914 1655 dc
937 1594 1121 1656 bominibus
1143 1594 1174 1654 in
1195 1592 1368 1653 doemones
1392 1594 1491 1653 versis
1508 1591 1544 1653 ob

441 1708 556 1753 eorum
580 1694 767 1771 pravitates,
790 1712 849 1756 ncc
872 1694 1009 1757 vicissim
1031 1693 1070 1756 de
1092 1694 1301 1755 daemonibus
1318 1692 1369 1754 rel
1386 1695 1544 1756 contrariis

344 1868 348 1875 .
443 1794 618 1881 virtutibus
634 1794 664 1853 iu
677 1794 819 1856 bomines
836 1798 978 1870 mutatis,
997 1814 1056 1858 uec
1072 1796 1175 1857 multo
1190 1797 1295 1856 ruinus
1315 1793 1356 1855 de
1375 1798 1544 1857 animarum

441 1894 663 1959 emendatione
685 1896 716 1955 in
740 1897 802 1957 rita
826 1895 937 1959 lutura
970 1914 1029 1977 per
1061 1896 1315 1975 poeniteutiam,
1339 1897 1434 1975 qnasi
1457 1904 1543 1968 tnnc,

441 1995 537 2056 sicuti
561 1995 668 2069 modo,
691 2003 774 2058 essct
797 1997 1034 2075 resipiscentiae
1054 1996 1160 2058 locus.
1184 1993 1217 2056 ld
1234 1996 1391 2059 condicit
1412 1992 1545 2057 lluffinus

443 2095 474 2155 in
495 2113 553 2157 suu
577 2098 746 2175 versione;
763 2114 821 2158 nuc
838 2098 1062 2159 multominus
1079 2097 1178 2159 tradit
1195 2106 1287 2159 vetus
1301 2096 1453 2176 origenis
1467 2113 1544 2174 prae

442 2214 499 2258 cus
520 2195 622 2259 codex
647 2199 860 2276 transcriptus
882 2215 899 2258 u
921 2216 962 2259 ss.
980 2196 1098 2260 Basilio
1119 2206 1153 2259 et
1175 2196 1391 2260 Nazianzeno.

520 2294 756 2360 Tantummodo
773 2298 983 2360 translatores
998 2318 1041 2361 ex
1056 2299 1237 2377 praemissis
1253 2306 1383 2377 sumpto
1402 2300 1542 2367 tbemate,

440 2397 538 2461 latius
561 2399 712 2461 Auctoris
735 2411 875 2462 mentum
895 2410 1106 2480 exponentes,
1132 2399 1328 2474 indicarunt,
1352 2402 1385 2461 in
1409 2402 1467 2462 boc
1488 2402 1541 2461 sits

441 2498 597 2573 homiues,
621 2518 694 2561 cum
717 2502 766 2563 sui
786 2500 870 2582 iuris
891 2504 976 2577 siut,
1003 2520 1022 2562 a
1050 2494 1172 2563 virtute
1199 2498 1238 2561 ad
1272 2500 1384 2563 sitium
1421 2500 1544 2563 transire

441 2616 546 2678 posse,
563 2606 595 2660 et
610 2618 628 2661 e
643 2608 754 2662 contra
769 2616 777 2656 ι
795 2601 980 2680 etamplius
1002 2602 1063 2663 boc
1084 2601 1243 2675 obtinere,
1268 2599 1420 2678 quamvis
1440 2600 1470 2660 in
1490 2616 1544 2661 ma·

441 2698 528 2760 litiae
551 2699 804 2777 profunditatem
826 2702 1002 2778 demersos,
1022 2720 1081 2764 seu
1094 2702 1286 2763 altissimum
1300 2701 1471 2780 probitatis
1484 2715 1544 2777 pra·

439 2798 516 2861 dum
538 2812 722 2879 assecutos;
747 2802 847 2865 veluti
868 2820 944 2866 saue
966 2803 1085 2881 cuique
1105 2802 1263 2878 occurrit,
1287 2800 1385 2863 verba
1410 2818 1483 2863 curn
1505 2814 1544 2859 se

439 2899 612 2979 quentibus
633 2900 810 2964 conterenti
834 2902 1068 2980 praecedentia.
1090 2899 1187 2976 Quod
1200 2918 1302 2981 porro
1319 2901 1419 2962 vertit
1433 2896 1464 2961 S.
1481 2895 1543 2959 tlte

439 3016 594 3083 ronpmus
616 3001 655 3065 de
679 3002 862 3065 bominibus
884 3004 915 3063 in
937 3002 1158 3081 improbitates
1191 3001 1347 3063 maximas
1371 2999 1488 3078 lapsis,
1508 2996 1542 3055 ita

440 3109 489 3177 ut,
512 3104 571 3165 uisi
592 3104 737 3165 consverti
762 3104 945 3176 voluerint,
965 3104 1100 3165 virtutes
1122 3111 1181 3164 aut
1204 3100 1410 3165 tortitudines
1431 3107 1542 3161 contra·

440 3200 624 3276 ridebunt,
653 3201 798 3265 liuffinus
819 3203 1018 3265 locutionem
1044 3211 1236 3282 temperans,
1259 3202 1389 3265 eusdem
1413 3200 1541 3263 bominct
1593 3201 1594 3204 ’

438 3319 556 3381 prasos
577 3303 653 3365 dicit
675 3304 744 3365 fieri
761 3320 864 3395 posse,
882 3298 920 3366 u't
933 3303 1127 3365 adversariis
1144 3303 1358 3381 potestatibus
1369 3313 1540 3378 exaequen-

440 3408 515 3476 tur,
538 3422 612 3467 cum
636 3411 741 3467 tamen
762 3406 807 3467 eis
829 3422 892 3466 nnn
914 3403 996 3466 desit
1016 3403 1142 3465 arbitrii
1164 3404 1355 3467 libertasse
1381 3402 1413 3464 in
1435 3399 1538 3464 meiius

439 3503 659 3565 convertendi.
1021 3493 1024 3497 ⁵

519 3602 604 3666 Etsi
627 3604 834 3669 nibilominus
866 3606 1025 3685 expositio
1059 3602 1176 3667 {inlini
1199 3604 1280 3667 durs
1305 3604 1361 3666 tibi
1389 3603 1537 3671 rideatur,

439 3704 571 3768 dicentis
587 3708 783 3785 quandoque
798 3708 943 3769 homines
959 3708 990 3767 in
1012 3709 1171 3787 pravitate
1192 3725 1250 3769 suo
1273 3721 1458 3786 exsequere
1475 3701 1538 3761 dac

440 3825 561 3881 monus,
578 3825 640 3869 uou
655 3818 703 3870 est
724 3808 897 3887 ignoranda
918 3808 1017 3870 dictio
1038 3807 1246 3891 hyperbolica
1269 3808 1356 3886 opud
1382 3816 1499 3868 veteres
1513 3808 1538 3860 et

330 3932 333 3937 ·
439 3909 634 3971 recentiores
662 3909 806 3988 vulgato,
830 3928 894 3989 qua
915 3911 974 3972 siri
997 3910 1098 3973 sancti
1123 3906 1232 3988 napoli
1248 3919 1406 3973 vocantur
1427 3918 1458 3971 ct
1480 3902 1539 3983 qni·

439 4008 510 4069 dem
535 4009 669 4071 relative
691 4020 722 4071 et
743 4028 805 4073 non
827 4012 989 4087 absolute,
1003 4010 1184 4089 codemque
1200 4007 1303 4072 'modo
1324 4027 1391 4089 quo
1412 4008 1470 4070 tiri
1490 4007 1538 4065 tn

437 4110 529 4189 probi
553 4120 586 4175 ct
605 4112 731 4174 scelesti
754 4112 909 4177 dicuntur
936 4113 1109 4176 doemones.
1141 4110 1182 4174 Et
1204 4112 1265 4173 buc
1287 4111 1451 4173 mauiicste
1471 4106 1536 4167 dicit

439 4208 594 4289 Origenes
615 4209 651 4274 s'rs
674 4209 881 4291 Expositionc
914 4212 1156 4275 Proverbiorum
1187 4212 1271 4274 edila
1294 4206 1534 4285 annuntiato

436 4332 464 4375 c.
482 4310 568 4375 xttt.
591 4330 643 4375 nn.
660 4308 710 4379 40.
731 4310 770 4384 dl
783 4334 791 4376 t
806 4334 823 4372 n
838 4312 926 4376 lstud
944 4315 1049 4394 ipsum
1064 4312 1218 4377 Salomon
1240 4332 1386 4394 quoqne,
1407 4320 1443 4372 ut
1461 4306 1536 4369 arbi·

438 4423 529 4491 tror,
553 4414 613 4478 boc
635 4414 731 4478 allato
753 4416 930 4496 significat,
955 4434 1145 4496 perversum
1167 4418 1299 4495 quidem
1321 4416 1474 4478 bominem
1493 4408 1532 4465 di·

436 4535 509 4580 cens
530 4526 686 4580 rotonum.
703 4514 919 4583 Transeuntes
941 4528 1050 4581 antem
1069 4515 1134 4581 doli
1158 4518 1254 4593 laces,
1271 4515 1412 4583 cruditos
1425 4510 1464 4574 ab
1483 4507 1532 4569 ilio
