3375 5567
194 727 349 810 opposuit
368 729 401 792 in
418 727 487 794 suis
504 728 610 808 libris,
632 747 708 795 cum
727 730 779 807 iis,
793 747 879 812 queo
892 729 1047 810 Origenes
1061 728 1091 794 el
1106 730 1301 812 respoudet3

194 828 361 909 quomodo
387 831 566 912 putandum
586 832 650 895 erit
676 834 790 914 (prope
816 831 900 896 euim
921 832 1196 911 adversariorum,
1219 851 1303 913 quos

192 930 305 1006 citari,
327 939 467 998 mentem
484 933 617 1016 loquor)
637 934 802 1014 quomodo
822 934 1004 1015 putandum
1023 937 1105 1010 erit,
1127 932 1301 1015 Origeoem

192 1031 314 1097 talibus
334 1043 485 1099 onustum
506 1036 735 1117 impietatibus,
756 1053 794 1099 ac
815 1037 847 1099 in
862 1053 995 1116 graecae
1010 1035 1231 1116 philosophiae
1247 1051 1302 1100 sa·

191 1134 348 1200 nitatibus
370 1146 546 1214 errantem,
567 1147 680 1202 contra
701 1137 830 1202 Celsum
847 1138 1024 1213 dimicasse,
1040 1155 1078 1202 ac
1092 1137 1216 1200 sollerti
1232 1145 1302 1202 stu·
1404 1123 1406 1128 ’

191 1235 259 1315 dio,
280 1237 472 1320 ardentique
494 1239 567 1304 zelo
587 1258 624 1303 os
643 1239 744 1320 ipsius
764 1239 873 1320 iniqua
894 1240 1056 1319 loquentis
1076 1239 1300 1316 obstruxisse,

190 1356 268 1404 cum
288 1339 409 1421 ipsein
430 1340 542 1406 eadem
563 1359 659 1406 causa
676 1383 686 1418 ,
706 1342 740 1405 in
761 1340 872 1405 iisdem
893 1341 1059 1405 erroribus
1085 1337 1300 1404 versaretur?

271 1440 385 1509 Celsus
402 1450 517 1526 negat,
545 1442 728 1528 possibilem
749 1462 818 1508 esse
844 1444 992 1525 corporis
1017 1443 1299 1508 resurrectionem.

188 1540 282 1608 Idem
298 1544 394 1626 juata
413 1545 618 1611 adversarios
628 1551 722 1627 neget
735 1544 904 1626 Origenes.
920 1545 1033 1610 cruos
1048 1547 1093 1608 ait
1107 1553 1301 1628 naturarum
1365 1551 1370 1572 '

187 1646 379 1712 mortalium
399 1649 642 1714 conversionem
662 1649 795 1714 similem
815 1667 885 1712 esse
905 1647 946 1710 ab
967 1647 1056 1712 initio
1077 1647 1116 1710 ad
1133 1637 1252 1728 linem3
1267 1653 1302 1712 et

187 1765 234 1812 ex
244 1746 357 1814 ortliue
372 1749 547 1814 eonstituto
560 1751 821 1825 couversionem,
836 1749 1051 1814 necessarium
1062 1767 1142 1825 esse,
1157 1757 1194 1814 ut
1205 1765 1298 1829 prae·

190 1850 302 1927 teriia,
323 1853 503 1932 praesentia
523 1859 556 1916 et
576 1852 688 1916 lutura
708 1851 820 1915 eadem
840 1851 916 1916 sint.
939 1849 1003 1914 lsta
1034 1858 1186 1932 unquam
1208 1850 1301 1914 inhn-

189 1949 261 2016 tosa
273 1952 557 2033 exprobratCelso
570 1950 736 2034 Origenes.
752 1951 872 2016 Temen
886 1959 919 2016 et
931 1952 1011 2035 ipse,
1026 1950 1181 2034 Origenes
1196 1952 1301 2034 (ajunt

190 2051 385 2131 adversarii)
404 2053 535 2118 easdem
554 2054 694 2119 admittit
712 2055 951 2130 conversiones,
973 2063 1006 2118 et
1026 2053 1113 2134 giros
1134 2053 1166 2117 in
1187 2053 1300 2118 ordine

189 2159 432 2220 creaturarum.
455 2154 568 2222 Celsus
589 2155 763 2232 contendit,
784 2155 951 2220 animabus
975 2154 1084 2220 coelos
1104 2172 1124 2218 e
1144 2160 1230 2219 terra
1245 2172 1300 2237 pe·

191 2254 348 2332 tentibus,
368 2264 427 2323 aut
447 2264 570 2322 terram
583 2277 602 2322 e
614 2256 720 2332 coelo,
741 2258 805 2322 iter
821 2276 891 2322 csse
902 2273 961 2338 per
976 2257 1131 2338 planetas,
1148 2257 1235 2336 quod
1250 2262 1299 2321 est

186 2357 372 2423 animarum
392 2357 564 2424 descensus
584 2367 618 2424 et
636 2377 785 2424 amemus
796 2378 808 2439 3
836 2371 934 2439 quem
960 2358 1089 2438 quidem
1116 2358 1298 2439 opinionem

185 2458 370 2524 conlaturit
389 2459 556 2541 Origenes.
577 2459 622 2526 llt
640 2478 703 2526 our
723 2459 916 2534 confutarit,
937 2477 1013 2523 cum
1034 2466 1067 2524 et
1081 2460 1183 2542 ipsam
1198 2459 1299 2526 admi·

189 2559 273 2624 serit
292 2577 430 2641 eumque
450 2558 691 2642 propugnarit?
711 2557 825 2625 Celsus
843 2561 1020 2623 assentitur
1040 2560 1100 2636 iis,
1127 2559 1183 2642 qui
1206 2579 1298 2625 mun·

187 2658 269 2726 slum
288 2660 469 2728 increatum
489 2669 615 2745 putant.
638 2661 689 2728 Ad
709 2662 787 2745 quisi
808 2679 887 2744 ergo
908 2662 951 2726 oln
965 2662 1028 2727 hoo
1040 2661 1071 2726 ei
1085 2662 1299 2743 exprobravit

188 2758 362 2843 Origenes,
381 2763 439 2844 qul
459 2765 530 2842 (uti
552 2762 593 2828 de
617 2782 658 2829 eo
676 2768 793 2846 putant
816 2763 993 2844 contrarii)
1027 2764 1172 2828 eamdem
1195 2767 1298 2831 tonuit

185 2863 389 2941 muntium,
404 2874 608 2930 coaeternam
622 2883 767 2930 asserens
779 2862 849 2929 Deo
864 2864 1030 2929 materiam
1042 2861 1059 2928 i
1072 2862 1181 2930 Credit
1200 2864 1299 2946 magi·

188 2962 236 3029 sia
247 2963 374 3029 artibus
386 2963 515 3041 Celsus,
530 2966 675 3049 inquiens
702 2965 815 3032 lesum
830 2967 892 3030 lroo
905 2964 1043 3030 artificio
1056 2983 1153 3030 usum
1172 2985 1242 3030 esso
1255 2965 1296 3030 etl

184 3063 391 3130 illudendum
411 3067 568 3148 gentihus.
591 3066 671 3133 ltem
693 3068 848 3147 magicam
873 3076 976 3131 artem
1003 3068 1154 3150 inquinet
1182 3067 1298 3132 adsor-

185 3165 278 3244 sarli,
299 3168 527 3249 comprobasse
546 3166 730 3250 Origeuem.
753 3165 890 3234 Frustra
912 3186 990 3248 ergo
1011 3169 1042 3233 iu
1057 3168 1297 3234 hoolaborarit

185 3273 302 3335 contra
314 3268 446 3337 Celsum
458 3269 626 3352 Origenes.
644 3269 693 3334 Oe
706 3269 799 3346 lesu,
815 3271 921 3351 inquit
934 3269 1068 3337 Gelam:
1086 3291 1103 3332 n
1120 3269 1222 3334 Homo
1235 3269 1298 3354 ipi-

183 3369 313 3436 tarsilla
331 3369 397 3453 suit
409 3416 424 3447 ,
443 3378 471 3434 et
491 3369 569 3435 tulis
588 3370 735 3452 guidem,
757 3373 882 3454 qualem
902 3382 930 3435 et
948 3371 1065 3436 ueritus
1085 3371 1250 3450 declarat,
1268 3381 1297 3437 st
1422 3373 1426 3380 '

183 3472 378 3538 morsm
399 3472 496 3541 rotie.
517 3471 561 3538 Et
579 3473 762 3556 Origenes,
783 3475 829 3540 sio
851 3475 968 3542 solunt
986 3478 1213 3557 appositores,
1235 3475 1299 3542 troc

185 3575 273 3640 idem
293 3576 420 3656 putavit
432 3581 466 3640 et
479 3575 599 3640 docuit.
623 3574 692 3642 Gur
711 3575 811 3657 igitur
829 3576 966 3657 impium
981 3577 1148 3642 roraverit
1165 3575 1296 3643 Celsum

185 3675 356 3758 Origenes,
377 3695 420 3742 ex
440 3695 508 3762 quo
526 3677 644 3751 similia
667 3680 734 3760 ipse
748 3679 976 3760 propugnavit,
991 3677 1190 3745 divinitatem
1205 3677 1297 3747 Chri-

184 3776 228 3842 sti
246 3776 433 3844 inllciatus?
1183 3801 1187 3816 ·

264 4083 381 4152 Celsus
399 4091 496 4168 putat
515 4103 559 4152 ex
579 4085 667 4150 mule
686 4084 850 4152 intellecta
869 4083 1051 4152 animarum
1070 4081 1297 4166 acorporttm

184 4188 220 4252 lu
238 4205 380 4271 corpora
401 4189 604 4270 migratione,
626 4205 665 4252 ea
684 4186 844 4269 proticisci
858 4205 943 4268 quae
955 4203 976 4249 a
989 4183 1170 4252 christianis
1184 4183 1298 4252 licun-

185 4295 243 4354 tur
262 4289 305 4355 de
322 4290 585 4358 resurreetione:
608 4294 643 4358 et
660 4289 704 4355 ol>
724 4291 786 4356 lroc
806 4289 837 4354 ci
851 4288 967 4355 irridet
976 4286 1144 4369 Origenes.
1159 4283 1222 4352 Seal
1236 4303 1297 4352 cur

186 4388 283 4459 Celso
301 4391 440 4460 irrideat
457 4390 614 4477 Origenes
633 4392 761 4473 neseio,
782 4408 859 4456 cum
880 4407 923 4456 cx
942 4386 1209 4454 adversariorum
1229 4384 1298 4467 pla·

184 4493 258 4562 citis
277 4489 390 4562 eadem
404 4491 563 4568 loeeatln
577 4495 645 4568 suis
660 4491 782 4565 libris?
793 4489 952 4564 Similiter
964 4505 1040 4562 eunt
1053 4486 1211 4570 Origenes
1224 4487 1298 4569 plu·
