<?xml version="1.0" encoding="UTF-8"?>
<!DOCTYPE html PUBLIC "-//W3C//DTD XHTML 1.0 Transitional//EN"
    "http://www.w3.org/TR/xhtml1/DTD/xhtml1-transitional.dtd">
<html xmlns="http://www.w3.org/1999/xhtml" xml:lang="en" lang="en">
 <head>
  <title>
</title>
<meta http-equiv="Content-Type" content="text/html;charset=utf-8" />
  <meta name='ocr-system' content='tesseract 3.04.00' />
  <meta name='ocr-capabilities' content='ocr_page ocr_carea ocr_par ocr_line ocrx_word'/>
</head>
<body>
  <div class='ocr_page' id='page_1' title='image "./insgregoriinyss02vincgoog/insgregoriinyss02vincgoog_0855.png"; bbox 0 0 3375 5567; ppageno 0'>
   <div class='ocr_carea' id='block_1_1' title="bbox 616 659 1282 836">
    <p class='ocr_par' dir='ltr' id='par_1_1' title="bbox 616 659 1282 836">
     <span class='ocr_line' id='line_1_1' title="bbox 1221 659 1282 728; baseline 0 0"><span class='ocrx_word' id='word_1_1' title='bbox 1221 659 1282 728; x_wconf 78' lang='lat'>513</span> 
     </span>
     <span class='ocr_line' id='line_1_2' title="bbox 616 764 842 836; baseline -0.031 0"><span class='ocrx_word' id='word_1_2' title='bbox 616 764 756 836; x_wconf 73' lang='lat' dir='ltr'>cotun</span> <span class='ocrx_word' id='word_1_3' title='bbox 776 765 842 832; x_wconf 79' lang='lat' dir='ltr'>XL.</span> 
     </span>
    </p>
   </div>
   <div class='ocr_carea' id='block_1_2' title="bbox 171 946 1286 1258">
    <p class='ocr_par' dir='ltr' id='par_1_2' title="bbox 171 946 1286 1258">
     <span class='ocr_line' id='line_1_3' title="bbox 171 946 1282 1054; baseline 0.002 -22"><span class='ocrx_word' id='word_1_4' title='bbox 171 967 332 1034; x_wconf 77' lang='lat' dir='ltr'>Ecclesiae</span> <span class='ocrx_word' id='word_1_5' title='bbox 350 969 516 1046; x_wconf 74' lang='lat' dir='ltr'>cultatem,</span> <span class='ocrx_word' id='word_1_6' title='bbox 534 975 628 1053; x_wconf 74' lang='lat' dir='ltr'>eujus</span> <span class='ocrx_word' id='word_1_7' title='bbox 647 946 744 1051; x_wconf 82' lang='lat' dir='ltr'>copul</span> <span class='ocrx_word' id='word_1_8' title='bbox 773 969 951 1044; x_wconf 82' lang='lat' dir='ltr'>Christum,</span> <span class='ocrx_word' id='word_1_9' title='bbox 973 972 1098 1054; x_wconf 64' lang='lat' dir='ltr'>essesque</span> <span class='ocrx_word' id='word_1_10' title='bbox 1123 989 1282 1036; x_wconf 79' lang='lat' dir='ltr'>soccesso-</span> 
     </span>
     <span class='ocr_line' id='line_1_4' title="bbox 208 1069 1286 1156; baseline 0.002 -22"><span class='ocrx_word' id='word_1_11' title='bbox 208 1089 275 1136; x_wconf 84' lang='lat' dir='ltr'>rem</span> <span class='ocrx_word' id='word_1_12' title='bbox 296 1071 427 1138; x_wconf 78' lang='lat' dir='ltr'>Petrum</span> <span class='ocrx_word' id='word_1_13' title='bbox 439 1083 468 1137; x_wconf 85' lang='lat' dir='ltr'>et</span> <span class='ocrx_word' id='word_1_14' title='bbox 484 1072 519 1137; x_wconf 79' lang='lat' dir='ltr'>irc</span> <span class='ocrx_word' id='word_1_15' title='bbox 538 1073 635 1156; x_wconf 80' lang='lat' dir='ltr'>hujus</span> <span class='ocrx_word' id='word_1_16' title='bbox 650 1091 784 1154; x_wconf 81' lang='lat' dir='ltr'>persono</span> <span class='ocrx_word' id='word_1_17' title='bbox 799 1069 957 1136; x_wconf 77' lang='lat' dir='ltr'><em>Ecclesiae</em></span> <span class='ocrx_word' id='word_1_18' title='bbox 971 1070 1131 1138; x_wconf 78' lang='lat' dir='ltr'>Romanus</span> <span class='ocrx_word' id='word_1_19' title='bbox 1147 1071 1286 1140; x_wconf 78' lang='lat' dir='ltr'>Antisti·</span> 
     </span>
     <span class='ocr_line' id='line_1_5' title="bbox 208 1171 1109 1258; baseline 0.002 -22"><span class='ocrx_word' id='word_1_20' title='bbox 208 1182 252 1236; x_wconf 81' lang='lat' dir='ltr'>tes</span> <span class='ocrx_word' id='word_1_21' title='bbox 270 1172 308 1238; x_wconf 83' lang='lat' dir='ltr'>itt</span> <span class='ocrx_word' id='word_1_22' title='bbox 329 1173 480 1257; x_wconf 79' lang='lat' dir='ltr'>repletior</span> <span class='ocrx_word' id='word_1_23' title='bbox 499 1175 634 1258; x_wconf 74' lang='lat' dir='ltr'>ejusdcm</span> <span class='ocrx_word' id='word_1_24' title='bbox 653 1173 743 1240; x_wconf 79' lang='lat' dir='ltr'>novit</span> <span class='ocrx_word' id='word_1_25' title='bbox 762 1173 926 1256; x_wconf 73' lang='lat' dir='ltr'><strong><em>docuitque</em></strong></span> <span class='ocrx_word' id='word_1_26' title='bbox 948 1171 1109 1256; x_wconf 77' lang='lat' dir='ltr'>Oriptner.</span> 
     </span>
    </p>
   </div>
   <div class='ocr_carea' id='block_1_3' title="bbox 168 1419 1282 1668">
    <p class='ocr_par' dir='ltr' id='par_1_3' title="bbox 168 1419 1282 1668">
     <span class='ocr_line' id='line_1_6' title="bbox 172 1419 1282 1564; baseline -0.004 -19"><span class='ocrx_word' id='word_1_27' title='bbox 172 1419 281 1546; x_wconf 79' lang='lat' dir='ltr'>siout</span> <span class='ocrx_word' id='word_1_28' title='bbox 302 1481 336 1544; x_wconf 91' lang='lat' dir='ltr'>in</span> <span class='ocrx_word' id='word_1_29' title='bbox 349 1482 479 1560; x_wconf 86' lang='lat' dir='ltr'>ceteris,</span> <span class='ocrx_word' id='word_1_30' title='bbox 491 1499 576 1564; x_wconf 83' lang='lat' dir='ltr'>quoe</span> <span class='ocrx_word' id='word_1_31' title='bbox 591 1485 774 1550; x_wconf 75' lang='lat' dir='ltr'><strong>orthodoxe</strong></span> <span class='ocrx_word' id='word_1_32' title='bbox 787 1485 898 1550; x_wconf 88' lang='lat' dir='ltr'>docuit</span> <span class='ocrx_word' id='word_1_33' title='bbox 912 1482 1082 1562; x_wconf 78' lang='lat' dir='ltr'><strong>Origenes,</strong></span> <span class='ocrx_word' id='word_1_34' title='bbox 1094 1480 1208 1546; x_wconf 86' lang='lat' dir='ltr'>divinis</span> <span class='ocrx_word' id='word_1_35' title='bbox 1226 1479 1282 1545; x_wconf 94' lang='lat' dir='ltr'>oh·</span> 
     </span>
     <span class='ocr_line' id='line_1_7' title="bbox 168 1581 1279 1668; baseline 0.001 -21"><span class='ocrx_word' id='word_1_36' title='bbox 168 1591 300 1648; x_wconf 80' lang='lat' dir='ltr'>occutus</span> <span class='ocrx_word' id='word_1_37' title='bbox 332 1591 381 1648; x_wconf 83' lang='lat' dir='ltr'>est</span> <span class='ocrx_word' id='word_1_38' title='bbox 403 1585 580 1666; x_wconf 87' lang='lat' dir='ltr'>Scripturis</span> <span class='ocrx_word' id='word_1_39' title='bbox 598 1594 633 1650; x_wconf 88' lang='lat' dir='ltr'>et</span> <span class='ocrx_word' id='word_1_40' title='bbox 657 1587 842 1668; x_wconf 74' lang='lat' dir='ltr'>apostolicis</span> <span class='ocrx_word' id='word_1_41' title='bbox 868 1583 1114 1664; x_wconf 77' lang='lat' dir='ltr'>traditionibus3</span> <span class='ocrx_word' id='word_1_42' title='bbox 1135 1581 1279 1648; x_wconf 80' lang='lat' dir='ltr'>stetten</span> 
     </span>
    </p>
   </div>
   <div class='ocr_carea' id='block_1_4' title="bbox 165 1679 1283 4599">
    <p class='ocr_par' dir='ltr' id='par_1_4' title="bbox 165 1679 1283 3286">
     <span class='ocr_line' id='line_1_8' title="bbox 170 1679 1278 1763; baseline 0.002 -19"><span class='ocrx_word' id='word_1_43' title='bbox 170 1683 349 1746; x_wconf 74' lang='lat' dir='ltr'>maximnm</span> <span class='ocrx_word' id='word_1_44' title='bbox 369 1685 503 1748; x_wconf 90' lang='lat' dir='ltr'>intendit</span> <span class='ocrx_word' id='word_1_45' title='bbox 520 1685 664 1750; x_wconf 90' lang='lat' dir='ltr'>studium</span> <span class='ocrx_word' id='word_1_46' title='bbox 684 1705 781 1750; x_wconf 87' lang='lat' dir='ltr'>suum</span> <span class='ocrx_word' id='word_1_47' title='bbox 804 1687 837 1750; x_wconf 92' lang='lat' dir='ltr'>in</span> <span class='ocrx_word' id='word_1_48' title='bbox 858 1685 978 1749; x_wconf 76' lang='lat' dir='ltr'>Christi</span> <span class='ocrx_word' id='word_1_49' title='bbox 1006 1683 1102 1748; x_wconf 85' lang='lat' dir='ltr'>rerhu</span> <span class='ocrx_word' id='word_1_50' title='bbox 1129 1700 1188 1763; x_wconf 92' lang='lat' dir='ltr'>pro</span> <span class='ocrx_word' id='word_1_51' title='bbox 1217 1679 1278 1746; x_wconf 85' lang='lat' dir='ltr'>Ec·</span> 
     </span>
     <span class='ocr_line' id='line_1_9' title="bbox 169 1783 1281 1864; baseline -0.001 -17"><span class='ocrx_word' id='word_1_52' title='bbox 169 1783 285 1848; x_wconf 74' lang='lat' dir='ltr'>electro</span> <span class='ocrx_word' id='word_1_53' title='bbox 303 1801 386 1848; x_wconf 84' lang='lat' dir='ltr'>sune</span> <span class='ocrx_word' id='word_1_54' title='bbox 408 1789 542 1864; x_wconf 78' lang='lat' dir='ltr'>unitate,</span> <span class='ocrx_word' id='word_1_55' title='bbox 558 1795 596 1851; x_wconf 92' lang='lat' dir='ltr'>ut</span> <span class='ocrx_word' id='word_1_56' title='bbox 608 1789 750 1851; x_wconf 88' lang='lat' dir='ltr'>omniurn</span> <span class='ocrx_word' id='word_1_57' title='bbox 766 1786 909 1850; x_wconf 88' lang='lat' dir='ltr'>lldelium</span> <span class='ocrx_word' id='word_1_58' title='bbox 925 1803 988 1850; x_wconf 87' lang='lat' dir='ltr'>una</span> <span class='ocrx_word' id='word_1_59' title='bbox 1004 1793 1086 1850; x_wconf 87' lang='lat' dir='ltr'>esset</span> <span class='ocrx_word' id='word_1_60' title='bbox 1101 1784 1179 1848; x_wconf 85' lang='lat' dir='ltr'>lidos</span> <span class='ocrx_word' id='word_1_61' title='bbox 1194 1801 1281 1848; x_wconf 87' lang='lat' dir='ltr'>men·</span> 
     </span>
     <span class='ocr_line' id='line_1_10' title="bbox 170 1883 1279 1969; baseline -0.002 -21"><span class='ocrx_word' id='word_1_62' title='bbox 170 1884 248 1948; x_wconf 89' lang='lat' dir='ltr'>tium</span> <span class='ocrx_word' id='word_1_63' title='bbox 269 1892 305 1948; x_wconf 90' lang='lat' dir='ltr'>et</span> <span class='ocrx_word' id='word_1_64' title='bbox 318 1887 419 1966; x_wconf 86' lang='lat' dir='ltr'>pietus</span> <span class='ocrx_word' id='word_1_65' title='bbox 432 1889 607 1954; x_wconf 78' lang='lat' dir='ltr'>actionum.</span> <span class='ocrx_word' id='word_1_66' title='bbox 624 1884 668 1953; x_wconf 80' lang='lat' dir='ltr'>Et</span> <span class='ocrx_word' id='word_1_67' title='bbox 683 1891 731 1952; x_wconf 88' lang='lat' dir='ltr'>nti</span> <span class='ocrx_word' id='word_1_68' title='bbox 743 1890 789 1953; x_wconf 88' lang='lat' dir='ltr'>uit</span> <span class='ocrx_word' id='word_1_69' title='bbox 802 1887 990 1969; x_wconf 76' lang='lat' dir='ltr'>Apostolus,</span> <span class='ocrx_word' id='word_1_70' title='bbox 1008 1904 1092 1950; x_wconf 82' lang='lat' dir='ltr'>ottus</span> <span class='ocrx_word' id='word_1_71' title='bbox 1113 1883 1279 1963; x_wconf 74' lang='lat' dir='ltr'>hominus,</span> 
     </span>
     <span class='ocr_line' id='line_1_11' title="bbox 166 1985 1279 2070; baseline 0.004 -22"><span class='ocrx_word' id='word_1_72' title='bbox 166 2002 232 2048; x_wconf 79' lang='lat' dir='ltr'>eno</span> <span class='ocrx_word' id='word_1_73' title='bbox 250 1987 343 2066; x_wconf 74' lang='lat' dir='ltr'>fider,</span> <span class='ocrx_word' id='word_1_74' title='bbox 364 2007 464 2054; x_wconf 78' lang='lat' dir='ltr'>ouum</span> <span class='ocrx_word' id='word_1_75' title='bbox 481 1990 657 2070; x_wconf 80' lang='lat' dir='ltr'>baptismo:</span> <span class='ocrx_word' id='word_1_76' title='bbox 679 2000 712 2056; x_wconf 90' lang='lat' dir='ltr'>et</span> <span class='ocrx_word' id='word_1_77' title='bbox 732 1992 775 2054; x_wconf 85' lang='lat' dir='ltr'>itu</span> <span class='ocrx_word' id='word_1_78' title='bbox 798 1989 1009 2063; x_wconf 72' lang='lat' dir='ltr'>inuideret,</span> <span class='ocrx_word' id='word_1_79' title='bbox 1026 1985 1279 2068; x_wconf 83' lang='lat' dir='ltr'>proquolesus</span> 
     </span>
     <span class='ocr_line' id='line_1_12' title="bbox 168 2085 1282 2170; baseline 0.003 -21"><span class='ocrx_word' id='word_1_80' title='bbox 168 2087 303 2166; x_wconf 77' lang='lat' dir='ltr'>roguhot</span> <span class='ocrx_word' id='word_1_81' title='bbox 322 2089 452 2154; x_wconf 86' lang='lat' dir='ltr'>Putrem</span> <span class='ocrx_word' id='word_1_82' title='bbox 472 2111 589 2156; x_wconf 79' lang='lat' dir='ltr'>suume</span> <span class='ocrx_word' id='word_1_83' title='bbox 611 2089 708 2156; x_wconf 58' lang='lat' dir='ltr'>Meu</span> <span class='ocrx_word' id='word_1_84' title='bbox 726 2111 778 2156; x_wconf 83' lang='lat' dir='ltr'>eor</span> <span class='ocrx_word' id='word_1_85' title='bbox 796 2090 831 2156; x_wconf 83' lang='lat' dir='ltr'>ic</span> <span class='ocrx_word' id='word_1_86' title='bbox 851 2089 975 2154; x_wconf 81' lang='lat' dir='ltr'>nomine</span> <span class='ocrx_word' id='word_1_87' title='bbox 989 2100 1057 2164; x_wconf 83' lang='lat' dir='ltr'>tuo,</span> <span class='ocrx_word' id='word_1_88' title='bbox 1069 2107 1147 2170; x_wconf 80' lang='lat' dir='ltr'>quos</span> <span class='ocrx_word' id='word_1_89' title='bbox 1164 2085 1282 2152; x_wconf 83' lang='lat' dir='ltr'>dedisti</span> 
     </span>
     <span class='ocr_line' id='line_1_13' title="bbox 165 2188 1282 2268; baseline 0.004 -16"><span class='ocrx_word' id='word_1_90' title='bbox 165 2188 255 2264; x_wconf 79' lang='lat' dir='ltr'>mihi,</span> <span class='ocrx_word' id='word_1_91' title='bbox 275 2200 313 2254; x_wconf 82' lang='lat' dir='ltr'>ut</span> <span class='ocrx_word' id='word_1_92' title='bbox 332 2188 400 2255; x_wconf 80' lang='lat' dir='ltr'>siut</span> <span class='ocrx_word' id='word_1_93' title='bbox 418 2211 532 2268; x_wconf 76' lang='lat' dir='ltr'>ouum,</span> <span class='ocrx_word' id='word_1_94' title='bbox 552 2193 636 2259; x_wconf 79' lang='lat' dir='ltr'>sicut</span> <span class='ocrx_word' id='word_1_95' title='bbox 654 2205 685 2258; x_wconf 84' lang='lat' dir='ltr'>ct</span> <span class='ocrx_word' id='word_1_96' title='bbox 703 2213 772 2257; x_wconf 81' lang='lat' dir='ltr'>uos.</span> <span class='ocrx_word' id='word_1_97' title='bbox 796 2193 838 2258; x_wconf 85' lang='lat' dir='ltr'>Et</span> <span class='ocrx_word' id='word_1_98' title='bbox 858 2195 900 2256; x_wconf 91' lang='lat' dir='ltr'>oh</span> <span class='ocrx_word' id='word_1_99' title='bbox 929 2194 1012 2256; x_wconf 90' lang='lat' dir='ltr'>hunc</span> <span class='ocrx_word' id='word_1_100' title='bbox 1031 2193 1189 2255; x_wconf 81' lang='lat' dir='ltr'>unitatem</span> <span class='ocrx_word' id='word_1_101' title='bbox 1213 2208 1282 2256; x_wconf 86' lang='lat' dir='ltr'>suc·</span> 
     </span>
     <span class='ocr_line' id='line_1_14' title="bbox 168 2291 1280 2379; baseline 0.004 -27"><span class='ocrx_word' id='word_1_102' title='bbox 168 2291 237 2369; x_wconf 88' lang='lat' dir='ltr'>pius</span> <span class='ocrx_word' id='word_1_103' title='bbox 257 2292 291 2356; x_wconf 90' lang='lat' dir='ltr'>in</span> <span class='ocrx_word' id='word_1_104' title='bbox 312 2292 481 2358; x_wconf 81' lang='lat' dir='ltr'>Porcholis</span> <span class='ocrx_word' id='word_1_105' title='bbox 500 2297 692 2376; x_wconf 74' lang='lat' dir='ltr'>evangelicis</span> <span class='ocrx_word' id='word_1_106' title='bbox 714 2294 858 2358; x_wconf 78' lang='lat' dir='ltr'><strong>Ecclesia</strong></span> <span class='ocrx_word' id='word_1_107' title='bbox 879 2293 1055 2379; x_wconf 76' lang='lat' dir='ltr'><strong>symbolice</strong></span> <span class='ocrx_word' id='word_1_108' title='bbox 1079 2294 1280 2373; x_wconf 84' lang='lat' dir='ltr'>exprimitur</span> 
     </span>
     <span class='ocr_line' id='line_1_15' title="bbox 165 2391 1279 2476; baseline 0.006 -24"><span class='ocrx_word' id='word_1_109' title='bbox 165 2391 225 2454; x_wconf 81' lang='lat' dir='ltr'>suh</span> <span class='ocrx_word' id='word_1_110' title='bbox 243 2394 464 2473; x_wconf 73' lang='lat' dir='ltr'>singularibus</span> <span class='ocrx_word' id='word_1_111' title='bbox 487 2398 601 2472; x_wconf 87' lang='lat' dir='ltr'>titulis,</span> <span class='ocrx_word' id='word_1_112' title='bbox 621 2406 680 2461; x_wconf 87' lang='lat' dir='ltr'>cut</span> <span class='ocrx_word' id='word_1_113' title='bbox 696 2400 779 2476; x_wconf 81' lang='lat' dir='ltr'>egri,</span> <span class='ocrx_word' id='word_1_114' title='bbox 794 2403 853 2460; x_wconf 87' lang='lat' dir='ltr'>unt</span> <span class='ocrx_word' id='word_1_115' title='bbox 871 2395 969 2470; x_wconf 84' lang='lat' dir='ltr'>domi,</span> <span class='ocrx_word' id='word_1_116' title='bbox 984 2395 1052 2458; x_wconf 79' lang='lat' dir='ltr'>sire</span> <span class='ocrx_word' id='word_1_117' title='bbox 1067 2395 1195 2471; x_wconf 87' lang='lat' dir='ltr'>montis,</span> <span class='ocrx_word' id='word_1_118' title='bbox 1210 2395 1279 2460; x_wconf 85' lang='lat' dir='ltr'>sire</span> 
     </span>
     <span class='ocr_line' id='line_1_16' title="bbox 166 2497 1281 2579; baseline 0.005 -23"><span class='ocrx_word' id='word_1_119' title='bbox 166 2507 273 2571; x_wconf 81' lang='lat' dir='ltr'>atoue,</span> <span class='ocrx_word' id='word_1_120' title='bbox 294 2505 356 2560; x_wconf 88' lang='lat' dir='ltr'>unt</span> <span class='ocrx_word' id='word_1_121' title='bbox 374 2498 520 2578; x_wconf 82' lang='lat' dir='ltr'>ejusdem</span> <span class='ocrx_word' id='word_1_122' title='bbox 541 2500 665 2579; x_wconf 79' lang='lat' dir='ltr'>generis</span> <span class='ocrx_word' id='word_1_123' title='bbox 687 2499 769 2562; x_wconf 84' lang='lat' dir='ltr'>ullis.</span> <span class='ocrx_word' id='word_1_124' title='bbox 786 2497 877 2576; x_wconf 83' lang='lat' dir='ltr'>Ques</span> <span class='ocrx_word' id='word_1_125' title='bbox 893 2497 1005 2561; x_wconf 86' lang='lat' dir='ltr'>titulos</span> <span class='ocrx_word' id='word_1_126' title='bbox 1020 2497 1170 2577; x_wconf 82' lang='lat' dir='ltr'>religioso</span> <span class='ocrx_word' id='word_1_127' title='bbox 1187 2515 1281 2562; x_wconf 83' lang='lat' dir='ltr'>reue·</span> 
     </span>
     <span class='ocr_line' id='line_1_17' title="bbox 168 2593 1281 2681; baseline 0.004 -23"><span class='ocrx_word' id='word_1_128' title='bbox 168 2600 257 2660; x_wconf 81' lang='lat' dir='ltr'>culus</span> <span class='ocrx_word' id='word_1_129' title='bbox 270 2593 440 2677; x_wconf 74' lang='lat' dir='ltr'><strong>Origenes,</strong></span> <span class='ocrx_word' id='word_1_130' title='bbox 458 2601 675 2681; x_wconf 77' lang='lat' dir='ltr'>undequaque</span> <span class='ocrx_word' id='word_1_131' title='bbox 688 2602 754 2664; x_wconf 84' lang='lat' dir='ltr'>suis</span> <span class='ocrx_word' id='word_1_132' title='bbox 770 2601 929 2680; x_wconf 72' lang='lat' dir='ltr'>inscripsit</span> <span class='ocrx_word' id='word_1_133' title='bbox 945 2599 1049 2673; x_wconf 85' lang='lat' dir='ltr'>libris,</span> <span class='ocrx_word' id='word_1_134' title='bbox 1063 2616 1105 2660; x_wconf 84' lang='lat' dir='ltr'>ex</span> <span class='ocrx_word' id='word_1_135' title='bbox 1116 2598 1180 2661; x_wconf 88' lang='lat' dir='ltr'>illis</span> <span class='ocrx_word' id='word_1_136' title='bbox 1194 2615 1281 2662; x_wconf 89' lang='lat' dir='ltr'>ccm-</span> 
     </span>
     <span class='ocr_line' id='line_1_18' title="bbox 169 2695 1280 2779; baseline 0.005 -23"><span class='ocrx_word' id='word_1_137' title='bbox 169 2695 368 2773; x_wconf 77' lang='lat' dir='ltr'>prehendens</span> <span class='ocrx_word' id='word_1_138' title='bbox 388 2716 427 2763; x_wconf 85' lang='lat' dir='ltr'>oe</span> <span class='ocrx_word' id='word_1_139' title='bbox 444 2708 588 2764; x_wconf 80' lang='lat' dir='ltr'>statuens</span> <span class='ocrx_word' id='word_1_140' title='bbox 607 2719 704 2764; x_wconf 81' lang='lat' dir='ltr'>uuum</span> <span class='ocrx_word' id='word_1_141' title='bbox 717 2699 835 2766; x_wconf 78' lang='lat' dir='ltr'>Christi</span> <span class='ocrx_word' id='word_1_142' title='bbox 855 2699 1054 2778; x_wconf 76' lang='lat' dir='ltr'>Ecclesiam3</span> <span class='ocrx_word' id='word_1_143' title='bbox 1071 2708 1164 2762; x_wconf 81' lang='lat' dir='ltr'>extro</span> <span class='ocrx_word' id='word_1_144' title='bbox 1181 2716 1280 2779; x_wconf 86' lang='lat' dir='ltr'>quoru</span> 
     </span>
     <span class='ocr_line' id='line_1_19' title="bbox 167 2795 1283 2882; baseline 0.004 -24"><span class='ocrx_word' id='word_1_145' title='bbox 167 2795 311 2877; x_wconf 83' lang='lat' dir='ltr'>quisquis</span> <span class='ocrx_word' id='word_1_146' title='bbox 327 2799 401 2862; x_wconf 77' lang='lat' dir='ltr'>sice</span> <span class='ocrx_word' id='word_1_147' title='bbox 423 2819 552 2864; x_wconf 84' lang='lat' dir='ltr'>mouens</span> <span class='ocrx_word' id='word_1_148' title='bbox 571 2803 638 2864; x_wconf 87' lang='lat' dir='ltr'>sire</span> <span class='ocrx_word' id='word_1_149' title='bbox 659 2819 830 2882; x_wconf 78' lang='lat' dir='ltr'>egressus,</span> <span class='ocrx_word' id='word_1_150' title='bbox 856 2819 949 2862; x_wconf 89' lang='lat' dir='ltr'>nomo</span> <span class='ocrx_word' id='word_1_151' title='bbox 969 2800 1079 2862; x_wconf 82' lang='lat' dir='ltr'>solvus</span> <span class='ocrx_word' id='word_1_152' title='bbox 1105 2801 1177 2862; x_wconf 88' lang='lat' dir='ltr'>erit.</span> <span class='ocrx_word' id='word_1_153' title='bbox 1211 2797 1283 2862; x_wconf 87' lang='lat' dir='ltr'>Hoc</span> 
     </span>
     <span class='ocr_line' id='line_1_20' title="bbox 168 2900 1280 2980; baseline 0.004 -23"><span class='ocrx_word' id='word_1_154' title='bbox 168 2905 273 2962; x_wconf 79' lang='lat' dir='ltr'>cutem</span> <span class='ocrx_word' id='word_1_155' title='bbox 295 2916 373 2979; x_wconf 72' lang='lat' dir='ltr'>ergo</span> <span class='ocrx_word' id='word_1_156' title='bbox 395 2902 476 2964; x_wconf 88' lang='lat' dir='ltr'>huuc</span> <span class='ocrx_word' id='word_1_157' title='bbox 496 2901 644 2980; x_wconf 75' lang='lat' dir='ltr'>Origenis</span> <span class='ocrx_word' id='word_1_158' title='bbox 666 2902 843 2964; x_wconf 82' lang='lat' dir='ltr'>doctrinam</span> <span class='ocrx_word' id='word_1_159' title='bbox 859 2921 898 2963; x_wconf 92' lang='lat' dir='ltr'>eo</span> <span class='ocrx_word' id='word_1_160' title='bbox 917 2901 1079 2962; x_wconf 86' lang='lat' dir='ltr'>lubentius</span> <span class='ocrx_word' id='word_1_161' title='bbox 1094 2900 1280 2980; x_wconf 81' lang='lat' dir='ltr'>suscipiam,</span> 
     </span>
     <span class='ocr_line' id='line_1_21' title="bbox 167 2999 1280 3082; baseline 0.002 -20"><span class='ocrx_word' id='word_1_162' title='bbox 167 3014 231 3076; x_wconf 89' lang='lat' dir='ltr'>quo</span> <span class='ocrx_word' id='word_1_163' title='bbox 251 3003 557 3080; x_wconf 67' lang='lat' dir='ltr'>maginontense,</span> <span class='ocrx_word' id='word_1_164' title='bbox 573 3021 718 3082; x_wconf 89' lang='lat' dir='ltr'>quorum</span> <span class='ocrx_word' id='word_1_165' title='bbox 734 3003 881 3082; x_wconf 87' lang='lat' dir='ltr'>princeps</span> <span class='ocrx_word' id='word_1_166' title='bbox 896 2999 1105 3078; x_wconf 88' lang='lat' dir='ltr'>Theophilus,</span> <span class='ocrx_word' id='word_1_167' title='bbox 1129 3001 1170 3061; x_wconf 86' lang='lat' dir='ltr'>oh</span> <span class='ocrx_word' id='word_1_168' title='bbox 1186 3016 1280 3080; x_wconf 86' lang='lat' dir='ltr'>prue-</span> 
     </span>
     <span class='ocr_line' id='line_1_22' title="bbox 167 3099 1282 3184; baseline 0.006 -25"><span class='ocrx_word' id='word_1_169' title='bbox 167 3111 311 3182; x_wconf 86' lang='lat' dir='ltr'>sumptos</span> <span class='ocrx_word' id='word_1_170' title='bbox 332 3120 463 3166; x_wconf 89' lang='lat' dir='ltr'>errores</span> <span class='ocrx_word' id='word_1_171' title='bbox 484 3104 587 3183; x_wconf 89' lang='lat' dir='ltr'>ipsum</span> <span class='ocrx_word' id='word_1_172' title='bbox 609 3104 772 3181; x_wconf 88' lang='lat' dir='ltr'>culporint</span> <span class='ocrx_word' id='word_1_173' title='bbox 792 3104 884 3184; x_wconf 83' lang='lat' dir='ltr'>quusi</span> <span class='ocrx_word' id='word_1_174' title='bbox 909 3101 1085 3165; x_wconf 83' lang='lat' dir='ltr'>Ecclesiam</span> <span class='ocrx_word' id='word_1_175' title='bbox 1107 3099 1167 3164; x_wconf 83' lang='lat' dir='ltr'>Dei</span> <span class='ocrx_word' id='word_1_176' title='bbox 1195 3101 1282 3166; x_wconf 86' lang='lat' dir='ltr'>luee-</span> 
     </span>
     <span class='ocr_line' id='line_1_23' title="bbox 170 3191 1005 3286; baseline 0.008 -26"><span class='ocrx_word' id='word_1_177' title='bbox 170 3210 281 3278; x_wconf 80' lang='lat' dir='ltr'>rasset,</span> <span class='ocrx_word' id='word_1_178' title='bbox 303 3204 545 3268; x_wconf 74' lang='lat' dir='ltr'>hoereticorum</span> <span class='ocrx_word' id='word_1_179' title='bbox 568 3205 714 3285; x_wconf 83' lang='lat' dir='ltr'>pertibus</span> <span class='ocrx_word' id='word_1_180' title='bbox 735 3205 914 3286; x_wconf 75' lang='lat' dir='ltr'>indulgens.</span> <span class='ocrx_word' id='word_1_181' title='bbox 1003 3191 1005 3198; x_wconf 44' lang='lat'><strong>⁴</strong></span> 
     </span>
    </p>

    <p class='ocr_par' dir='ltr' id='par_1_5' title="bbox 166 3300 1282 4599">
     <span class='ocr_line' id='line_1_24' title="bbox 245 3300 1282 3387; baseline 0.003 -22"><span class='ocrx_word' id='word_1_182' title='bbox 245 3300 296 3366; x_wconf 74' lang='lat' dir='ltr'>hc</span> <span class='ocrx_word' id='word_1_183' title='bbox 324 3305 464 3380; x_wconf 86' lang='lat' dir='ltr'>interim,</span> <span class='ocrx_word' id='word_1_184' title='bbox 490 3315 527 3368; x_wconf 90' lang='lat' dir='ltr'>ut</span> <span class='ocrx_word' id='word_1_185' title='bbox 550 3306 591 3368; x_wconf 87' lang='lat' dir='ltr'>de</span> <span class='ocrx_word' id='word_1_186' title='bbox 611 3307 761 3387; x_wconf 85' lang='lat' dir='ltr'>pluribus</span> <span class='ocrx_word' id='word_1_187' title='bbox 787 3303 933 3386; x_wconf 83' lang='lat' dir='ltr'>ejusdem</span> <span class='ocrx_word' id='word_1_188' title='bbox 956 3303 1068 3366; x_wconf 84' lang='lat' dir='ltr'>oileum</span> <span class='ocrx_word' id='word_1_189' title='bbox 1095 3305 1282 3369; x_wconf 86' lang='lat' dir='ltr'>testimoniis</span> 
     </span>
     <span class='ocr_line' id='line_1_25' title="bbox 168 3402 1279 3486; baseline 0.005 -25"><span class='ocrx_word' id='word_1_190' title='bbox 168 3413 359 3481; x_wconf 75' lang='lat' dir='ltr'>argumento</span> <span class='ocrx_word' id='word_1_191' title='bbox 379 3407 473 3485; x_wconf 80' lang='lat' dir='ltr'>aptis,</span> <span class='ocrx_word' id='word_1_192' title='bbox 496 3407 558 3471; x_wconf 94' lang='lat' dir='ltr'>hoc</span> <span class='ocrx_word' id='word_1_193' title='bbox 580 3406 740 3483; x_wconf 86' lang='lat' dir='ltr'>sufficiet,</span> <span class='ocrx_word' id='word_1_194' title='bbox 765 3405 853 3486; x_wconf 87' lang='lat' dir='ltr'>quod</span> <span class='ocrx_word' id='word_1_195' title='bbox 878 3407 1031 3486; x_wconf 82' lang='lat' dir='ltr'>exposuit</span> <span class='ocrx_word' id='word_1_196' title='bbox 1055 3402 1195 3467; x_wconf 80' lang='lat' dir='ltr'>Humilia</span> <span class='ocrx_word' id='word_1_197' title='bbox 1223 3405 1279 3471; x_wconf 93' lang='lat' dir='ltr'>lll.</span> 
     </span>
     <span class='ocr_line' id='line_1_26' title="bbox 168 3500 1281 3588; baseline 0.008 -26"><span class='ocrx_word' id='word_1_198' title='bbox 168 3516 198 3562; x_wconf 87' lang='lat' dir='ltr'>n.</span> <span class='ocrx_word' id='word_1_199' title='bbox 210 3500 242 3568; x_wconf 86' lang='lat'>5.</span> <span class='ocrx_word' id='word_1_200' title='bbox 263 3507 297 3569; x_wconf 91' lang='lat' dir='ltr'>in</span> <span class='ocrx_word' id='word_1_201' title='bbox 316 3504 444 3568; x_wconf 84' lang='lat' dir='ltr'>Lihrum</span> <span class='ocrx_word' id='word_1_202' title='bbox 463 3505 537 3571; x_wconf 75' lang='lat' dir='ltr'>lesu</span> <span class='ocrx_word' id='word_1_203' title='bbox 557 3507 644 3574; x_wconf 82' lang='lat' dir='ltr'>Nove</span> <span class='ocrx_word' id='word_1_204' title='bbox 664 3528 706 3572; x_wconf 81' lang='lat' dir='ltr'>ex</span> <span class='ocrx_word' id='word_1_205' title='bbox 726 3525 873 3572; x_wconf 89' lang='lat' dir='ltr'>sermone</span> <span class='ocrx_word' id='word_1_206' title='bbox 895 3507 1094 3570; x_wconf 85' lang='lat' dir='ltr'>meretricis:</span> <span class='ocrx_word' id='word_1_207' title='bbox 1116 3506 1180 3569; x_wconf 87' lang='lat' dir='ltr'>scio</span> <span class='ocrx_word' id='word_1_208' title='bbox 1202 3508 1281 3588; x_wconf 79' lang='lat' dir='ltr'>quic</span> 
     </span>
     <span class='ocr_line' id='line_1_27' title="bbox 168 3599 1281 3674; baseline 0.009 -10"><span class='ocrx_word' id='word_1_209' title='bbox 168 3599 320 3669; x_wconf 78' lang='lat' dir='ltr'>Dominus</span> <span class='ocrx_word' id='word_1_210' title='bbox 341 3605 423 3668; x_wconf 70' lang='lat' dir='ltr'>usus</span> <span class='ocrx_word' id='word_1_211' title='bbox 443 3616 540 3671; x_wconf 81' lang='lat' dir='ltr'>uester</span> <span class='ocrx_word' id='word_1_212' title='bbox 558 3608 694 3672; x_wconf 78' lang='lat' dir='ltr'>tradidit</span> <span class='ocrx_word' id='word_1_213' title='bbox 708 3606 793 3670; x_wconf 83' lang='lat' dir='ltr'>nohis</span> <span class='ocrx_word' id='word_1_214' title='bbox 810 3619 926 3670; x_wconf 85' lang='lat' dir='ltr'>terrem</span> <span class='ocrx_word' id='word_1_215' title='bbox 947 3606 1048 3669; x_wconf 85' lang='lat' dir='ltr'>ltonc:</span> <span class='ocrx_word' id='word_1_216' title='bbox 1066 3629 1082 3668; x_wconf 83' lang='lat' dir='ltr'>o</span> <span class='ocrx_word' id='word_1_217' title='bbox 1097 3607 1156 3672; x_wconf 88' lang='lat' dir='ltr'>Sed</span> <span class='ocrx_word' id='word_1_218' title='bbox 1176 3611 1281 3674; x_wconf 83' lang='lat' dir='ltr'>videu-</span> 
     </span>
     <span class='ocr_line' id='line_1_28' title="bbox 168 3706 1276 3791; baseline 0.007 -27"><span class='ocrx_word' id='word_1_219' title='bbox 168 3719 239 3767; x_wconf 83' lang='lat' dir='ltr'>mus</span> <span class='ocrx_word' id='word_1_220' title='bbox 257 3706 337 3786; x_wconf 87' lang='lat' dir='ltr'>quid</span> <span class='ocrx_word' id='word_1_221' title='bbox 367 3710 434 3788; x_wconf 74' lang='lat' dir='ltr'>egit</span> <span class='ocrx_word' id='word_1_222' title='bbox 461 3729 536 3773; x_wconf 87' lang='lat' dir='ltr'>cnm</span> <span class='ocrx_word' id='word_1_223' title='bbox 566 3711 830 3791; x_wconf 81' lang='lat' dir='ltr'>exploratoribus</span> <span class='ocrx_word' id='word_1_224' title='bbox 867 3709 927 3772; x_wconf 86' lang='lat' dir='ltr'>isto</span> <span class='ocrx_word' id='word_1_225' title='bbox 954 3709 1078 3790; x_wconf 82' lang='lat' dir='ltr'>sapiens</span> <span class='ocrx_word' id='word_1_226' title='bbox 1110 3711 1276 3775; x_wconf 81' lang='lat' dir='ltr'>meretrix.</span> 
     </span>
     <span class='ocr_line' id='line_1_29' title="bbox 169 3802 1278 3896; baseline 0.009 -30"><span class='ocrx_word' id='word_1_227' title='bbox 169 3802 343 3872; x_wconf 83' lang='lat' dir='ltr'>Consilium</span> <span class='ocrx_word' id='word_1_228' title='bbox 364 3811 410 3872; x_wconf 84' lang='lat' dir='ltr'>eis</span> <span class='ocrx_word' id='word_1_229' title='bbox 430 3810 485 3872; x_wconf 86' lang='lat' dir='ltr'>dut</span> <span class='ocrx_word' id='word_1_230' title='bbox 506 3813 675 3896; x_wconf 77' lang='lat' dir='ltr'>mysticum</span> <span class='ocrx_word' id='word_1_231' title='bbox 697 3822 729 3875; x_wconf 91' lang='lat' dir='ltr'>et</span> <span class='ocrx_word' id='word_1_232' title='bbox 753 3811 904 3884; x_wconf 89' lang='lat' dir='ltr'>coeleste,</span> <span class='ocrx_word' id='word_1_233' title='bbox 928 3811 1004 3871; x_wconf 88' lang='lat' dir='ltr'>nihil</span> <span class='ocrx_word' id='word_1_234' title='bbox 1028 3810 1147 3874; x_wconf 86' lang='lat' dir='ltr'>hahens</span> <span class='ocrx_word' id='word_1_235' title='bbox 1178 3820 1278 3876; x_wconf 86' lang='lat' dir='ltr'>terre·</span> 
     </span>
     <span class='ocr_line' id='line_1_30' title="bbox 166 3910 1279 3994; baseline 0.01 -30"><span class='ocrx_word' id='word_1_236' title='bbox 166 3919 309 3971; x_wconf 88' lang='lat' dir='ltr'>num...</span> <span class='ocrx_word' id='word_1_237' title='bbox 332 3910 431 3972; x_wconf 79' lang='lat' dir='ltr'>Aliud</span> <span class='ocrx_word' id='word_1_238' title='bbox 453 3911 581 3976; x_wconf 89' lang='lat' dir='ltr'>nullum</span> <span class='ocrx_word' id='word_1_239' title='bbox 603 3912 666 3976; x_wconf 86' lang='lat' dir='ltr'>init</span> <span class='ocrx_word' id='word_1_240' title='bbox 684 3915 823 3994; x_wconf 75' lang='lat' dir='ltr'>siguum,</span> <span class='ocrx_word' id='word_1_241' title='bbox 840 3912 928 3992; x_wconf 84' lang='lat' dir='ltr'>quod</span> <span class='ocrx_word' id='word_1_242' title='bbox 944 3911 1117 3988; x_wconf 86' lang='lat' dir='ltr'>occiperet,</span> <span class='ocrx_word' id='word_1_243' title='bbox 1134 3912 1192 3974; x_wconf 87' lang='lat' dir='ltr'>nisi</span> <span class='ocrx_word' id='word_1_244' title='bbox 1209 3929 1279 3975; x_wconf 88' lang='lat' dir='ltr'>coc·</span> 
     </span>
     <span class='ocr_line' id='line_1_31' title="bbox 169 4004 1276 4096; baseline 0.007 -30"><span class='ocrx_word' id='word_1_245' title='bbox 169 4004 307 4087; x_wconf 89' lang='lat' dir='ltr'>cineum,</span> <span class='ocrx_word' id='word_1_246' title='bbox 328 4012 415 4090; x_wconf 84' lang='lat' dir='ltr'>quod</span> <span class='ocrx_word' id='word_1_247' title='bbox 435 4015 598 4093; x_wconf 77' lang='lat' dir='ltr'>sanguinis</span> <span class='ocrx_word' id='word_1_248' title='bbox 619 4014 756 4078; x_wconf 86' lang='lat' dir='ltr'>iormum</span> <span class='ocrx_word' id='word_1_249' title='bbox 778 4015 919 4094; x_wconf 76' lang='lat' dir='ltr'>gerebat.</span> <span class='ocrx_word' id='word_1_250' title='bbox 942 4012 1070 4077; x_wconf 80' lang='lat' dir='ltr'>Sciebat</span> <span class='ocrx_word' id='word_1_251' title='bbox 1097 4013 1181 4096; x_wconf 82' lang='lat' dir='ltr'>enim</span> <span class='ocrx_word' id='word_1_252' title='bbox 1201 4013 1276 4092; x_wconf 83' lang='lat' dir='ltr'>quie</span> 
     </span>
     <span class='ocr_line' id='line_1_32' title="bbox 168 4107 1278 4195; baseline 0.009 -29"><span class='ocrx_word' id='word_1_253' title='bbox 168 4107 255 4183; x_wconf 57' lang='lat' dir='ltr'>nulli,</span> <span class='ocrx_word' id='word_1_254' title='bbox 271 4120 354 4173; x_wconf 86' lang='lat' dir='ltr'>esset</span> <span class='ocrx_word' id='word_1_255' title='bbox 372 4113 484 4188; x_wconf 84' lang='lat' dir='ltr'>solus,</span> <span class='ocrx_word' id='word_1_256' title='bbox 506 4116 564 4177; x_wconf 87' lang='lat' dir='ltr'>uisi</span> <span class='ocrx_word' id='word_1_257' title='bbox 586 4115 791 4195; x_wconf 78' lang='lat' dir='ltr'>insanguine</span> <span class='ocrx_word' id='word_1_258' title='bbox 812 4114 941 4177; x_wconf 85' lang='lat' dir='ltr'>Christi.</span> <span class='ocrx_word' id='word_1_259' title='bbox 966 4111 1070 4175; x_wconf 83' lang='lat' dir='ltr'>Detur</span> <span class='ocrx_word' id='word_1_260' title='bbox 1091 4114 1187 4175; x_wconf 86' lang='lat' dir='ltr'>etium</span> <span class='ocrx_word' id='word_1_261' title='bbox 1217 4111 1278 4176; x_wconf 89' lang='lat' dir='ltr'>hoc</span> 
     </span>
     <span class='ocr_line' id='line_1_33' title="bbox 167 4199 1275 4297; baseline 0.005 -29"><span class='ocrx_word' id='word_1_262' title='bbox 167 4209 349 4274; x_wconf 79' lang='lat' dir='ltr'>mundatum</span> <span class='ocrx_word' id='word_1_263' title='bbox 371 4199 459 4292; x_wconf 82' lang='lat' dir='ltr'>huic,</span> <span class='ocrx_word' id='word_1_264' title='bbox 476 4235 560 4296; x_wconf 84' lang='lat' dir='ltr'>quoe</span> <span class='ocrx_word' id='word_1_265' title='bbox 574 4215 736 4297; x_wconf 86' lang='lat' dir='ltr'>qnondam</span> <span class='ocrx_word' id='word_1_266' title='bbox 752 4214 907 4278; x_wconf 85' lang='lat' dir='ltr'>meretrix</span> <span class='ocrx_word' id='word_1_267' title='bbox 926 4213 1007 4277; x_wconf 83' lang='lat' dir='ltr'>tuit:</span> <span class='ocrx_word' id='word_1_268' title='bbox 1024 4231 1140 4287; x_wconf 78' lang='lat' dir='ltr'>ornnes,</span> <span class='ocrx_word' id='word_1_269' title='bbox 1161 4213 1275 4292; x_wconf 85' lang='lat' dir='ltr'>inquit,</span> 
     </span>
     <span class='ocr_line' id='line_1_34' title="bbox 167 4305 1277 4394; baseline 0.007 -28"><span class='ocrx_word' id='word_1_270' title='bbox 167 4305 221 4384; x_wconf 82' lang='lat' dir='ltr'>poi</span> <span class='ocrx_word' id='word_1_271' title='bbox 239 4306 361 4376; x_wconf 79' lang='lat' dir='ltr'>inuenti</span> <span class='ocrx_word' id='word_1_272' title='bbox 378 4313 499 4394; x_wconf 73' lang='lat' dir='ltr'>suerint</span> <span class='ocrx_word' id='word_1_273' title='bbox 520 4315 557 4379; x_wconf 80' lang='lat' dir='ltr'>irc</span> <span class='ocrx_word' id='word_1_274' title='bbox 575 4319 665 4378; x_wconf 87' lang='lat' dir='ltr'>domo</span> <span class='ocrx_word' id='word_1_275' title='bbox 677 4326 746 4392; x_wconf 86' lang='lat' dir='ltr'>tuo,</span> <span class='ocrx_word' id='word_1_276' title='bbox 761 4315 978 4378; x_wconf 83' lang='lat' dir='ltr'>scloohuotrtr.</span> <span class='ocrx_word' id='word_1_277' title='bbox 1002 4309 1067 4388; x_wconf 76' lang='lat' dir='ltr'>oei</span> <span class='ocrx_word' id='word_1_278' title='bbox 1079 4322 1181 4376; x_wconf 81' lang='lat' dir='ltr'>orclem</span> <span class='ocrx_word' id='word_1_279' title='bbox 1196 4313 1277 4374; x_wconf 82' lang='lat' dir='ltr'>euic-</span> 
     </span>
     <span class='ocr_line' id='line_1_35' title="bbox 168 4404 1276 4494; baseline 0.009 -29"><span class='ocrx_word' id='word_1_280' title='bbox 168 4404 234 4470; x_wconf 80' lang='lat' dir='ltr'>riot</span> <span class='ocrx_word' id='word_1_281' title='bbox 253 4412 291 4474; x_wconf 83' lang='lat' dir='ltr'>dc</span> <span class='ocrx_word' id='word_1_282' title='bbox 309 4414 581 4491; x_wconf 66' lang='lat' dir='ltr'>conmissorum</span> <span class='ocrx_word' id='word_1_283' title='bbox 601 4435 709 4481; x_wconf 82' lang='lat' dir='ltr'>snmus</span> <span class='ocrx_word' id='word_1_284' title='bbox 736 4436 793 4479; x_wconf 82' lang='lat' dir='ltr'>nos</span> <span class='ocrx_word' id='word_1_285' title='bbox 813 4416 852 4478; x_wconf 85' lang='lat' dir='ltr'>oh</span> <span class='ocrx_word' id='word_1_286' title='bbox 872 4414 926 4476; x_wconf 86' lang='lat' dir='ltr'>hoe</span> <span class='ocrx_word' id='word_1_287' title='bbox 946 4415 1126 4494; x_wconf 81' lang='lat' dir='ltr'>juramento</span> <span class='ocrx_word' id='word_1_288' title='bbox 1145 4423 1207 4475; x_wconf 75' lang='lat' dir='ltr'>tero.</span> <span class='ocrx_word' id='word_1_289' title='bbox 1230 4413 1276 4477; x_wconf 89' lang='lat' dir='ltr'>Si-</span> 
     </span>
     <span class='ocr_line' id='line_1_36' title="bbox 169 4509 1273 4599; baseline -0.005 -15"><span class='ocrx_word' id='word_1_290' title='bbox 169 4509 239 4584; x_wconf 79' lang='lat' dir='ltr'>noir</span> <span class='ocrx_word' id='word_1_291' title='bbox 258 4532 338 4597; x_wconf 76' lang='lat' dir='ltr'>ergo</span> <span class='ocrx_word' id='word_1_292' title='bbox 355 4518 477 4586; x_wconf 79' lang='lat' dir='ltr'>sulcari</span> <span class='ocrx_word' id='word_1_293' title='bbox 499 4520 581 4599; x_wconf 83' lang='lat' dir='ltr'>rull,</span> <span class='ocrx_word' id='word_1_294' title='bbox 605 4520 733 4587; x_wconf 82' lang='lat' dir='ltr'>veniunt</span> <span class='ocrx_word' id='word_1_295' title='bbox 753 4519 785 4584; x_wconf 90' lang='lat' dir='ltr'>in</span> <span class='ocrx_word' id='word_1_296' title='bbox 805 4519 888 4583; x_wconf 86' lang='lat' dir='ltr'>huuc</span> <span class='ocrx_word' id='word_1_297' title='bbox 910 4516 1041 4582; x_wconf 87' lang='lat' dir='ltr'>domum</span> <span class='ocrx_word' id='word_1_298' title='bbox 1064 4515 1172 4597; x_wconf 83' lang='lat' dir='ltr'>hujus,</span> <span class='ocrx_word' id='word_1_299' title='bbox 1191 4535 1273 4596; x_wconf 82' lang='lat' dir='ltr'>quae</span> 
     </span>
    </p>
   </div>
   <div class='ocr_carea' id='block_1_5' title="bbox 0 0 1692 5567">
    <p class='ocr_par' dir='ltr' id='par_1_6' title="bbox 0 0 1692 5567">
     <span class='ocr_line' id='line_1_37' title="bbox 0 0 1692 5567; baseline 0 0"><span class='ocrx_word' id='word_1_300' title='bbox 0 0 1692 5567; x_wconf 95' lang='lat' dir='ltr'> </span> 
     </span>
    </p>
   </div>
  </div>
 </body>
</html>
