3375 5567
508 714 645 793 Insuper
659 712 847 793 graecanica
868 712 967 777 lectio
980 712 1076 775 eiecti
1095 708 1215 777 Ruunt
1233 710 1398 775 translatio
1410 718 1525 775 cantes·

429 817 475 879 tui
492 817 591 896 magis
607 814 906 889 accommodantur,
922 832 1020 892 qoam
1038 811 1240 893 Hieronymi3
1256 820 1288 874 et
1302 812 1458 892 speciatim
1476 814 1523 875 nli

430 913 578 979 lluffinus
599 934 642 979 ex
657 916 825 979 vocabulis
845 911 1038 993 ἀνελθόντας
1058 913 1200 993 σκῖυους,
1211 912 1365 977 nimirum
1383 930 1451 975 cum
1467 911 1526 991 ipsc

426 1036 505 1080 coro
526 1016 656 1081 sumant
680 1014 717 1079 in
738 1017 862 1090 iocum,
887 1016 957 1078 sivo
987 1016 1019 1077 io
1041 1019 1268 1093 argumentum
1290 1014 1331 1077 ce
1355 1014 1525 1087 animatos,
1595 1055 1596 1062 κ

428 1138 486 1183 seu
510 1119 593 1183 iacta
615 1126 648 1182 et
668 1126 800 1198 accepta
821 1116 1030 1180 similitudine
1061 1134 1237 1193 rasorum,
1263 1132 1405 1195 quorum
1424 1115 1527 1177 alisia

430 1222 606 1295 honorem,
629 1221 731 1283 altera
754 1222 785 1282 in
813 1220 1043 1283 coutumeliam
1064 1217 1300 1296 disponuntur,
1325 1218 1395 1297 pari
1416 1220 1525 1281 ratione

431 1338 496 1383 non
517 1340 585 1385 esse
607 1322 785 1385 absurdum
808 1320 925 1399 inquit,
945 1318 1034 1398 quod
1056 1320 1251 1397 praecedens
1271 1338 1383 1393 causa,
1403 1336 1463 1397 qua
1483 1316 1530 1380 la·

427 1421 488 1485 eoo
510 1421 646 1485 dilectus
668 1432 700 1484 et
723 1419 810 1483 Esau
832 1421 908 1483 odio
930 1420 1057 1483 habitus
1078 1429 1145 1495 est,
1167 1421 1314 1483 extiterit
1333 1424 1365 1482 in
1387 1428 1527 1499 utroque,
1596 1471 1597 1494 ,

430 1526 619 1602 priusquam
642 1522 673 1583 iu
696 1530 791 1584 utero
823 1520 935 1582 matris
957 1519 1073 1583 forent.
1105 1519 1149 1583 Et
1170 1522 1250 1583 haec
1271 1522 1367 1583 docet
1387 1520 1527 1599 Origenes

429 1623 638 1686 uniformiter
658 1622 845 1700 contextui,
865 1621 997 1685 minime
1016 1622 1141 1685 scilieet
1171 1640 1213 1684 ex
1235 1622 1341 1684 divina
1364 1622 1529 1702 praescisa·

431 1724 487 1799 tic,
511 1724 646 1787 hominis
666 1724 850 1787 libertatem
872 1723 1037 1796 cohiberi,
1060 1740 1135 1785 cum
1158 1741 1243 1786 uuus
1264 1724 1296 1785 iu
1318 1724 1471 1787 honorem
1490 1722 1528 1781 al·

431 1835 481 1889 ter
496 1827 526 1889 io
541 1826 770 1891 coutumeliam
793 1835 957 1890 creentur:
974 1844 1016 1891 ex
1030 1842 1097 1906 quo
1112 1825 1269 1899 homiues,
1290 1826 1388 1889 sicuti
1409 1825 1465 1905 ipsi
1483 1821 1528 1886 ia·

431 1928 493 1993 coit
513 1935 546 1992 et
567 1927 653 1992 Esau
684 1930 905 2009 praestiterint
925 1946 966 1991 ex
987 1929 1100 2009 seipsis
1130 1926 1278 1995 Creatori
1300 1946 1439 2002 causas,
1459 1924 1531 1987 nole

430 2029 516 2094 alter
535 2030 674 2093 dilectus
696 2029 776 2101 Deo,
793 2030 878 2093 alter
898 2028 998 2092 tuerit
1019 2048 1148 2094 exosus.
1170 2028 1213 2092 Et
1232 2030 1295 2093 ltoc
1315 2048 1394 2093 saue
1413 2026 1532 2091 intentis

430 2132 707 2205 succensemus,
730 2130 783 2193 ubi
805 2129 886 2193 nihil
908 2130 1038 2195 ridetur
1061 2130 1339 2211 exprobrandum.
1357 2129 1494 2211 ideoque
1511 2130 1533 2191 si

430 2230 651 2315 Hieronymus
671 2250 764 2295 secus
785 2230 903 2311 legerit
922 2238 981 2294 aut
1000 2231 1198 2295 intellexerit
1218 2230 1486 2311 tirasonensis,
1504 2236 1532 2292 et

429 2332 504 2394 hinc
524 2338 686 2395 errantem
708 2332 912 2412 reputaverit
932 2331 1095 2410 eumdem
1117 2330 1199 2395 iliud
1222 2331 1354 2407 codicis,
1375 2350 1443 2412 quo
1463 2346 1531 2392 asos
1598 2347 1599 2350 ¹

429 2438 490 2505 est,
509 2430 749 2507 interpolatiooi
772 2428 1013 2506 remittendum,
1028 2431 1060 2493 iu
1081 2447 1149 2510 quo
1171 2431 1290 2496 serius
1305 2431 1418 2509 latuit,
1432 2430 1533 2495 sobre

431 2540 526 2611 puoto
540 2531 628 2595 dolo.
1366 2522 1372 2531 ⁸

513 2631 610 2710 Quod
632 2652 732 2713 porro
753 2635 808 2697 tne
828 2635 942 2697 scribit
956 2634 1178 2711 Adamantius,
1201 2654 1243 2698 cx
1268 2636 1453 2699 testimonio
1472 2651 1538 2714 spo

428 2724 546 2799 stolioo
567 2735 607 2799 tle
628 2734 753 2801 lacoon
774 2743 805 2799 et
825 2736 935 2811 Esau,
955 2737 1212 2813 praeclarissime
1242 2736 1470 2800 illustratura
1494 2734 1537 2795 li·
1599 2777 1600 2800 i

430 2836 490 2900 bro
512 2834 585 2901 Vll.
609 2856 639 2899 o.
662 2834 712 2902 li.
733 2836 769 2899 in
787 2835 962 2917 Epictetum
980 2838 1024 2901 aa
1039 2836 1207 2901 Romanos.
1226 2837 1281 2901 Ait
1300 2840 1408 2903 euim:
1424 2837 1537 2901 «Simi-

425 2936 548 3001 litorei
570 2937 625 3000 ubi
643 2937 833 3010 memoravit
851 2939 1022 3021 rationem,
1038 2956 1143 3019 quare
1162 2939 1226 3002 alia
1240 2939 1280 3002 ati
1295 2940 1467 3014 honorem,
1480 2938 1537 3001 slis

431 3054 510 3099 vero
530 3036 569 3099 ad
592 3036 821 3101 contumeliam
843 3037 943 3113 liant,
966 3038 1008 3099 ibi
1023 3039 1125 3115 siluit,
1145 3040 1199 3103 hio
1220 3042 1350 3119 aperuit
1369 3058 1412 3103 ex
1432 3054 1536 3103 emon

430 3136 470 3199 da
493 3135 637 3219 Epistola
666 3139 705 3201 ad
738 3136 944 3203 Timotheum
964 3158 993 3203 e.
1017 3138 1058 3201 ll.
1077 3138 1109 3201 si
1139 3140 1224 3204 enirn
1244 3139 1319 3221 cete
1347 3135 1538 3204 memmenni

428 3236 640 3319 semetipsum,
656 3240 773 3320 inquit,
788 3239 827 3301 ol
847 3236 909 3315 lis,
937 3242 1005 3304 siue
1027 3241 1127 3306 lubio
1148 3244 1271 3320 peceati
1292 3242 1464 3316 sordibus,
1484 3236 1536 3301 sn't

428 3339 472 3403 cai
491 3338 636 3403 lononnr
656 3358 714 3401 uer
734 3338 966 3418 sanctificatum
986 3349 1017 3403 rt
1035 3338 1114 3403 stne
1137 3339 1283 3415 minino,
1297 3343 1342 3405 ud
1359 3358 1448 3405 omns
1467 3358 1537 3421 opus

428 3437 543 3503 mom
559 3448 724 3519 parerem.
747 3438 860 3504 Restat
879 3440 991 3521 igitur,
1016 3444 1066 3516 ul,
1088 3442 1144 3521 qui
1164 3458 1200 3507 se
1220 3459 1283 3505 uon
1304 3442 1533 3510 emundaverit.

429 3556 490 3603 noc
502 3556 562 3620 per
574 3540 800 3620 poeniteutiam
816 3543 939 3621 peccati
955 3543 1100 3607 maculas
1110 3543 1264 3617 abluerit,
1278 3543 1322 3605 sit
1336 3560 1392 3605 ras
1410 3544 1448 3605 al
1466 3556 1533 3602 eou-

431 3641 610 3707 tumeliam.
625 3640 720 3717 Quod
743 3650 777 3705 et
795 3646 823 3707 si
837 3644 968 3709 auxerit
991 3645 1160 3718 malitiam,
1185 3653 1219 3708 et
1239 3648 1387 3709 conuerti
1408 3661 1463 3724 per
1482 3641 1535 3703 ire

430 3741 536 3803 ritiem
565 3744 680 3805 meotis
700 3750 733 3805 et
752 3760 813 3807 cor
833 3744 1045 3823 impoenitens
1072 3745 1202 3808 omuino
1222 3745 1458 3824 contempserit,
1480 3741 1537 3802 erit

427 3840 494 3922 jam
516 3860 579 3905 uon
594 3844 702 3907 solum
718 3861 772 3906 ras
793 3846 1023 3919 contumeliae,
1038 3846 1094 3907 sesi
1108 3854 1140 3908 et
1157 3863 1212 3909 vas
1234 3846 1313 3910 irae.
1334 3842 1382 3909 its
1403 3861 1477 3923 ergo
1491 3856 1537 3903 rs·

430 3942 562 4017 tionem,
583 3962 682 4024 quam
703 3944 746 4007 ibi
768 3944 895 4023 indigna
915 3946 1120 4025 poscentibus
1140 3946 1281 4022 clectis,
1304 3948 1360 4011 ote
1379 3946 1467 4025 ligae
1487 3942 1536 4003 de·

426 4040 642 4106 siderantibos
664 4045 787 4123 pandit:
815 4063 874 4124 per
894 4063 992 4125 qoam
1006 4048 1105 4113 ctiam
1126 4049 1220 4123 illoti,
1242 4048 1331 4129 quoi
1353 4048 1447 4129 paulo
1466 4049 1536 4104 soie

427 4140 467 4205 tle
488 4140 592 4206 lacot
611 4153 645 4207 et
667 4144 753 4209 Esau
775 4150 967 4227 proposuit,
995 4150 1140 4229 apertius
1160 4150 1365 4230 explanatur.
1397 4142 1534 4212 illenim

427 4238 533 4305 Jacob
553 4253 636 4307 esset
659 4261 713 4307 ras
733 4247 773 4308 sd
797 4247 954 4311 homrem
973 4248 1222 4323 sanctiticatam,
1238 4256 1271 4312 et
1291 4249 1372 4313 utile
1393 4243 1533 4313 neuim,

427 4342 469 4405 rii
484 4358 580 4409 omne
600 4362 683 4425 opas
697 4346 817 4410 bouum
839 4356 1003 4428 paratum,
1026 4351 1133 4413 auimo
1149 4350 1221 4431 ciue
1241 4350 1468 4415 emundaverat
1483 4358 1531 4403 se·

429 4442 606 4522 metim,
623 4442 665 4507 Et
687 4446 797 4512 ridens
820 4443 907 4513 Deus
927 4449 1202 4531 pertinencias,
1224 4459 1258 4516 et
1277 4454 1458 4532 poteststem
1477 4441 1533 4501 ha·
