3375 5567
162 796 255 873 norit)
274 794 329 877 qui
354 794 524 857 historicae
548 794 675 857 veritati
692 794 940 868 muniebantur,
963 793 1179 857 dimicandum
1194 793 1254 855 sibi

161 902 229 960 erate
245 904 278 960 ut
299 893 495 971 ostenderet,
511 911 624 973 reapse
645 902 682 958 ea
698 895 803 957 omnia
827 902 914 973 gesta
930 892 1040 969 luisse,
1065 894 1167 957 veluti
1182 911 1256 955 oar·

160 1008 259 1061 rantur
280 998 313 1059 in
341 999 440 1060 citato
462 994 570 1058 Libro.
602 996 650 1060 dc
670 996 742 1059 ideo
768 1003 844 1059 tuuc
870 996 1005 1075 rogabat
1028 996 1254 1058 adversarios:

159 1098 274 1175 «Quae
295 1098 379 1161 enim
401 1100 519 1176 scripta
540 1094 635 1160 suot?
658 1094 697 1159 Et
717 1094 802 1159 dixit
816 1094 946 1172 mulier,
965 1114 1055 1177 quem
1067 1096 1198 1158 mecedo
1217 1094 1257 1158 n·-

156 1196 208 1263 bi?
226 1199 400 1282 Cuiusnam
422 1207 470 1260 est
491 1214 625 1277 persona
648 1198 716 1273 ilia,
744 1216 828 1278 quae
849 1200 906 1273 sit,
928 1198 1014 1261 utcu
1038 1192 1184 1260 mulier?
1205 1195 1256 1258 dn

155 1319 208 1364 ooo
227 1317 360 1381 persone
382 1299 520 1377 Spiritus
540 1297 675 1363 Sancti?
696 1316 713 1359 e
735 1318 801 1380 quo
822 1298 946 1361 divinas
966 1299 1091 1361 litteras
1116 1298 1253 1378 scriptas

155 1422 213 1466 esse
232 1403 405 1473 credimus,
431 1399 481 1462 rel
503 1400 637 1463 alterius
659 1398 860 1482 cujuspiam?
880 1398 1009 1481 Quippe
1030 1417 1161 1481 persona
1184 1417 1257 1463 uar-

155 1520 218 1565 raos
238 1502 358 1581 ubique
381 1500 672 1578 <quemadmodum
695 1503 750 1581 qui
772 1520 831 1581 per
844 1519 954 1563 omues
975 1503 1130 1564 orationis
1145 1501 1258 1564 modos

157 1604 261 1665 renati
282 1609 369 1676 suot,
393 1602 513 1680 optime
534 1601 665 1679 callent)
678 1608 822 1666 auctoris
844 1620 980 1682 persone
996 1612 1054 1666 est.
1078 1602 1121 1666 At
1135 1620 1257 1664 sermo·

155 1722 222 1767 oum
238 1704 355 1766 borum
377 1710 504 1777 auctor,
521 1720 583 1764 uon
606 1704 714 1777 bomo,
730 1703 784 1765 sed
801 1704 940 1781 Spiritus
954 1702 1105 1776 Sanctus,
1115 1705 1172 1783 qui
1188 1720 1256 1765 tuo·

158 1804 367 1879 virduninse,
397 1822 466 1867 esse
486 1804 644 1867 creditur.
675 1804 729 1865 nu
751 1805 853 1884 igitur
879 1803 1018 1884 Spiritus
1046 1805 1205 1867 Sanctus:
1228 1812 1258 1865 et

156 1905 229 1967 dicit
242 1904 369 1967 mulier:
383 1922 473 1985 quem
494 1906 623 1967 edurum
637 1900 726 1965 tabi?
745 1912 772 1965 st
785 1902 890 1967 discit:
909 1901 1082 1967 Samuelem
1102 1906 1181 1967 educ
1198 1904 1256 1968 ms'·

157 2006 191 2067 ti.
213 2005 292 2083 (luis
312 2004 413 2068 dicit:
434 2014 463 2067 et
483 2005 566 2069 uidit
586 2004 702 2069 mulier
721 2002 895 2069 Samuelem
897 2024 915 2078 ;
930 2014 959 2067 et
975 2006 1125 2069 eleuauit
1144 2004 1259 2068 mulier

158 2125 216 2169 soce
235 2124 365 2186 mcpnc,
386 2103 557 2169 dicensi»
693 2110 698 2123 ·

225 2207 270 2271 lta
302 2209 433 2270 locutus
464 2205 622 2286 Origenes
649 2226 712 2271 non
736 2210 827 2273 tideo
859 2228 921 2273 cur
942 2209 1189 2290 reprehensione
1210 2207 1257 2269 di·

159 2324 227 2383 pous
247 2309 416 2371 habeatur.
439 2307 627 2389 interpretis
641 2312 725 2373 enim
746 2310 891 2375 odicium
906 2312 990 2374 istud
1012 2310 1198 2391 postulabat
1217 2310 1259 2371 ab

159 2408 303 2489 Origene:
335 2413 479 2491 quippe,
509 2428 585 2473 cum
613 2412 806 2476 adversariis
836 2411 1046 2493 responderet
1072 2411 1259 2493 scripturali

159 2514 321 2575 narrationi
344 2514 500 2586 mentitis,
524 2512 564 2573 ab
585 2514 653 2590 ipso
674 2512 812 2575 exordio
838 2513 973 2575 illorum
993 2514 1112 2578 adserti
1133 2513 1257 2576 laleitas

159 2612 209 2676 sibi
236 2614 410 2688 obterenda
433 2618 526 2693 erat3
552 2621 651 2693 atque
672 2614 906 2677 ostendendum
926 2615 958 2677 io
979 2613 1167 2694 seripturis,
1189 2612 1260 2694 Spi-

159 2713 229 2777 ritus
259 2714 366 2778 Saucti
388 2712 497 2778 afflatu
526 2714 655 2778 locutos
677 2713 775 2777 luisse
805 2723 933 2778 sanctos
954 2711 1013 2778 Dei
1041 2716 1196 2778 homiues.
1219 2714 1260 2777 Et

159 2814 229 2877 istud
251 2816 426 2896 praecipuo
449 2815 553 2879 voluit
574 2817 702 2882 Auctor
724 2816 755 2878 iu
785 2816 933 2896 praelato
962 2834 1132 2890 sermone,
1156 2818 1257 2896 probe

157 2917 245 2978 sciens
276 2927 309 2980 et
340 2917 493 2992 credens,
523 2935 692 2997 personam
714 2934 751 2980 ea
781 2928 868 2997 gesta
898 2927 1125 2993 enarrantem,
1148 2934 1260 2997 pereo-

159 3032 220 3078 uam
241 3036 309 3079 csse
330 3014 468 3097 Spiritus
490 3016 595 3080 Sancti
608 3038 620 3098 3
651 3019 706 3097 qui
730 3018 831 3080 veluti
854 3036 1005 3093 movens,
1038 3019 1258 3081 manuducens

158 3114 320 3196 Scriptoris
343 3118 518 3193 calamum,
534 3121 562 3181 ci
578 3120 679 3196 adest,
696 3118 798 3181 eidem
821 3121 937 3200 praeit,
959 3119 1064 3198 ipsum
1078 3122 1161 3199 regit
1176 3119 1258 3180 adeo

156 3232 190 3278 oe
208 3226 295 3281 erret
316 3220 348 3281 io
372 3236 481 3283 rerum
504 3236 790 3302 quarumcumque
812 3220 1038 3299 descriptione,
1054 3238 1139 3299 quae
1159 3217 1261 3299 Spiri-

158 3323 200 3379 tus
219 3317 303 3381 idem
327 3318 399 3381 vult
422 3330 458 3383 ut
479 3329 683 3383 enarrentur.
707 3318 749 3383 Et
769 3320 811 3382 ob
833 3322 894 3381 troo
915 3320 1147 3400 sapientissime
1167 3318 1262 3381 docet

156 3416 313 3499 Origenes,
330 3436 394 3483 nou
415 3420 576 3485 bominem
592 3440 661 3485 esse
678 3422 734 3502 qui
756 3440 794 3485 ea
813 3424 999 3500 scripserat,
1015 3421 1070 3482 sed
1092 3420 1121 3482 ei
1136 3420 1262 3483 adstitit

155 3513 342 3619 wsppapstig
362 3520 556 3601 conscriptor
577 3519 718 3601 Spiritus
740 3520 891 3593 Sanctus,
912 3521 970 3602 qui
989 3522 1143 3583 bominem
1162 3540 1262 3583 moue·

156 3614 199 3677 but
218 3618 490 3683 adscribendum.
520 3620 563 3685 Et
583 3622 614 3683 id
637 3640 740 3701 eoque
761 3625 945 3702 meritoque
966 3622 1115 3685 auditum
1136 3623 1176 3685 ab
1196 3624 1263 3702 epi·

155 3730 255 3796 scopo,
270 3736 287 3779 a
300 3718 404 3794 clero,
417 3722 599 3800 ceterisque
615 3724 759 3786 concioni
772 3722 973 3785 adstantibus
986 3732 1169 3802 acceptum,
1186 3740 1261 3802 pro·
1336 3755 1340 3765 ·

157 3813 257 3879 batum
279 3818 352 3893 tuit,
375 3820 453 3898 quin
474 3820 516 3882 ibi
539 3821 616 3883 nibil
639 3840 697 3885 uec
720 3821 888 3898 lalsitotis,
920 3840 979 3885 occ
1000 3824 1173 3901 impietatis
1193 3825 1260 3886 eni·

159 3916 398 3994 madvertereut‚
423 3927 458 3983 ut
479 3921 551 3983 iude
573 3923 817 3985 insimularetur
838 3939 949 3985 coram
971 3922 1017 3984 eis
1038 3924 1081 3986 ita
1103 3923 1261 3987 disserens

157 4012 311 4097 Origenes.
1158 4071 1166 4083 .

226 4116 442 4183 Nihilominus
457 4126 529 4201 post
545 4128 673 4184 centum
697 4120 764 4184 lere
785 4140 885 4185 annos
898 4140 924 4186 e.
942 4121 1132 4186 liustathiue
1153 4124 1262 4202 (suus-

159 4231 200 4277 ua
221 4223 400 4282 reverentie
421 4222 461 4283 de
482 4240 522 4283 eo
544 4222 684 4302 loquor)
709 4224 750 4284 ab
777 4221 936 4303 Eutropio
957 4232 1102 4303 rogatus,
1127 4235 1164 4287 ut
1178 4224 1260 4286 benc

157 4318 288 4381 eamdem
311 4321 348 4381 de
365 4318 621 4400 Bnpcstrimytbo
643 4325 865 4401 quaestionem
887 4322 1028 4385 dilucide
1048 4324 1078 4385 ei
1099 4325 1259 4403 aperiret,

157 4413 291 4497 Origenis
314 4424 454 4500 opiuioui
475 4440 513 4485 ac
539 4426 794 4504 interpretationi
816 4426 983 4487 adversari
1012 4427 1137 4505 putarit
1150 4445 1160 4501 3
1186 4426 1258 4498 etsi,

159 4515 215 4589 ait,
238 4520 321 4582 baud
344 4524 470 4587 nescius
492 4523 665 4587 nonnullos
686 4525 834 4604 Origenie
863 4525 1188 4590 commentationibus
1210 4540 1261 4586 ac·
