3375 5567
145 777 234 844 Esodi
256 766 473 846 testimonium
487 801 517 845 c.
538 781 577 847 Χ.
606 801 634 846 v.
651 782 703 850 at.
720 780 889 848 indnrcoit
902 793 1005 846 ostem
1026 782 1176 850 Dominm
1190 805 1244 848 cor

146 880 320 956 Plereonie,
334 892 364 944 et
383 879 487 945 noluit
500 881 657 946 dimittere
677 902 739 945 eos.
759 881 954 964 Huiusmodi
975 901 1088 948 sacrae
1103 885 1242 950 locutio·

144 985 183 1046 uis
207 985 332 1049 Auctor
353 986 440 1048 baud
469 986 601 1066 ignarus
621 984 820 1049 difficultatis
844 987 887 1048 ob
909 1003 969 1062 ea,
991 1005 1076 1065 quse
1100 988 1242 1056 liberum

145 1086 338 1150 humanitatis
357 1088 529 1150 arbitrium
544 1096 702 1168 spectant,
720 1085 845 1167 licique
863 1087 1021 1169 iustitiam
1043 1105 1119 1169 erga
1141 1089 1245 1152 bomi-
1309 1087 1313 1090 ’

145 1207 191 1250 uss
212 1191 243 1250 iu
272 1191 489 1252 retributione
518 1207 657 1271 operum
677 1207 829 1266 suornm,
855 1197 984 1270 poteret
1004 1191 1135 1270 quidem
1163 1190 1246 1254 hauc

143 1288 295 1368 effugiens,
309 1308 393 1353 sese
413 1289 452 1351 ad
473 1290 662 1370 allegoriam
681 1290 840 1370 recipere,
854 1306 893 1353 ac
913 1290 1009 1354 aliter
1023 1291 1245 1371 quaestionum

143 1388 267 1454 solvere.
296 1389 538 1466 Nihilominus,
560 1391 710 1471 quamvis
730 1390 859 1470 longam
881 1408 982 1470 snper
1002 1409 1039 1455 ea
1062 1392 1159 1454 rerba
1190 1409 1245 1472 aq·

144 1508 259 1569 pressus
276 1491 320 1555 sit
340 1494 589 1572 expositionem,
611 1509 810 1572 nunquama
830 1509 927 1554 seusu
944 1491 1077 1558 litterali
1098 1501 1131 1556 el
1147 1493 1244 1556 bisto-

146 1591 203 1653 rico
216 1590 416 1657 discutiendo
431 1594 575 1668 recessit,
590 1609 832 1673 quemeumque
851 1592 951 1654 alium
966 1611 1095 1656 sensum
1111 1591 1246 1656 esits'ns.

144 1689 332 1757 [iocantem
354 1695 566 1769 factumest,
590 1693 691 1781 ueluti
714 1694 885 1774 praemisi,
908 1712 949 1757 ex
974 1695 1129 1758 varietate
1159 1694 1249 1776 scopi

145 1793 203 1856 sire
221 1797 424 1874 argumenti,
445 1795 533 1874 quod
556 1795 598 1858 ibi
620 1796 756 1858 intuitus
776 1799 909 1858 estnon
930 1802 1055 1858 lautum
1077 1795 1117 1858 ad
1139 1793 1249 1860 aediti·

145 1895 270 1960 csuduus
285 1898 486 1960 credentium
502 1900 637 1970 animos,
652 1905 776 1976 quanto
792 1895 891 1976 magis
906 1896 945 1958 ad
962 1895 1158 1964 refellendos
1175 1897 1250 1960 hae·

146 1998 261 2071 reticos,
277 1996 460 2078 dubiosque
474 2001 507 2060 iu
522 1998 585 2060 lide
605 1998 792 2071 lirosaudos,
808 2016 892 2078 quos
910 1999 951 2060 ab
973 1999 1062 2060 initio
1078 1998 1249 2060 discussio·

146 2098 186 2159 uis
198 2106 366 2160 memorat.
384 2096 493 2176 lnquit
512 2100 596 2162 euius
609 2119 619 2159 e
632 2119 650 2158 e
664 2096 769 2160 Verba
791 2098 848 2162 ills
865 2100 958 2161 toties
980 2097 1012 2159 iu
1028 2095 1143 2160 Exodo
1160 2115 1252 2177 repe·

146 2199 212 2260 lita:
233 2197 402 2262 indnroeit
423 2196 577 2262 Dominus
597 2218 653 2262 cor
668 2195 867 2275 Plornonie,
890 2200 1028 2262 lectores
1046 2198 1116 2261 lure
1137 2217 1248 2268 omncs

147 2300 287 2372 turbant,
310 2308 379 2364 tum
400 2303 458 2380 qui
478 2299 669 2378 Scripturae
686 2319 749 2363 uon
770 2301 930 2375 creduut,
955 2307 1023 2364 lusu
1046 2304 1103 2381 qui
1124 2320 1158 2364 se
1181 2319 1250 2367 ere·

147 2397 213 2462 dere
225 2397 432 2479 prolitentes:
457 2417 519 2462 non
540 2400 746 2464 credentibus
767 2402 865 2475 enim,
881 2400 910 2462 id
931 2418 1063 2481 qnoque
1084 2420 1158 2465 cum
1179 2402 1251 2468 aliis

148 2500 266 2575 uultis,
288 2519 352 2564 non
375 2500 527 2564 credendi
554 2519 651 2563 ceum
674 2520 743 2564 esse
766 2501 915 2575 ridetur,
935 2501 1010 2581 quia
1035 2501 1075 2564 de
1101 2499 1181 2577 Deo,
1203 2503 1249 2565 iu·

150 2599 229 2680 digua
252 2582 320 2666 ileo
335 2603 501 2667 dicuntur.
526 2601 695 2682 iudignum
716 2611 827 2668 autem
848 2602 915 2666 Deo
937 2611 997 2679 eet,
1020 2603 1173 2666 duritiem
1188 2603 1254 2668 effl-

149 2717 214 2764 eere
232 2705 264 2766 iu
284 2702 384 2768 corde
405 2703 601 2784 cujusquam
622 2712 683 2766 etc.
708 2724 725 2760 n
857 2701 859 2705 ’

219 2801 341 2868 Verum
362 2806 450 2884 qnod
472 2805 611 2883 amplius
637 2811 785 2868 nostrum
807 2811 902 2882 urget
925 2806 1140 2884 propositum,
1163 2806 1195 2866 in
1218 2804 1254 2866 li·

149 2920 183 2966 ue
200 2904 319 2985 legitur
334 2903 584 2979 Dissertatiouis,
608 2904 662 2968 ubi
687 2923 713 2966 s.
731 2903 911 2984 Episcopus
936 2904 1095 2984 quaedam
1117 2906 1195 2968 citat
1208 2905 1253 2968 0·

150 3005 254 3084 riqeuie
275 3006 359 3070 dicta
391 3025 434 3068 ex
453 3004 568 3068 eodem
589 3003 831 3070 Commentario
854 3022 954 3084 super
975 3001 1107 3068 Genesis
1130 3007 1251 3069 verba:

149 3113 174 3165 et
188 3105 342 3185 piontooit
358 3105 442 3169 Dens
458 3104 647 3184 paradisum
668 3104 704 3169 in
725 3104 823 3167 Edem
842 3105 886 3166 od
908 3102 1066 3168 Orientem
1086 3105 1254 3182 elnonae

151 3208 237 3270 rerba
257 3227 298 3271 ex
322 3206 483 3272 Eustatbii
505 3207 605 3287 ipsius
622 3209 804 3271 testimonio
823 3209 870 3270 sic
886 3206 1104 3287 explanantur
1124 3207 1165 3268 ab
1176 3207 1252 3272 Ori·

150 3325 230 3384 seue:
252 3332 269 3369 s
290 3305 389 3378 θ’ταν
410 3306 684 3401 ἀναγινώσκοντες
705 3301 1105 3399 nominenominee
1129 3303 1254 3398 μύθων,

149 3407 202 3476 m
218 3409 277 3492 τῆς
295 3415 388 3484 nard
410 3410 456 3484 ‘ro‘
476 3413 619 3513 γράμμα
640 3411 809 3506 ἔκδοχῆς,
832 3408 985 3516 ,ζητῶμεν
1008 3411 1083 3484 τίνα
1106 3406 1146 3480 τὰ
1175 3406 1258 3495 ξύλα

154 3507 235 3584 deris
247 3515 364 3609 ἐκεῖνα,
394 3513 545 3600 aliosde
559 3519 688 3620 γεωργὲι
702 3544 710 3560 ·
724 3519 857 3612 λέγομεν
877 3512 927 3586 ὅτι
949 3514 1007 3586 dnn
1037 3513 1084 3586 ἔνι
1109 3512 1257 3596 decincti

151 3615 224 3698 ieta
245 3619 277 3692 ἐν
300 3626 346 3721 τῷ
365 3625 450 3718 τόπῳ
473 3627 493 3687 i.
510 3645 540 3688 e.
558 3622 697 3700 Quando
711 3626 853 3706 legentes
874 3624 1074 3687 ascendimus
1089 3641 1106 3684 a
1124 3623 1255 3700 fabulis,

151 3734 178 3784 et
195 3742 213 3786 a
233 3725 366 3791 litterali
388 3727 666 3807 interpretatione.
689 3727 879 3805 quaerimus
900 3742 1060 3805 quaenam
1085 3724 1170 3805 liqna
1194 3725 1257 3788 siut

152 3823 216 3903 iila,
241 3846 327 3908 quae
348 3825 435 3892 Deus
456 3828 554 3891 colit:
581 3828 717 3891 dicimus
737 3829 890 3906 quoniam
912 3845 976 3889 uou
995 3836 1071 3890 snut
1096 3829 1126 3890 iu
1148 3846 1188 3891 eo
1208 3827 1257 3890 lo·

154 3928 280 4009 coliqua
295 3930 504 3993 sensibilia.»
521 3927 607 3992 linio
636 3928 892 4008 interpretationi
919 3928 1029 3990 subdit
1052 3927 1256 3993 Eustatbins:

153 4025 269 4092 «ilaec
289 4030 466 4110 allegorice
486 4048 672 4111 exponens,
694 4048 758 4092 non
780 4029 894 4092 horret
915 4029 1043 4092 tabulas
1064 4030 1255 4109 appellere,

155 4145 229 4206 quae
253 4129 357 4196 Deum
389 4131 567 4198 condidisse
597 4138 709 4192 narret
739 4131 896 4205 historia,
921 4129 1169 4209 fidissimosque·
1187 4130 1259 4210 ejus

153 4243 256 4312 sersus
275 4233 404 4312 scriptis
424 4223 666 4312 consignarit»
689 4228 731 4294 Et
744 4232 825 4294 baec
848 4233 973 4310 putnsit
999 4232 1030 4292 in
1051 4227 1192 4310 Origene
1207 4248 1258 4292 re·

156 4333 344 4407 prebendere
364 4353 391 4396 s.
405 4333 594 4415 Episcopus.
610 4332 765 4398 Similiter
780 4334 976 4395 recentiores
992 4331 1075 4393 inter
1090 4330 1255 4411 paradoxa

156 4427 292 4513 0riqeuis
313 4437 495 4512 remittunt,
510 4452 596 4514 quae
617 4435 685 4512 ipse
696 4434 743 4495 ait
756 4429 900 4494 Humilia
914 4429 954 4495 X.
973 4433 1005 4495 iu
1023 4426 1168 4494 Genesim
1182 4448 1211 4493 n.
1225 4429 1256 4496 2.

156 4529 190 4594 de
209 4533 339 4600 historie
363 4535 546 4600 neoeeeee:
565 4532 685 4598 «llaec
709 4532 835 4597 tabulas
858 4533 976 4612 putatis
998 4549 1087 4610 esso;
1108 4539 1140 4596 et
1162 4532 1258 4596 bisto-
