3375 5567
207 740 251 806 Et
269 740 400 822 quidem
421 739 562 808 idemtiia
579 739 620 806 li.
635 739 673 807 iss
688 739 861 806 buitim
874 739 947 807 md
964 743 1131 806 conteret!
1143 740 1238 824 Mop-

138 839 162 904 si
180 841 323 907 instituta
343 843 375 906 in
396 841 482 926 Lege
507 844 548 908 da
567 853 777 926 peccatorum
799 844 892 906 reaia
913 843 1002 919 iltis,
1024 860 1108 923 qnae
1128 841 1241 906 docuit

136 941 279 1008 Christus
298 945 329 1008 in
350 943 538 1027 Evangelio,
556 948 623 1011 rias
643 953 824 1021 enumerat,
841 946 960 1026 quibus
981 946 1013 1008 in
1035 943 1120 1025 Lege
1134 946 1240 1026 prins,

135 1045 163 1107 in
183 1042 326 1110 Eeeloeia
343 1047 456 1111 deinde
472 1048 683 1112 remittuntur
703 1058 844 1128 peecata⁴
863 1047 972 1124 Quare
992 1048 1038 1112 ait
1053 1047 1241 1112 christiano·

136 1161 205 1208 rum
225 1147 349 1210 animoa
362 1166 426 1209 non
447 1165 516 1212 ossa
538 1165 616 1230 praa
633 1150 754 1212 virtute
773 1149 954 1230 erigendos,
971 1165 1077 1229 neque
1097 1164 1173 1227 pras
1188 1147 1243 1210 da·

135 1249 311 1328 spontione
332 1249 526 1332 dejiciendos
547 1269 622 1315 cum
643 1252 870 1331 peccaverint,
892 1252 1050 1326 scientes,
1073 1257 1241 1329 peecatum

136 1350 301 1428 atpeocati
323 1367 442 1432 meurs
462 1350 638 1415 condonari
662 1352 694 1412 in
719 1350 890 1431 baptismo,
905 1360 938 1414 et
957 1359 1029 1432 post
1049 1349 1243 1429 baptismum

138 1469 193 1532 per
214 1449 447 1516 contusionem
475 1452 636 1518 sacerdoti
661 1452 802 1531 tactam,
830 1452 1024 1535 etamplius
1051 1472 1113 1517 nou
1133 1451 1241 1516 solnm

136 1553 290 1634 quosdam
310 1563 344 1618 et
363 1554 464 1632 teres,
477 1555 534 1620 aad
554 1562 588 1618 et
609 1556 786 1620 universim
806 1573 917 1643 omues
938 1556 1099 1637 cujusque
1117 1553 1242 1635 generis

136 1664 242 1720 reatus
262 1657 360 1720 etia·
380 1659 586 1737 gravissimos
607 1657 738 1721 remitti.
761 1657 880 1722 Scribit
901 1658 1008 1722 enim:

210 1755 307 1823 «Est
319 1759 428 1824 adhuc
447 1768 481 1824 et
493 1761 640 1840 septima,
660 1760 737 1824 ticet
757 1761 840 1824 dura
856 1767 889 1823 et
908 1760 1070 1823 laboriosa
1088 1775 1147 1839 per
1168 1775 1245 1838 poe·

136 1857 296 1922 nitentiarn
310 1862 454 1924 remissio
470 1870 691 1943 peecatorum,
712 1879 788 1926 cum
802 1861 893 1925 iavet
912 1867 1065 1941 peccator
1085 1861 1116 1923 in
1137 1861 1244 1946 lacry-

138 1960 191 2022 mis
209 1969 353 2026 atratum
372 1981 470 2028 snnm
479 1983 492 2041 3
526 1971 560 2028 et
579 1963 662 2027 iiunt
681 1964 711 2026 et
732 1964 896 2048 lacrymae
917 1980 996 2026 suae
1016 1980 1113 2042 panes
1133 1962 1185 2026 dio
1205 1980 1244 2027 sc

139 2069 248 2125 noete:
271 2070 400 2128 etcum
420 2083 484 2128 non
503 2065 667 2130 erubescit
684 2065 845 2130 sacerdoti
861 2062 988 2129 Domini
1010 2064 1151 2128 tattears
1172 2082 1244 2147 poc·

138 2170 241 2226 ratum
262 2173 404 2228 snumet
418 2183 580 2245 quaerero
592 2165 783 2230 medicinam
803 2165 981 2229 secundum
996 2183 1084 2240 enm,
1099 2166 1156 2246 qui
1177 2165 1240 2228 aitr
1310 2211 1313 2222 .

138 2261 216 2341 diui,
233 2263 449 2343 pronuntiabo
464 2267 632 2330 mansum
650 2283 698 2328 sss
716 2264 909 2347 injustitiam
929 2283 1028 2330 mmm
1048 2263 1201 2340 domim
1217 2273 1246 2330 st

138 2369 169 2424 trs
186 2362 340 2428 remisisti
359 2363 547 2446 inpistutrsr
567 2364 672 2430 cordis
692 2363 762 2428 orn.
779 2364 815 2428 in
835 2385 902 2446 qun
922 2367 1078 2445 impietur
1097 2374 1130 2430 et
1149 2365 1244 2443 iilud,

139 2466 220 2545 quod
240 2465 386 2530 Iacobus
406 2468 575 2547 apostulus
595 2468 699 2530 dicit:
720 2465 824 2548 siquis
842 2477 946 2531 autera
976 2466 1175 2547 infirmetur,
1195 2485 1247 2530 uu·

137 2576 176 2627 rst
191 2566 388 2646 presbyteros
402 2566 575 2643 Ecclesiae,
588 2580 616 2631 et
630 2567 797 2648 imponunt
814 2567 845 2632 si
865 2585 993 2643 maus,
1010 2578 1159 2650 auersum
1178 2585 1248 2630 euos

137 2667 195 2730 oisc
214 2667 253 2732 in
272 2667 399 2732 nomiae
420 2667 550 2733 itosrins'
560 2692 570 2732 r
592 2679 621 2734 ct
640 2667 744 2733 orosio
762 2669 838 2750 fidei
858 2668 993 2733 minabit
1012 2669 1201 2750 infirmum,
1221 2679 1250 2733 rt

137 2768 213 2834 siin
229 2770 368 2851 peccatis
387 2770 498 2852 suerit,
513 2770 714 2836 remittentur
734 2769 774 2834 οἱ.
791 2794 808 2831 n
824 2771 867 2836 Et
887 2791 927 2836 eu
950 2773 1128 2853 quomodo,
1150 2771 1249 2836 unitis

137 2874 274 2954 exceptis
287 2874 443 2949 reatibus,
455 2872 613 2954 Origenes
625 2876 753 2951 doceat,
764 2881 881 2939 exucta
894 2871 1111 2954 mammeri,
1124 2875 1249 2937 reniam

141 2983 344 3054 poeoniorum
366 2975 503 3039 obtineri
525 2995 543 3039 a
566 2978 757 3057 poenitente.

210 3075 350 3157 iusuper
374 3077 492 3144 mum
514 3079 742 3155 publicorum,
773 3077 829 3140 sed
853 3084 884 3140 et
905 3075 1113 3138 occultorum
1133 3075 1250 3138 statuit

141 3175 263 3242 tinctor
283 3179 369 3259 exigi
389 3195 408 3239 a
430 3179 613 3258 poenitente
646 3187 795 3242 reatuum
821 3176 1096 3240 indiscriminatim
1126 3175 1251 3240 conier-

138 3281 254 3344 sionem
268 3301 279 3341 r
295 3288 330 3344 et
350 3282 413 3344 iton
432 3281 566 3344 roborat
587 3283 663 3344 item
686 3276 954 3344 {demittentes
976 3274 1151 3340 leviticum
1172 3295 1204 3340 n.
1219 3272 1252 3342 d.

139 3401 175 3446 er
195 3385 290 3448 istius
310 3383 483 3447 mandato:
507 3379 581 3448 «Si
597 3381 786 3463 peccauerit,
807 3382 928 3462 inquit,
948 3397 1049 3442 usum
1069 3376 1196 3460 aliquid
1215 3379 1252 3440 ds

139 3483 216 3559 irtio,
234 3480 424 3565 ponamini
439 3493 616 3564 precntum,
630 3485 714 3566 quod
728 3480 880 3564 peccavit.
905 3481 962 3546 Est
982 3479 1114 3561 aliquod
1136 3481 1168 3542 in
1190 3480 1252 3544 hoo

141 3589 285 3653 mirabile
305 3593 490 3661 secretum,
512 3587 599 3666 qnod
618 3587 713 3668 jubet
733 3587 952 3667 pronunciare
975 3590 1153 3664 peceatum.
1179 3579 1254 3646 Ete-

143 3690 201 3753 nim
222 3690 311 3753 omni
331 3705 448 3769 genere
469 3687 710 3769 pronuncianda
730 3671 828 3764 sunt3
851 3695 883 3747 et
904 3686 936 3746 in
957 3683 1124 3765 pubiicum
1146 3682 1255 3762 proie-

144 3793 235 3854 renda
258 3800 389 3866 cuneta,
411 3808 496 3871 quae
517 3791 681 3868 gerimns3
711 3787 816 3868 siquid
839 3786 870 3848 in
891 3784 1059 3848 oecultum
1089 3783 1252 3864 perimus,
1324 3851 1328 3860 ¹

142 3891 242 3972 siquid
264 3892 296 3954 in
314 3908 465 3953 sermone
485 3888 569 3963 soto,
588 3888 639 3951 set
659 3890 756 3950 etiam
779 3887 863 3949 intra
881 3885 1114 3965 cogitationum
1129 3891 1253 3946 secreta

145 3992 372 4067 commisimus,
387 4000 505 4055 cuncta
521 4007 649 4054 neeesse
670 3997 720 4051 est
741 3988 915 4069 pubiicari,
928 3993 1045 4048 cuncta
1061 3983 1253 4064 proferri...

143 4088 221 4164 diei,
234 4088 635 4172 monunindondoersum
652 4107 701 4150 me
721 4085 917 4170 injustitiam
938 4102 1056 4157 aarum
1073 4092 1101 4144 et
1113 4092 1149 4144 tu
1162 4081 1256 4144 sami·

144 4191 209 4255 rirti
220 4192 409 4274 impietatem
422 4192 527 4256 cordis
540 4188 610 4254 mei
626 4187 707 4252 ttae
720 4208 798 4270 erqo
821 4189 897 4269 quia
913 4185 1130 4268 pronunciare
1144 4203 1259 4266 pocca-

147 4302 222 4373 tnrn,
234 4297 454 4359 remissionem
469 4295 592 4375 peccati
608 4300 763 4356 meretur.
781 4291 981 4354 Praeventns
1003 4285 1088 4351 euim
1109 4285 1258 4350 diabolus

145 4396 174 4458 in
190 4401 406 4474 accusatione,
422 4398 511 4461 ultra
531 4415 590 4460 nos
609 4411 765 4459 accusare
786 4413 849 4457 nou
871 4393 1000 4472 poterit.
1020 4387 1062 4453 Et
1081 4390 1107 4452 si
1122 4389 1182 4470 ipsi
1203 4406 1256 4450 no

146 4499 200 4561 stri
211 4501 312 4566 simus
332 4509 550 4575 accusatores,
567 4496 693 4580 proicit
707 4496 797 4560 nouis
812 4495 851 4557 ad
874 4494 1034 4558 satutem:
1052 4494 1078 4555 st
1102 4510 1181 4554 roro
1201 4509 1258 4554 ox⁴
