3375 5567
443 658 503 726 too

439 772 545 827 tamen
559 764 689 827 luteum
702 773 787 866 erat,
803 783 920 831 rursus
936 768 968 831 in
985 786 1121 833 massam
1135 770 1240 853 subigi
1252 772 1357 835 attera
1373 774 1441 835 vice
1462 782 1541 854 poto·

440 871 491 926 rat
505 872 538 927 et
558 864 743 927 reformari.
767 865 942 948 Postquam
967 887 1045 932 vero
1067 890 1108 933 ex
1125 872 1215 935 luteo
1238 879 1413 937 testaceum
1428 872 1539 935 factum

437 972 486 1025 est
508 965 646 1044 igneque
667 966 878 1043 obduratum,
902 976 979 1031 tunc
1000 970 1166 1034 confracta
1182 979 1275 1045 testa,
1298 971 1425 1035 nulfum
1448 979 1543 1053 potest

437 1063 585 1129 adhiberi
606 1066 798 1131 remedium.
814 1066 902 1145 Quid
919 1070 999 1133 haec
1011 1072 1073 1134 sibi
1091 1072 1201 1148 velint,
1215 1076 1306 1151 prius
1320 1081 1426 1137 mente
1439 1091 1543 1153 appre-

438 1165 630 1245 hendamus3
645 1168 759 1233 deiude
772 1170 799 1231 si
813 1170 958 1245 licuerit,
972 1173 1150 1236 secundnm
1166 1174 1306 1237 litteram
1323 1174 1541 1253 expendamus.

440 1265 527 1331 Dum
541 1286 655 1333 sumus
671 1272 703 1333 iu
719 1272 779 1334 hac
792 1273 870 1345 rita,
890 1273 1083 1350 formamur,
1101 1284 1137 1338 ut
1153 1276 1198 1338 sic
1212 1276 1330 1350 dicam,
1346 1285 1478 1356 propter
1490 1276 1546 1337 hoc

439 1368 569 1432 luteum
588 1390 644 1434 vas
659 1382 806 1436 nostrum
829 1374 978 1438 fictilium
995 1394 1099 1450 mure,
1115 1383 1148 1439 ct
1170 1377 1353 1440 formamur
1368 1378 1470 1440 velud
1487 1392 1545 1439 ma·

438 1471 558 1548 litium,
573 1474 644 1535 sire
657 1474 696 1535 ad
714 1475 880 1538 virtutem.
898 1475 1022 1541 Verum
1037 1478 1084 1542 sic
1107 1479 1302 1552 formamur,
1320 1484 1357 1541 ut
1371 1476 1441 1541 fieri
1456 1478 1546 1557 possit

439 1580 473 1636 et
492 1574 650 1637 maiitiam
665 1578 789 1639 conteri
812 1588 970 1650 nostram,
985 1588 1022 1641 nt
1043 1577 1099 1641 dut
1120 1596 1202 1641 nora
1218 1586 1369 1641 ereatura
1391 1586 1546 1658 praesten-

442 1674 521 1745 tior,
532 1681 565 1735 et
578 1693 770 1756 progressus
781 1688 911 1741 nostros
926 1688 997 1759 post
1014 1678 1240 1743 formationem
1254 1679 1373 1743 resciri
1386 1680 1418 1741 in
1430 1678 1546 1741 luteum

442 1791 510 1837 ras.
533 1774 616 1839 Cum
636 1786 761 1853 autem,
780 1786 944 1843 transacto
966 1780 1027 1843 duc
1048 1779 1178 1853 scenio,
1201 1779 1239 1841 sd
1265 1780 1349 1842 ritae
1368 1777 1463 1842 duem
1484 1796 1548 1857 per

443 1879 639 1954 venerimus,
658 1888 690 1943 et
709 1888 818 1960 postea
841 1880 1028 1944 inflammati
1051 1882 1120 1945 sive
1142 1882 1184 1943 ab
1205 1882 1277 1960 igue
1301 1881 1441 1944 telorum
1463 1876 1547 1941 meii-

441 1979 500 2062 pnt‘
510 1980 874 2060 flammigerorunr,seu
895 1982 936 2043 ao
952 1982 1023 2062 igue
1044 1983 1165 2058 divino,
1181 1981 1338 2062 siqnidem
1355 1990 1388 2045 et
1403 1978 1486 2043 Dens
1500 1996 1548 2040 no·

440 2100 503 2152 ster
522 2089 609 2170 ipoir
630 2106 817 2153 consumens
838 2098 905 2170 rst3
924 2091 950 2152 si
973 2090 1155 2163 fuerimus,
1178 2092 1333 2169 iuquam,
1360 2088 1401 2151 ab
1423 2089 1482 2151 istu
1503 2085 1548 2148 rel

440 2191 488 2253 ab*
503 2192 561 2253 ittu
582 2193 655 2271 igne
675 2190 876 2263 iudammati,
897 2191 1129 2272 quodcumque
1151 2191 1331 2265 fuerimus,
1352 2207 1430 2253 cum
1451 2196 1550 2253 conte·

442 2310 568 2367 ramur,
590 2311 632 2354 ex
647 2309 714 2372 uuo
735 2292 811 2355 facti
833 2310 947 2356 sumus
969 2293 1143 2355 bonu-raso
1166 2295 1198 2356 in
1218 2292 1371 2368 salutem,
1392 2308 1453 2355 seu
1474 2289 1548 2354 mala

441 2412 517 2457 rasa
537 2395 569 2455 in
591 2395 819 2475 perditionem,
833 2412 1041 2476 nequaqnam
1056 2395 1096 2456 ad
1119 2395 1255 2459 atteram
1271 2393 1379 2459 denuo
1400 2392 1547 2459 conditiu-

442 2513 515 2559 nem
529 2497 739 2576 innovamur;
754 2516 861 2578 neque
874 2505 1043 2561 structura
1059 2506 1168 2559 nostru
1184 2496 1353 2559 meliorem
1366 2494 1481 2577 recipit
1492 2502 1549 2556 sta-

445 2606 524 2661 turn.
548 2596 769 2673 Quamobrem
790 2617 865 2662 curn
889 2601 920 2661 in
944 2599 1004 2661 hnc
1020 2599 1085 2661 vita
1106 2615 1232 2673 sumus,
1255 2597 1346 2677 qnasi
1360 2597 1392 2658 iu
1409 2590 1551 2657 manufi-

441 2697 509 2777 gnii
529 2714 662 2777 sumus;
677 2707 710 2759 et
725 2698 801 2761 ficet
822 2697 976 2761 ceciderit
994 2716 1049 2760 ves
1063 2716 1082 2760 e
1098 2698 1245 2761 manibus
1259 2696 1343 2778 eius,
1360 2694 1503 2778 reparari
1523 2698 1550 2753 et

443 2798 615 2859 reformari
635 2805 751 2877 puteat.
773 2816 791 2855 n
815 2796 864 2861 Ex
880 2798 942 2862 huc
957 2796 1141 2861 Hieremiae
1157 2798 1339 2862 testimonio
1356 2796 1471 2860 siatnit
1483 2790 1549 2857 Ori·

444 2914 539 2977 genes
560 2899 701 2978 primum
724 2898 897 2963 arbitrium
919 2907 1088 2975 nostrum,
1110 2898 1188 2961 dum
1209 2900 1241 2961 iu
1263 2900 1323 2962 huc
1345 2898 1411 2960 rita
1432 2911 1548 2967 sumus,

443 3016 512 3080 quo
534 2999 575 3061 ad
591 3000 713 3062 bunum
735 3018 793 3063 seu
809 2999 849 3061 ad
873 3000 996 3063 maium
1010 3018 1140 3065 manum
1153 3001 1363 3083 porrigimus,
1380 2999 1481 3063 veluti
1502 3011 1552 3057 ras

444 3103 574 3165 luteum
595 3103 628 3163 in
649 3119 747 3165 manu
769 3100 885 3181 figuli,
907 3101 995 3181 quod
1017 3102 1058 3165 ad
1079 3102 1317 3183 beneplacitum
1339 3118 1437 3165 snum
1458 3098 1551 3178 tingit.

448 3201 524 3266 Post
546 3220 625 3266 vero
647 3212 809 3278 mortem,
831 3202 887 3267 nbi
910 3204 1080 3269 decoctum
1102 3204 1203 3267 fuerit
1225 3220 1280 3267 vas
1301 3219 1340 3265 ac
1359 3202 1551 3281 disruptum,

444 3304 556 3384 refingi
578 3305 699 3383 nequit.
722 3303 766 3367 Et
785 3306 936 3384 quamvis
960 3314 1032 3386 post
1047 3306 1171 3368 obitum
1193 3305 1376 3385 perignem
1399 3302 1551 3369 divinum·

443 3424 502 3469 sen
521 3406 628 3468 divina
652 3407 774 3468 virtute
788 3412 978 3486 cousumpta
1003 3406 1105 3469 fuerit
1123 3405 1331 3469 humanitatis
1346 3411 1476 3467 nostrae
1496 3416 1554 3464 rna·

445 3507 526 3581 fitia,
549 3516 587 3569 ut
608 3506 681 3567 inde
700 3516 861 3587 sequatur
881 3506 1082 3585 regeneratio
1104 3504 1144 3567 ud
1167 3504 1441 3567 resurrectionem
1462 3508 1495 3565 et
1513 3501 1553 3561 iu·

446 3594 692 3687 curruptionem
702 3627 714 3686 ;
728 3616 833 3669 tamen
847 3608 944 3688 J'uxta
959 3616 1052 3670 actus
1071 3606 1103 3667 iu
1119 3606 1198 3681 vita,
1216 3605 1267 3667 vei
1282 3606 1314 3666 in
1334 3605 1487 3678 salutem,
1501 3618 1554 3664 seu

444 3710 476 3769 in
493 3706 705 3788 perditionem
722 3708 785 3769 erit
807 3724 863 3769 ras
877 3715 1026 3773 nostrum
1037 3706 1070 3768 in
1083 3712 1243 3786 perpetuu
1257 3703 1472 3776 duraturum,
1484 3701 1555 3781 quin

444 3809 552 3871 denuo
573 3808 787 3871 conscientiae
808 3807 1031 3871 reformationi
1047 3807 1145 3869 detur
1158 3806 1265 3880 iocus,
1278 3806 1493 3901 poeniteutiae
1513 3802 1554 3864 ui·

449 3912 588 3983 mirum,
610 3926 676 3989 qua
698 3910 738 3970 ad
762 3909 915 3972 virtutem
942 3910 1176 3973 convertimur.
1199 3905 1243 3969 Et
1262 3907 1325 3971 hoc
1347 3902 1443 3977 iuxta
1471 3920 1556 3985 prae·

447 4010 576 4072 missam
595 4026 675 4071 suae
689 4008 764 4071 fidei
778 4008 1012 4089 professionem
1034 4009 1073 4071 de
1096 4010 1160 4073 rita
1184 4009 1306 4073 futura.

524 4109 606 4173 lteru
621 4108 719 4173 Libro
731 4108 787 4173 tx.
801 4104 853 4175 41.
867 4109 901 4172 r'o
919 4108 1094 4191 Epistulam
1104 4111 1147 4172 ud
1162 4107 1332 4185 Romanos,
1346 4128 1389 4173 ex
1405 4108 1467 4171 his:
1482 4104 1557 4169 neo

445 4219 513 4272 eret
534 4206 570 4271 in
596 4207 730 4284 moseo,
743 4210 897 4272 mundum
916 4208 1126 4275 reconcilians
1145 4208 1215 4285 itti,
1239 4206 1337 4271 Verbi
1360 4206 1416 4270 Dei
1439 4208 1471 4271 in
1492 4202 1557 4267 uui·

447 4326 557 4374 versas
575 4316 745 4375 creaturas
762 4311 946 4391 exprimens
961 4311 1210 4375 dominationem
1226 4310 1257 4373 in
1273 4308 1384 4373 muudi
1399 4307 1461 4371 tine
1475 4306 1558 4368 futu·

448 4428 531 4488 ram,
550 4411 678 4475 devicta
694 4418 811 4488 morte,
826 4411 976 4476 omnibus
991 4412 1169 4492 genuflexis
1182 4410 1390 4487 coelestibus,
1405 4404 1559 4472 terrestri·

447 4512 509 4576 uus
521 4520 555 4577 et
567 4510 716 4587 inferuis,
732 4520 769 4577 ut
789 4513 832 4576 sit
853 4509 940 4583 Deus
959 4514 1067 4578 omnia
1087 4516 1119 4579 in
1140 4513 1289 4578 omuibus
1309 4512 1361 4589 (iu
1382 4526 1447 4590 quo
1462 4502 1558 4573 cunti·
