3375 5567
166 760 238 821 ιιιιι
260 758 350 825 aienti
368 768 405 825 et
423 760 650 841 magnitudinis
671 781 689 825 a
713 763 873 841 parvitate
903 762 1050 825 ulmi-ina.
1074 760 1247 829 Verumta-

165 861 252 921 neeri
261 862 401 925 aicdioae
416 861 570 927 Αιοιοιιι
584 869 758 927 contextus
775 864 1000 942 investigetur,
1015 880 1073 943 noc
1088 863 1143 925 iiia
1160 864 1247 927 erui·

167 968 320 1041 tunquam
339 964 474 1043 praebet
488 984 516 1025 ι.
534 952 773 1045 Hieronymus,
789 966 1041 1045 consequentum
1063 980 1122 1027 neo
1144 966 1249 1027 mutto

164 1063 245 1123 niens
263 1065 445 1143 probatur,
475 1066 561 1129 iatnd
582 1081 730 1129 asserere
759 1065 903 1145 potuisse
934 1064 1128 1145 Origenem:
1153 1065 1250 1128 niiter

162 1170 234 1225 crire
251 1166 470 1242 praedonem
491 1169 559 1247 ipre
581 1166 703 1230 iuiaaet.
720 1165 793 1231 Non
813 1166 898 1230 enim
919 1168 963 1231 ibi
984 1168 1052 1255 ipre
1066 1167 1251 1231 concideret

161 1273 283 1328 caturam
303 1262 379 1329 Filii
406 1270 509 1334 relate
530 1268 570 1331 ad
595 1267 723 1332 Putrem
735 1288 746 1346 ;
767 1268 823 1331 aed
847 1267 921 1333 Filii
944 1268 1143 1334 divinitatem
1166 1269 1250 1331 relu-

162 1372 186 1423 te
200 1366 232 1425 ad
251 1366 495 1444 inmunitatem,
517 1386 660 1448 quocum
674 1388 709 1433 ac
731 1369 914 1433 hominibus
933 1368 1076 1435 Verbum
1091 1370 1251 1449 praestitit

162 1465 320 1531 ridendum.
336 1469 386 1533 Ae
401 1470 475 1533 ideo
488 1470 584 1533 docet
598 1471 629 1531 in
649 1471 850 1533 humanitate
866 1468 924 1533 Dei
941 1468 1150 1547 Filiuminon
1172 1488 1250 1533 vern

161 1560 285 1646 Patrem)
304 1589 340 1634 ee
360 1572 590 1645 exinanietur
611 1572 715 1651 gioria
736 1572 959 1635 immensitatis
971 1590 1052 1635 uuae
1074 1572 1175 1637 veluti
1196 1570 1250 1633 de·

158 1666 337 1733 recedentem
358 1671 391 1731 iu
413 1672 499 1734 bunc
520 1671 678 1735 muudum
699 1673 764 1747 ita,
786 1680 823 1735 ui
844 1673 885 1734 nb
907 1673 1089 1737 hominibus
1110 1673 1250 1753 conspici

158 1768 302 1843 potuieeet.
324 1769 562 1847 Direrrimodc,
584 1772 611 1835 si
634 1773 666 1833 in
688 1779 753 1835 tota
774 1791 835 1835 cna
857 1773 1070 1835 immensitate
1091 1770 1149 1835 Dei
1172 1770 1252 1838 Ver-

158 1865 219 1929 ium
231 1888 263 1933 ae
281 1870 483 1937 exhibuiaaet
496 1874 529 1935 iu
544 1873 652 1949 terris,
672 1874 758 1937 haud
781 1874 959 1955 potuissent
974 1874 1118 1935 hominm
1140 1873 1253 1937 oculor

160 1968 185 2028 iu
200 1987 267 2033 cunr
287 1972 476 2049 intendere,
503 1992 562 2039 nec
582 1976 682 2055 ipsine
703 1977 908 2039 comidernre
929 1974 1077 2053 gloriam.
1100 1971 1173 2037 Nou
1194 1971 1254 2035 Pe·

158 2068 214 2144 ιιιι,
233 2072 316 2146 dico,
331 2072 486 2137 deitatem
507 2075 539 2138 in
559 2074 702 2139 duorum
721 2075 968 2167 compotatione
994 2080 1179 2137 rintuaruu
1202 2090 1252 2137 re·

158 2167 211 2233 iate
228 2172 265 2234 ad
287 2172 409 2237 Filium
431 2178 557 2240 excutit
575 2175 742 2256 Origenes.
757 2177 819 2239 Sed
835 2176 910 2240 Filii
924 2177 1121 2241 divinitatem
1144 2177 1175 2239 in
1193 2176 1255 2239 irn-

156 2289 231 2335 uara
249 2292 362 2351 mene,
383 2278 537 2357 cernique
557 2288 689 2358 accepta
712 2278 830 2354 iorma,
856 2276 1052 2351 considerat,
1075 2296 1140 2358 qua
1160 2278 1252 2341 eonii

159 2366 283 2438 ierinn
296 2375 486 2441 ostenderet
504 2379 587 2441 riam
601 2379 790 2460 cognitionis
810 2380 985 2442 divinitatis
1007 2396 1097 2441 enee.
1115 2378 1164 2443 Ae
1179 2397 1254 2460 pro·

155 2472 214 2537 inde
224 2476 368 2543 duarum
388 2487 585 2556 statuorum,
602 2481 698 2543 unius
719 2480 866 2560 maioris,
882 2479 1017 2543 alteriue
1039 2479 1170 2543 minoris
1185 2480 1253 2543 aire

156 2579 309 2655 parvulae,
323 2579 506 2644 similitudo
521 2599 585 2645 non
606 2582 736 2661 rerpicit
752 2580 857 2645 Petris
875 2586 908 2645 et
923 2579 996 2643 Filii
1012 2578 1181 2655 Perennae,
1197 2598 1258 2645 uec

156 2680 236 2742 anim
255 2682 296 2744 ab
317 2683 423 2747 altera
444 2683 693 2763 discrepantiam
712 2684 746 2745 in
767 2684 903 2747 essentia
926 2684 1057 2758 divina,
1079 2682 1135 2745 aed
1158 2680 1257 2747 Verin'

155 2779 239 2847 iiiiai
252 2785 507 2867 magnitudinem
528 2795 562 2850 et
575 2785 821 2849 immensitatem
840 2784 904 2847 rub
925 2784 1132 2847 humanitatia
1153 2784 1258 2847 torma

156 2886 378 2966 conprehenai.
397 2886 513 2967 inqua
533 2886 649 2952 Sermo
669 2885 728 2949 liei
749 2904 847 2949 earne
863 2885 995 2950 indutus
1014 2904 1052 2949 ec
1067 2902 1143 2951 orem
1158 2886 1261 2947 hnmi-

155 2984 236 3049 niina
247 2996 465 3052 converantur
480 3006 519 3052 ec
533 2990 637 3052 veluti
652 2988 917 3068 circumscriptus
932 2986 1013 3049 eden
1027 2992 1087 3061 eet,
1103 2995 1141 3049 ιιι
1153 2985 1261 3064 aplea·

157 3085 255 3152 iorem
270 3107 353 3154 aree
365 3092 490 3170 gloriae
502 3090 622 3154 intueri
644 3108 831 3169 poaremm,
848 3106 911 3151 non
922 3091 955 3151 iu
970 3095 1036 3151 tota
1057 3105 1116 3150 ena
1139 3087 1256 3165 gioria,

155 3188 200 3249 red
218 3190 322 3254 instar
342 3190 524 3272 apieudoris
544 3198 672 3254 stature
686 3207 807 3271 parrae
829 3191 933 3254 relate
951 3189 990 3251 ud
1013 3188 1199 3252 immensam
1220 3186 1259 3248 ii-

156 3286 211 3350 irm
221 3298 378 3367 ιιιιιιιιιι,
396 3310 482 3371 quaa
500 3292 545 3356 ob
558 3293 642 3357 hane
656 3291 780 3372 gloriae
802 3289 1047 3355 immensitatem
1062 3287 1259 3353 concideram

155 3391 343 3469 eequiriaaet
361 3409 381 3452 a
402 3392 504 3455 ιοιιι.

223 3488 423 3568 Praeterea,
445 3501 566 3573 quanio
584 3493 662 3574 jure
683 3492 731 3555 uti
751 3492 888 3571 geeuina
922 3489 1055 3554 tenenda
1077 3490 1119 3553 ait
1138 3486 1259 3551 Itnffini

157 3587 386 3670 interpretatio,
409 3600 621 3656 consentanea
642 3610 758 3673 nempe
772 3593 926 3657 Auctoris
946 3594 1069 3667 censui,
1093 3590 1262 3671 textuique

156 3691 321 3755 eoeiormie
335 3710 375 3755 ae
394 3692 458 3755 aiia
480 3695 606 3773 peritur
627 3693 668 3756 eb
684 3712 735 3769 en,
755 3711 854 3775 quam
869 3692 1025 3757 confinxit
1039 3690 1259 3774 neroniani

157 3806 192 3852 er
209 3810 267 3855 ruo
289 3793 405 3857 codiee
426 3794 555 3870 inlecto,
577 3794 778 3876 compellare
795 3796 902 3876 jurat,
922 3811 1007 3874 quee
1020 3793 1175 3873 Origenes
1195 3792 1265 3871 ipae

158 3890 294 3960 iaLiirro
310 3893 366 3958 vt.
380 3893 432 3960 dd.
449 3894 546 3959 (leisc
559 3898 732 3977 respondet
746 3897 972 3977 interroganti,
994 3895 1159 3977 quomedo
1174 3890 1262 3956 Dece

158 4000 298 4073 cognocet
318 3996 445 4060 enobia
465 3999 578 4076 poerit,
595 4015 670 4063 cum
691 4000 734 4061 ιιι
751 4015 886 4078 magnus
907 4005 939 4059 et
959 3996 1183 4076 contemplatu
1203 3991 1265 4055 dii·

159 4091 252 4161 icitia.
276 4096 330 4162 Ex
342 4098 407 4160 hoe
427 4113 566 4178 namque
580 4098 731 4179 origenis
752 4116 906 4179 responso
920 4098 1108 4160 iituatreinr
1127 4093 1265 4173 amplier

157 4199 290 4272 qnod-tu
311 4200 409 4263 citata
430 4200 584 4281 pericope
602 4201 737 4264 notarit.
761 4199 870 4280 inquii
884 4200 989 4263 enim:
1007 4218 1024 4259 ι
1039 4195 1167 4276 litenis
1182 4196 1265 4259 aliur

159 4297 273 4363 cairam
294 4300 406 4364 iecere
426 4304 460 4362 et
473 4299 513 4362 ad
533 4316 698 4364 commum
718 4298 822 4363 Deum
837 4300 1017 4381 perducere
1039 4300 1211 4362 humanam
1233 4313 1268 4359 a·

158 4398 267 4461 ιιιιιιι
290 4406 412 4479 potest,
427 4416 525 4480 qnam
546 4397 633 4463 Deua
649 4398 824 4463 Verbum?
844 4400 909 4475 Qui
930 4416 1005 4463 cnm
1026 4404 1110 4462 erret
1129 4396 1161 4459 iu
1181 4398 1268 4477 prin·

161 4496 237 4576 cipio
255 4500 346 4581 apud
368 4497 486 4575 Deum,
508 4508 733 4581 promereor,
755 4500 813 4581 qui
833 4502 921 4565 carni
944 4500 1145 4581 agglutinati,
1167 4501 1266 4561 immo
