3375 5567
1151 714 1236 766 xxm

261 816 1239 916 hujusmodiporroerrorumsummampraehetallie-

175 968 322 1040 rooymus
355 945 561 1044 (postquam
587 946 761 1020 adversus
776 944 970 1042 Origenem
997 945 1108 1019 alium
1133 946 1236 1023 intlu-

174 1073 195 1145 it
205 1072 388 1170 homiuem)
405 1074 441 1145 iu
467 1073 574 1148 Libro
595 1074 639 1147 ll.
658 1098 695 1146 u.
724 1067 790 1147 12.
816 1084 942 1147 contra
962 1072 1159 1156 lluffinum,
1182 1076 1238 1149 di·

172 1220 250 1272 ceus·
280 1224 297 1270 ι
326 1197 446 1274 Proho
472 1224 540 1297 ego
567 1203 662 1273 inter
681 1199 794 1275 multa
823 1198 989 1296 Origeuis
1012 1198 1121 1283 mala,
1148 1200 1238 1277 haec

172 1327 308 1401 maxime
331 1327 537 1402 haeretica:
557 1324 623 1401 nat
651 1327 782 1402 Filium
807 1339 1037 1400 creaturam:
1053 1326 1237 1439 §piritum

98 1479 99 1542 j
172 1452 323 1529 Sanctum
353 1456 578 1529 ministrum:
609 1456 762 1529 mundos
790 1454 1087 1541 innumerabiles
1115 1470 1239 1531 acter-

98 1639 100 1658 ,
172 1582 215 1653 nis
237 1581 302 1655 sihi
329 1581 463 1659 seculis
489 1582 746 1657 succedentes:
775 1583 924 1679 angelos
953 1606 1078 1657 versos
1106 1585 1141 1657 in
1161 1585 1239 1658 ani·

98 1759 99 1776 ι
172 1730 235 1781 mas
260 1709 466 1783 hominum:
496 1711 654 1783 animam
676 1710 875 1808 salvatoris
903 1709 1014 1783 fuisse
1044 1725 1238 1810 autequam

98 1823 99 1876 3
171 1850 364 1911 nasceretur
387 1860 436 1909 cx
454 1834 566 1910 hlaria
574 1859 588 1924 3
611 1851 650 1911 et
674 1837 768 1912 hane
786 1860 881 1922 esse,
896 1840 988 1933 quae
1004 1860 1086 1911 cum
1103 1840 1137 1910 iu
1163 1840 1241 1915 lor-

98 2041 99 2044 ,
169 1984 216 2034 ma
240 1962 305 2037 llci
328 1978 445 2049 esset,
472 1980 627 2039 nonest
653 1966 817 2061 rapinam
845 1963 1035 2052 arbitrata,
1052 1968 1240 2065 aequalem

98 2127 100 2180 ι
170 2112 200 2162 se
222 2114 298 2167 esse
328 2091 426 2179 Deo;
452 2094 515 2167 sed
544 2116 583 2167 se
611 2093 812 2167 exinanivit
834 2092 990 2167 formam
1019 2096 1114 2169 sciri
1143 2097 1240 2170 acci-

97 2201 99 2204 ⁴
170 2218 276 2312 piens:
303 2221 611 2295 resurrectionem
643 2234 851 2296 nostrorum
881 2242 1072 2317 corporum
1101 2223 1153 2296 sic
1180 2222 1240 2298 l'u·
1327 2220 1328 2225 ’

98 2325 100 2406 l
171 2357 287 2429 uram,
315 2360 362 2421 ut
387 2346 515 2419 eadem
544 2341 709 2420 membra
730 2360 807 2419 'non
835 2345 1019 2430 habeant,
1048 2348 1130 2445 quin
1159 2372 1242 2424 ces·

171 2473 319 2547 sautihus
338 2473 587 2548 membrorum
604 2474 745 2559 officiis,
774 2474 957 2572 superfluo
974 2476 1135 2549 membra
1161 2480 1244 2553 red-

97 2597 100 2686 J
171 2596 308 2673 dautur:
339 2600 489 2697 ipsaque
516 2622 666 2697 corpora
697 2601 817 2676 tenuia
845 2613 884 2673 et
912 2586 1085 2697 spiritalia
1116 2606 1243 2701 paula-

98 2793 100 2820 ,
170 2725 473 2811 mansuescere,
500 2741 539 2801 et
561 2727 598 2799 iu
618 2748 743 2801 auram
768 2742 915 2802 tenuem
944 2742 1053 2826 atque
1082 2730 1117 2803 in
1146 2718 1244 2806 niht'-

98 2827 100 2876 ᾖ
170 2851 232 2924 lum
259 2853 452 2952 dissipari:
485 2854 521 2925 in
547 2855 779 2929 restitutione
807 2854 988 2939 omnium,
1017 2857 1158 2952 quando
1186 2859 1244 2933 in-

98 3053 100 3088 }
170 2975 343 3074 dulgentia
363 2978 569 3078 principalis
592 2979 744 3064 venerit,
763 2978 961 3055 Cherubim
983 2992 1021 3055 ct
1039 2982 1242 3080 Seraphim,

170 3101 341 3188 Thronos,
361 3104 600 3202 Principatus,
622 3104 907 3191 Domiuutinues,
932 3106 1107 3193 Virtutes,
1138 3108 1247 3183 Pote-

168 3244 283 3315 statcs,
311 3232 571 3329 Archaugclos,
609 3232 780 3329 Angelos,
807 3233 1005 3319 diabolum,
1033 3236 1243 3321 daemones,

168 3357 294 3431 animas
312 3358 477 3431 omnium
505 3358 691 3432 homiuum
712 3370 787 3433 tam
816 3359 1114 3446 christianorum,
1133 3384 1243 3460 quam

167 3484 370 3571 judaeorum
397 3496 437 3557 et
464 3486 665 3579 gentilium,
694 3486 800 3559 uuius
827 3468 1043 3559 conditionis
1071 3502 1109 3561 et
1137 3510 1244 3563 men-

172 3632 265 3682 surae
292 3610 398 3683 iore:
427 3632 582 3707 cumque
609 3612 654 3683 ad
683 3611 838 3685 formam
860 3627 899 3686 ot
925 3612 1054 3685 libram
1084 3618 1247 3714 aequita-

175 3734 213 3805 tis
236 3737 481 3832 pervenerint:
511 3750 549 3809 et
571 3738 805 3834 rationabiles
825 3752 1025 3825 creaturas,
1041 3745 1137 3815 omni
1166 3768 1247 3818 cor-

175 3882 290 3954 porum
319 3862 421 3937 iaece
439 3863 617 3960 deposita,
637 3886 751 3939 novus
765 3867 809 3938 da
835 3865 957 3939 mundi
978 3866 1107 3941 exsilio
1132 3894 1247 3969 popu·

98 4076 100 4089 .
175 3984 195 4059 li
219 3987 437 4063 revertentis
455 3994 715 4066 monstraverit
734 3994 929 4078 exercitus,
950 4006 1035 4066 tuuc
1059 4020 1183 4073 rursus
1201 4024 1247 4074 ex

98 4091 100 4124 ³
175 4113 249 4191 alio¹
266 4116 442 4213 principio
468 4116 545 4189 lieri
579 4119 752 4191 mundum
772 4119 898 4205 alium,
925 4138 964 4197 et
983 4126 1051 4197 alia
1080 4146 1248 4222 corpora3

98 4212 100 4258 l
176 4242 296 4335 quihus
324 4243 490 4318 labentes
516 4245 560 4320 de
579 4245 682 4320 coelo
708 4248 850 4321 animae
879 4251 1092 4336 vestiantur,
1123 4262 1163 4325 ut
1186 4276 1249 4327 ve-

98 4343 99 4366 *
178 4367 318 4441 rendum
346 4367 452 4443 nohis
478 4369 540 4453 sit,
567 4394 612 4443 ne
640 4373 700 4468 qui
728 4394 823 4445 nunc
851 4374 919 4447 viri
946 4396 1094 4459 sumus,
1122 4390 1248 4473 postea

98 4553 99 4604 3
180 4512 362 4571 nascamur
379 4497 416 4569 in
435 4495 679 4583 foeminas3et
695 4520 788 4596 quac
807 4500 913 4577 hodie
931 4500 1044 4597 virgo,
1064 4526 1158 4577 nunc
1176 4503 1251 4579 lon
