3375 5567
355 782 434 851 tur,
455 774 550 840 siouti
572 772 663 837 bouis
683 770 809 837 autibus
830 772 1025 853 praemium.
1055 766 1145 833 Istud
1170 774 1280 833 antem
1310 769 1473 835 adversus

355 876 531 949 instabiles,
556 893 667 955 vagas,
688 881 720 937 et
741 890 859 954 pravas
875 873 1041 934 hominum
1064 870 1274 949 cogitationes
1296 881 1421 934 rentum
1439 879 1476 934 et

354 979 519 1040 sincerum
542 975 843 1055 parvipendentium
866 974 998 1035 rationis
1020 970 1200 1044 dictatum,
1222 972 1349 1034 diuinae
1378 990 1476 1035 rere-

355 1076 485 1138 iutionis
507 1074 671 1138 firmatum
694 1080 743 1137 est
765 1072 958 1137 testimonio.
983 1069 1025 1134 Et
1051 1070 1139 1150 qnod
1166 1072 1343 1133 universim
1363 1089 1382 1133 a
1406 1072 1477 1149 pri·

356 1176 419 1240 sois
441 1175 643 1255 temporibus
664 1174 825 1237 creditum
849 1174 913 1237 init
931 1180 967 1235 et
985 1171 1128 1235 contusis
1150 1172 1335 1235 notionibus
1357 1172 1477 1251 vulga·

359 1284 431 1338 tum
452 1276 537 1337 iuter
552 1283 673 1354 gentes,
689 1274 907 1337 instauratum
928 1281 961 1335 nt
981 1273 1151 1352 perspicue
1172 1272 1376 1337 deciaratum
1388 1281 1438 1336 est
1451 1290 1473 1334 a

359 1374 506 1437 doctrina
529 1371 649 1437 Christi

441 1472 651 1553 Quapropter
671 1473 703 1535 in
721 1471 925 1552 propositum
946 1487 1093 1550 pergens,
1111 1477 1148 1532 ut
1170 1470 1402 1551 optatissimam
1422 1488 1475 1533 as·

358 1591 480 1655 sequar
502 1581 571 1634 tum
592 1590 617 1634 s.
641 1569 805 1651 Gregorii,
823 1578 893 1633 tum
913 1570 1063 1649 origenis
1083 1572 1116 1633 in
1137 1570 1199 1634 hoo
1219 1571 1260 1632 de
1281 1573 1476 1635 aeternitate

359 1692 539 1755 poenarum
561 1672 711 1754 dogmate
732 1671 940 1735 concordium
970 1688 1046 1733 oum
1075 1671 1191 1735 ceteris
1222 1661 1386 1735 Euoiesiae
1412 1671 1477 1735 Pa·

359 1776 486 1849 tribus,
508 1782 542 1835 et
563 1775 609 1837 sic
630 1773 689 1835 sibi
714 1773 853 1835 uicissim
877 1771 1152 1851 suffragantibus,
1180 1772 1306 1852 fulgent
1332 1774 1477 1852 amptius

362 1876 495 1951 veritam
511 1872 688 1935 lectoribus
706 1873 832 1951 praeire
849 1870 960 1945 volui,
976 1872 1152 1934 summarie
1167 1889 1184 1933 a
1200 1871 1378 1951 Scriptnris
1396 1890 1476 1953 apo·

358 1980 482 2042 stoiiuis
494 2019 505 2049 ‚
519 1976 560 2037 nb
581 1977 722 2055 antiquis
735 1974 882 2053 patribus
895 1973 1028 2052 Origeni
1044 1976 1366 2054 praedecessoribus,
1383 1993 1401 2037 s
1420 1994 1479 2037 re·

362 2080 439 2149 teris
460 2076 647 2161 synagogae
673 2072 860 2153 Magistris,
881 2083 916 2136 et
944 2091 963 2135 a
993 2072 1136 2139 Platonis
1162 2093 1295 2156 quoque
1329 2075 1475 2150 Schola,

361 2177 523 2260 quandam
545 2184 738 2255 argumento
759 2183 871 2237 nostro
891 2177 1135 2237 accommodata
1155 2177 1311 2241 delibans.
1339 2176 1383 2239 Et
1401 2178 1477 2258 qui-

363 2282 500 2342 buscum
521 2294 582 2339 ceu
606 2275 850 2339 fundamentum
873 2292 993 2353 ponera
1015 2277 1119 2355 magni
1140 2278 1292 2353 aedificii,
1304 2284 1337 2339 et
1351 2294 1476 2357 propu-

363 2378 538 2461 gnaculum
561 2377 718 2440 aduersus
739 2394 802 2439 non
824 2384 949 2440 tantum
970 2376 1070 2457 hujus
1090 2378 1258 2441 doetrinae
1273 2379 1502 2455 mentituros„

362 2480 418 2544 sed
441 2489 473 2541 et
493 2485 605 2540 eontra
629 2476 717 2552 ilios,
738 2477 795 2556 qni
814 2486 873 2540 aut
888 2477 993 2550 inscii,
1008 2488 1195 2542 sanctornm
1209 2478 1344 2542 Petrum
1359 2478 1399 2542 do
1412 2480 1479 2542 hau

273 2648 275 2653 χ
361 2600 399 2644 re
419 2598 482 2642 nun
504 2578 720 2641 adverterunt
741 2588 893 2650 mentem,
916 2586 975 2641 aot
995 2579 1209 2659 intelligentes
1228 2581 1478 2660 depravarunt,

362 2678 557 2743 offendicula
589 2680 653 2742 buc
682 2680 762 2743 iiius
794 2688 982 2760 spargentes
1010 2678 1042 2741 in
1070 2681 1236 2761 propriam
1268 2689 1301 2744 et
1331 2680 1477 2743 aliorum

369 2800 507 2847 ruinam.

450 2882 498 2946 hc
519 2883 646 2945 iuterim
667 2884 693 2945 si
717 2882 881 2948 Ecclesiae
902 2885 1017 2949 Patres
1036 2884 1214 2965 apostoliea
1234 2883 1355 2963 scripta
1379 2883 1481 2947 trudi·

369 2986 537 3064 tionesque
555 2984 651 3064 juxta
673 2984 739 3046 disi
765 2984 859 3048 Pauli
880 2986 1014 3049 ebatum
1035 2987 1067 3047 in
1092 2984 1122 3048 2
1149 2986 1188 3047 ad
1213 2983 1481 3049 Thessalonicen·

366 3103 417 3148 aas
438 3104 467 3148 u.
490 3082 518 3145 tt
535 3104 542 3145 :
568 3104 583 3142 s
607 3080 716 3163 traque
735 3086 852 3162 fratres
872 3098 951 3148 stote
961 3105 977 3159 ,⁰
999 3097 1028 3148 et
1054 3098 1147 3149 tenete
1168 3085 1375 3161 traditiones,
1394 3104 1481 3165 poss

365 3182 522 3248 didicistis
541 3182 607 3245 sine
625 3203 680 3263 per
700 3204 888 3261 ommonem,
905 3187 970 3249 stoc
986 3207 1044 3267 prr
1062 3187 1258 3267 epistolum»
1277 3189 1400 3266 ubique
1414 3196 1483 3249 ter-

367 3304 479 3348 rarum
502 3286 626 3361 integre
645 3293 798 3365 sorteque
819 3306 952 3350 servare
973 3289 1255 3367 studuerio13boo
1275 3289 1480 3367 potissimum

332 3458 337 3469 ¹
366 3388 516 3466 dogmate
537 3384 576 3445 de
597 3384 700 3447 attera
719 3390 811 3461 vita,
834 3389 1086 3453 christianornm
1103 3390 1227 3452 animos
1247 3390 1418 3469 perspicua
1437 3404 1481 3450 ao

366 3486 435 3549 sina
456 3484 645 3564 ambagibus
668 3486 831 3549 imbuendi
853 3489 1103 3552 solticitudinem
1125 3508 1261 3570 parem,
1284 3498 1318 3551 et
1336 3488 1482 3568 amphus

366 3585 495 3648 eosdem
511 3584 695 3649 adhibuisse
710 3588 881 3665 probatur.
904 3588 1121 3668 Evangelioae
1144 3607 1284 3668 namque
1305 3589 1480 3652 institutio-

366 3686 414 3748 nis
435 3685 515 3749 itiud
539 3692 610 3747 erat
630 3704 727 3765 opus,
748 3706 784 3749 ea
809 3691 908 3761 ratio,
928 3691 984 3752 iile
1006 3691 1200 3769 praecipuus
1221 3691 1348 3753 diuinae
1367 3691 1482 3753 extitit

367 3785 447 3850 lusu
469 3786 588 3849 Christi
612 3788 768 3850 missionis
789 3806 807 3851 n
825 3789 922 3853 Patre
942 3794 974 3853 in
996 3792 1082 3853 hunc
1098 3791 1254 3854 mundum
1277 3808 1406 3869 scopus.
1424 3789 1477 3853 Ex

365 3883 498 3948 loannis
513 3886 622 3963 itaque
642 3884 819 3965 Evangelio
833 3907 881 3951 ce.
896 3887 953 3952 ΙΙΙ.
975 3896 1008 3951 et
1024 3887 1062 3951 Χ.
1080 3889 1205 3968 iuquit:
1223 3885 1277 3951 St'e
1296 3890 1378 3955 soto
1393 3886 1480 3951 Deus

365 3984 481 4047 ditexit
500 3985 665 4060 muudum,
681 3994 717 4047 ut
728 3986 831 4065 fitium
851 4006 943 4051 suum
963 3986 1159 4066 unipenitum
1179 3990 1291 4052 duret.-
1312 3997 1347 4051 ut
1362 3986 1483 4061 omnis,

364 4080 421 4166 pei
442 4082 542 4145 credit
562 4080 598 4144 r'u
618 4102 701 4161 euru,
723 4104 788 4149 uon
804 4086 1110 4166 percontabatur
1124 4086 1223 4151 uitam
1240 4099 1398 4151 aunuum

369 4195 402 4248 et
422 4185 497 4250 aiibi
525 4202 579 4263 epo
600 4183 684 4261 oeni,
707 4198 742 4249 ot
764 4185 862 4249 vitam
881 4187 1025 4263 habeant,
1048 4199 1076 4248 et
1099 4188 1316 4255 murmannus
1337 4188 1481 4251 babeam

371 4284 544 4348 Praeterea
566 4288 695 4365 quoties
712 4284 861 4351 Christus
875 4289 1052 4368 Apostoiis‚
1068 4289 1301 4370 dissipatione
1320 4290 1424 4358 turbis
1438 4290 1483 4353 de

371 4386 434 4447 vita
456 4386 524 4448 sive
546 4386 744 4451 beatitudine
764 4398 896 4451 aeterna
918 4389 1116 4470 loquebatur
1128 4434 1142 4465 ,
1161 4409 1199 4454 an
1219 4390 1260 4452 de
1289 4400 1393 4454 morte
1418 4409 1481 4453 auu

368 4485 547 4565 perditione
569 4496 740 4567 perpetuu,
756 4508 921 4568 nunquam
944 4491 1080 4553 dubium
1095 4492 1229 4573 aliquod
1243 4510 1299 4557 eos
1314 4491 1482 4556 incessisse
