3375 5567
447 642 489 710 58
887 744 1027 812 carim
1047 746 1135 811 vlit.

451 942 541 1020 Quid
560 946 615 1007 rud
635 941 738 1017 κακία
770 946 924 1011 vitiositas
955 948 1347 1033 monumentorumque
1375 948 1564 1031 expiatione,

487 1064 526 1107 ae
539 1043 649 1109 deinde
668 1046 747 1129 quid
765 1052 822 1115 rod
844 1047 1073 1141 παλιγγεγεσία
1093 1054 1309 1132 regeneratio,
1324 1051 1391 1117 rior
1410 1047 1568 1119 ἅσιοιιατά·

486 1166 603 1227 στασις
617 1150 780 1214 restitutio
793 1153 825 1215 in
843 1153 1013 1231 pristinum
1034 1151 1303 1232 comprehenderit
1321 1172 1346 1215 o.
1364 1152 1495 1221 doctor,
1513 1170 1563 1211 oo·

483 1255 663 1333 plnnoturr
680 1257 807 1339 ejusque
826 1257 969 1321 semilae
991 1257 1165 1338 Augustini
1187 1268 1215 1321 et
1237 1258 1370 1323 nomae
1393 1252 1564 1321 testimonio

490 1357 644 1419 adauctis.

453 1602 587 1737 Usque
608 1660 673 1724 lruo
694 1659 734 1724 de
755 1658 892 1745 Nysseni
913 1662 1079 1724 doctrinae
1099 1660 1295 1742 integritate,
1316 1660 1386 1723 siro
1406 1675 1482 1722 enm
1505 1656 1564 1720 Ee·

449 1760 546 1826 clesia
569 1758 736 1825 catholiea
758 1763 797 1825 de
818 1780 997 1843 poenarum
1012 1763 1205 1824 aeternitate
1221 1777 1389 1824 consensu.
1413 1758 1563 1821 Attamen

448 1860 607 1942 quaedam
630 1862 761 1942 insuper
775 1862 992 1943 investiganda
1013 1867 1201 1942 supersunt,
1217 1861 1391 1940 dequibus
1411 1865 1508 1921 antea
1523 1858 1563 1920 ob

449 1963 656 2044 praeeipuam
671 1966 892 2044 quaestionem
905 1980 1129 2043 superacutum
1145 1968 1202 2024 cst.
1219 1959 1260 2023 Et
1281 1978 1318 2022 cn
1339 1977 1415 2022 sanc
1434 1968 1563 2023 vertun-

449 2072 505 2127 tur
529 2064 614 2127 circa
638 2064 786 2127 cloelius
811 2061 995 2126 vitiositatis
1015 2063 1237 2134 vocabulum,
1259 2078 1328 2141 qno
1353 2060 1472 2140 singuli
1498 2059 1563 2123 lere

447 2162 597 2244 Gregorii
620 2164 752 2244 inspersi
783 2172 859 2227 sunt
878 2181 1064 2243 sermoucs;
1098 2162 1253 2243 quodque
1274 2162 1316 2224 oir
1339 2161 1446 2224 sarias
1467 2160 1563 2242 liujus

447 2263 583 2327 nominis
602 2264 861 2343 significationes,
881 2270 915 2326 ct
934 2263 1042 2344 quoad
1066 2264 1207 2327 maxime
1228 2264 1329 2342 ipsius
1346 2262 1562 2342 expiationem

446 2362 662 2426 diversimode
682 2362 723 2424 ab
744 2380 784 2425 eo
805 2369 914 2426 ectum
936 2370 995 2426 est.
1019 2360 1122 2443 idque
1143 2365 1286 2443 primum
1306 2370 1339 2426 et
1358 2363 1506 2427 studiose
1523 2363 1562 2422 ab

445 2461 640 2527 adversariis
662 2464 983 2527 animadvertendum
1004 2471 1096 2542 erat,
1119 2464 1337 2544 expiationem
1358 2464 1458 2527 talem
1478 2480 1498 2525 a
1520 2462 1563 2523 ri·

448 2562 606 2639 tinnitum,
629 2564 696 2627 sive
727 2572 901 2642 apeoeato
922 2572 995 2643 post
1019 2565 1145 2627 obitum
1165 2563 1377 2642 explendam,
1400 2562 1561 2643 exipsius

445 2660 607 2744 Gregorii,
625 2683 683 2727 neo
704 2682 766 2726 non
784 2662 903 2738 Procli,
927 2673 959 2726 et
975 2662 1131 2727 llletlnodii
1155 2671 1187 2726 et
1202 2664 1373 2745 Epiphanii
1389 2682 1449 2728 ore
1468 2665 1562 2725 aliter

444 2765 529 2827 sumi
544 2766 584 2826 ab
604 2784 655 2840 ea,
669 2783 753 2846 quae
775 2782 833 2846 per
848 2764 1016 2844 baptisma,
1038 2783 1096 2829 seu
1113 2782 1171 2845 per
1192 2765 1561 2846 poenitentiamaliaqne

445 2862 609 2929 Ecclesiae
630 2874 828 2930 sacramenta
850 2867 881 2927 iu
903 2865 1041 2929 haesita
1058 2865 1237 2944 obtinetnr;
1255 2874 1355 2945 atque
1375 2865 1483 2928 multo
1498 2880 1562 2926 ma-

446 2966 492 3047 gis
513 2966 554 3029 ab
574 2985 610 3030 ea
633 2967 867 3030 decernendam
888 2984 957 3031 esse
978 2968 1169 3046 purgatione
1190 2967 1222 3027 in
1244 2966 1370 3029 interno
1393 2976 1469 3046 post
1479 2965 1563 3047 iudi·

444 3069 531 3130 oium
554 3067 647 3131 finale
668 3068 877 3143 conficienda,
900 3085 985 3147 quae
1008 3085 1173 3146 nunquam
1187 3068 1261 3143 crit,
1283 3085 1343 3130 neo
1356 3068 1558 3147 admittetur,

446 3167 493 3233 uti
515 3169 748 3231 recentioribus
770 3186 942 3249 perperam
964 3184 1156 3246 persuasum
1179 3166 1241 3230 init
1263 3166 1464 3230 intellexisse
1482 3165 1561 3247 Nys-

305 3274 319 3287 ‘
443 3286 568 3332 senum.
584 3266 706 3331 ilerum
720 3270 862 3346 expiatio
879 3268 952 3330 talis
966 3265 1122 3329 censenda
1135 3272 1196 3341 est,
1213 3284 1291 3347 qna,
1316 3268 1440 3330 virtute
1457 3265 1515 3329 liei
1530 3266 1559 3325 in

444 3370 583 3431 humana
605 3378 720 3435 natura
736 3377 850 3449 agente
871 3375 943 3448 post
964 3367 1079 3442 iatum,
1097 3367 1135 3429 ad
1152 3363 1371 3445 integritatem
1394 3368 1561 3447 pristinam

442 3469 553 3544 homo,
577 3468 725 3546 quisquis
748 3467 804 3530 ille
824 3466 935 3542 inerit,
952 3468 1021 3529 sivo
1036 3467 1158 3546 probus
1178 3468 1248 3529 sire
1264 3468 1446 3547 improbus,
1469 3485 1562 3531 revo-

439 3576 536 3631 satur
553 3567 592 3629 nd
610 3566 667 3629 liei
682 3585 795 3646 nempe
817 3569 1010 3646 imaginem,
1027 3555 1074 3630 uti
1095 3567 1218 3648 abipso
1234 3566 1303 3631 Deo
1318 3571 1422 3631 anima
1441 3578 1475 3633 et
1491 3586 1562 3631 eor·

441 3656 520 3748 pore
542 3665 705 3747 perlectus
721 3666 752 3726 in
769 3662 884 3727 Adami
906 3674 939 3727 et
961 3664 1049 3727 Erae
1070 3682 1205 3745 persona
1228 3668 1377 3731 conditus
1392 3668 1469 3731 init.
1485 3668 1556 3744 Qua

440 3767 553 3830 deinde
574 3784 684 3829 eorem
702 3764 820 3829 iudice
841 3767 1024 3829 necessario
1038 3784 1073 3829 se
1094 3768 1194 3842 sistet,
1213 3777 1249 3829 ut
1263 3786 1401 3847 operum
1421 3786 1559 3832 suornm

441 3890 482 3933 ex
506 3868 635 3949 propria
660 3867 827 3929 voluntate
849 3875 1045 3929 exactorum
1071 3868 1318 3932 retributionem
1345 3870 1491 3948 reierat3
1514 3878 1560 3933 at·

439 3984 504 4049 qne
520 3975 677 4048 perpetuo
691 3966 722 4027 in
738 3983 836 4045 regno
853 3966 986 4029 coelesti
1004 3986 1078 4030 oum
1094 3968 1214 4047 angelis
1230 3971 1320 4030 rirat
1341 3968 1478 4033 beatus:
1500 3988 1557 4032 seu

438 4088 515 4133 cnm
529 4066 739 4129 doemonibus
760 4083 926 4146 nunqnam
947 4066 1098 4130 desituris
1125 4075 1321 4146 torqueatur
1342 4069 1554 4133 eruciatibus.

519 4168 623 4231 Porro
640 4173 675 4230 ut
695 4166 771 4229 salis
791 4168 932 4248 amplius
954 4168 1035 4229 hane
1056 4166 1321 4246 significationem
1342 4168 1488 4248 patelini,
1503 4188 1558 4232 ro·

436 4268 555 4335 cabulo
575 4268 706 4331 odoolrt'o
720 4265 875 4330 uitiositas
890 4267 969 4329 alins
986 4273 1128 4329 emerito
1137 4276 1303 4345 peecatum
1319 4269 1471 4333 indidisse
1485 4289 1556 4334 ann·

437 4379 526 4435 etum
539 4368 724 4441 Rectorem,
737 4367 798 4431 sub
815 4386 855 4429 eo
870 4367 997 4430 nomine
1011 4383 1138 4429 omnem
1150 4369 1479 4448 comprehendentem
1493 4388 1556 4433 ma·

439 4470 549 4533 lorum
571 4468 713 4532 radicem
735 4484 776 4529 ex
798 4473 1067 4547 protoparentum
1083 4466 1182 4549 culpa
1207 4468 1238 4533 in
1262 4470 1408 4537 immines
1424 4472 1557 4536 unirer·
