3375 5567
442 784 640 871 Hippolytus
652 787 684 849 in
696 793 794 849 biorn
805 790 964 849 adsumus
974 785 1130 860 Grueeos,
1146 786 1284 868 iniustos
1297 787 1403 867 inquit
1417 804 1475 851 ae·

360 895 453 951 terno
467 886 629 967 supplicio
644 886 825 969 adjudicari
842 894 875 950 et
890 888 955 967 igni
977 888 1226 968 inextinguibili.
1241 882 1335 951 item:
1352 909 1371 947 s
1385 886 1473 955 Cum

359 992 438 1053 bene
461 990 650 1053 iacientibus
669 989 756 1071 juste
778 990 892 1053 fruitio
912 1000 1042 1053 aeterua
1066 990 1277 1070 proebeatnr3
1304 991 1471 1054 malorum

360 1109 438 1154 vero
458 1090 584 1169 cupidis
605 1096 773 1154 aeternum
795 1090 991 1170 supplicium
1013 1091 1231 1154 distribuatur
1250 1099 1284 1153 et
1307 1092 1476 1173 expeuda-

358 1202 425 1272 tur3
448 1193 562 1273 impios
580 1201 687 1254 manet
702 1192 783 1273 ignis
798 1192 1063 1270 inextinguibilis,
1077 1201 1110 1254 et
1124 1197 1180 1273 qui
1198 1211 1365 1272 uunquam
1382 1193 1476 1257 bole·

356 1303 424 1371 tur;
446 1303 479 1356 et
500 1294 618 1355 vermis
638 1292 751 1371 igneus
772 1308 834 1353 nou
850 1294 1002 1367 moriens,
1019 1310 1082 1354 non
1097 1310 1217 1373 corpus
1231 1312 1469 1371 corrumpeus3

354 1395 409 1458 sed
431 1396 611 1474 irrequieto
626 1393 742 1457 dolore
763 1413 805 1457 ex
828 1412 968 1475 corpore
989 1394 1202 1458 effervescens
1216 1406 1249 1458 et
1263 1396 1435 1458 ebulliens.
1452 1414 1472 1452 n

436 1492 639 1574 Tbeopbilus
660 1496 692 1556 in
714 1493 775 1556 line
796 1492 898 1556 Libri.
924 1492 947 1555 l.
965 1496 1004 1556 ad
1020 1494 1221 1575 Autolycum
1236 1496 1391 1558 scribite«
1407 1494 1473 1557 Sed

354 1594 454 1657 credo
474 1595 700 1674 obtemperans
727 1592 794 1656 Deo
806 1639 818 1673 ,
840 1596 894 1657 cui
923 1604 959 1657 tu
986 1614 1125 1675 quoque*
1142 1593 1351 1677 (Autolyce)
1372 1597 1399 1657 si
1421 1598 1473 1659 sis

356 1694 557 1774 obtempera,
574 1694 708 1757 credens
729 1697 771 1767 ei,
796 1712 848 1769 ne,
870 1696 897 1756 si
919 1714 1006 1757 nnnc
1019 1694 1210 1759 incredulus
1226 1696 1340 1769 lucris,
1356 1696 1473 1760 credas

356 1803 434 1859 tuno
454 1795 621 1876 suppliciis
642 1798 853 1859 excruciatus
874 1798 1025 1859 aeternis.
1043 1816 1060 1854 n
1076 1797 1170 1872 Quae
1190 1797 1362 1877 supplicia,
1378 1797 1471 1861 addit

354 1894 578 1976 Theophilus,
601 1914 664 1959 non
686 1897 793 1959 solnm
816 1917 834 1959 e
855 1894 1034 1977 Scripturis
1057 1900 1158 1962 sacris
1187 1898 1390 1977 probentur,
1411 1898 1472 1961 sed

354 2000 451 2062 etium
471 1998 654 2079 pbilosopbi
676 2000 828 2062 obtestati
846 2008 922 2062 sunt
933 2019 974 2061 nx
989 1999 1109 2062 eisdem
1124 2000 1217 2062 libris
1230 2000 1403 2062 sententias
1417 1998 1473 2062 iu·

356 2101 439 2163 ratis
464 2098 582 2179 «Lege
603 2118 759 2181 qunque,
782 2101 847 2175 ait,
863 2101 1009 2164 studiose
1029 2101 1235 2181 propheticas
1255 2100 1443 2182 Scripturas
1453 2120 1468 2179 ς

353 2219 392 2265 ue
412 2200 519 2264 lucem
543 2201 675 2263 illarum
698 2201 830 2264 babebis
853 2202 1006 2265 tutiorem
1029 2203 1158 2275 ducem,
1177 2210 1215 2265 ut
1236 2201 1342 2281 fugias
1360 2208 1472 2265 aeter·

353 2317 393 2361 nu
414 2299 588 2381 supplicia,
613 2314 646 2363 et
666 2310 823 2381 perpetuu
846 2299 905 2365 Dei
927 2303 1010 2365 bona
1032 2304 1290 2383 consequaris..
1308 2348 1318 2366 .
1335 2346 1344 2364 .
1361 2302 1473 2367 inere-

353 2402 450 2465 dulos
470 2409 580 2464 sutem
602 2409 636 2465 et
655 2407 827 2482 superbos,
846 2404 903 2485 qui
925 2422 989 2467 nou
1009 2406 1221 2484 acquiescunt
1235 2404 1379 2480 veritati,
1398 2422 1474 2467 cre-

354 2503 437 2566 dunt
456 2509 566 2565 nutem
586 2503 822 2582 iniquitati...
843 2505 1013 2568 tribulatio
1033 2514 1067 2569 et
1085 2508 1254 2586 augustia,
1276 2524 1316 2571 ae
1337 2504 1471 2569 tandem

355 2602 437 2665 tates
458 2602 539 2682 ignis
559 2608 712 2665 aeternus
733 2602 897 2667 detinebit.
913 2623 931 2662 n
946 2602 1142 2686 Huiusmodi
1165 2621 1265 2684 porro
1285 2606 1470 2669 testimonia

356 2711 426 2766 tum
447 2722 466 2766 e
486 2700 664 2782 snrlptnrls
683 2704 796 2778 sacris,
815 2712 883 2769 tum
897 2723 916 2767 a
931 2706 1104 2785 primaevis
1119 2706 1269 2770 Patribus
1283 2706 1470 2784 desumpta,

350 2822 414 2866 non
427 2812 552 2867 mutum
564 2820 731 2883 nunquam
744 2805 906 2869 desituras
917 2807 1004 2886 apud
1020 2807 1141 2869 interos
1153 2808 1374 2887 reproborum
1389 2823 1470 2886 poe·

351 2921 408 2967 nus
428 2904 623 2982 ostendunt3
646 2906 826 2983 quinimmo
846 2912 897 2980 et,
917 2924 994 2969 cum
1015 2907 1058 2969 ab
1082 2906 1203 2970 eisdem
1225 2909 1257 2968 in
1279 2906 1469 2970 delinitione

352 3004 503 3068 vocabuli
529 3001 663 3075 αἷιώνιον
683 3016 844 3069 ueternum
865 3015 1078 3082 secernetur,
1101 3007 1189 3086 quod
1218 3016 1468 3086 temporaneum

349 3115 441 3169 extat
461 3104 503 3170 nb
523 3125 583 3179 eo,
606 3103 694 3185 quod
715 3102 970 3182 sempiternum,
993 3102 1146 3165 nimirum
1168 3104 1256 3183 quod
1281 3101 1467 3181 tempurule

350 3215 415 3283 est,
439 3208 613 3271 terminum
640 3205 781 3275 babent,
802 3211 836 3266 et
856 3204 943 3282 quod
964 3212 1134 3267 ueternum
1155 3206 1224 3267 sine
1244 3204 1306 3267 dne
1326 3204 1390 3275 sit,
1410 3218 1467 3263 ar·

350 3312 463 3388 guitur
475 3308 605 3372 eusdem
620 3309 797 3386 scriptores
809 3304 949 3368 tirmiter
962 3306 1109 3379 sensisse,
1122 3313 1155 3368 et
1170 3312 1284 3385 aperte
1298 3303 1391 3366 nullo
1407 3320 1470 3366 uu-

348 3426 446 3488 quarn
470 3417 616 3489 tempore
638 3408 811 3485 impiorum
834 3413 956 3468 sertem
978 3407 1186 3469 immutatum
1208 3404 1248 3466 iri
1263 3405 1422 3467 docuisse.

432 3508 606 3572 Praetereo
639 3507 766 3571 Misnini
792 3507 982 3587 synagogae
1003 3504 1153 3585 Magistri
1181 3514 1214 3569 et
1239 3503 1466 3569 lisbbinoruus

349 3612 481 3674 sebelne
503 3612 641 3691 priscum
665 3609 870 3672 traditionem
890 3609 1018 3682 seetsti,
1034 3608 1182 3671 eamdem
1195 3606 1372 3688 amplexati
1386 3615 1468 3668 suut

349 3712 560 3787 senteutiam,
582 3728 701 3792 poenas
732 3716 936 3771 secernentes
960 3715 1183 3788 temporaneas
1205 3707 1246 3769 ab
1266 3709 1405 3770 aeternis
1425 3722 1468 3769 ac

350 3813 418 3875 sine
440 3811 501 3875 flue
523 3813 554 3873 in
571 3812 684 3875 tuturo
709 3810 832 3873 seculo.
858 3808 904 3873 ltu
927 3826 1070 3889 uanaque
1085 3809 1249 3872 decuerez
1266 3830 1283 3867 s
1298 3806 1363 3884 Qui
1378 3806 1467 3869 dilu-

287 3974 291 3983 ,
351 3914 404 3974 vio
426 3912 565 3992 periere,
584 3913 669 3975 sitae
691 3911 823 3973 futurae
844 3916 976 3973 exortes
991 3919 1100 3984 crunt,
1116 3928 1223 3988 neque
1237 3912 1334 3973 etium
1351 3908 1467 3969 sisten-

350 4020 406 4075 tur
421 4012 548 4093 iudicio
564 4058 595 4074 ..
615 4058 622 4073 .
640 4010 788 4074 seculum
813 4008 1027 4089 dissipationis
1048 4026 1164 4072 exsors
1177 4012 1241 4073 erit
1264 4009 1396 4071 futurae
1416 4006 1466 4068 si·

348 4120 401 4176 tae
416 4157 424 4175 .
441 4159 449 4177 .
469 4159 477 4176 .
502 4116 579 4176 viris
600 4112 760 4178 Sodomae
780 4111 871 4173 nulla
894 4127 968 4191 pars
989 4110 1053 4173 erit
1072 4111 1106 4171 iu
1130 4112 1194 4173 sita
1218 4118 1348 4172 aeterna
1372 4151 1462 4171 ....

349 4208 469 4275 Coetus
490 4212 628 4277 Goracbi
651 4230 713 4274 uon
734 4219 879 4290 emerget
907 4213 1050 4274 iterum:
1075 4220 1104 4272 ct
1123 4207 1282 4291 cooperuit
1306 4217 1467 4271 conterre

348 4309 472 4373 scilicet
491 4328 528 4374 eu
552 4310 739 4389 temporalis
760 4326 861 4389 poena
883 4316 952 4389 cst3
967 4318 997 4372 et
1011 4307 1206 4388 porterum
1223 4304 1325 4369 sncdio
1346 4314 1464 4380 conss,

346 4426 385 4472 ea
407 4418 537 4474 aeterne
559 4428 662 4492 poena
684 4418 733 4475 est
752 4419 815 4475 cto.
837 4409 886 4473 lta
901 4411 933 4474 in
947 4408 1156 4477 Tractatude
1177 4405 1343 4492 Synodsiis
1356 4424 1386 4469 c.
1402 4401 1463 4467 Xl.

348 4526 378 4569 u.
399 4506 430 4574 3.
454 4528 471 4569 s
494 4509 598 4575 Rabbi
620 4510 798 4577 Bnrtenora
825 4510 977 4592 incapite
998 4508 1055 4575 1v.
1077 4508 1128 4575 ll.
1152 4506 1324 4577 Tractatus
1348 4499 1465 4583 dopna
