3375 5567
436 678 497 757 aad

862 790 1001 858 uiant
1023 789 1124 855 xxx.

436 998 541 1063 detero
562 1018 587 1063 e.
605 996 793 1077 Hieronymi
812 1006 840 1060 et
856 995 966 1060 Hectit
983 991 1170 1076 prorsmtim
1186 990 1361 1056 diluuntur
1378 1008 1536 1071 organor-

476 1111 521 1173 ta,
536 1096 648 1182 quibos
660 1108 820 1179 potarunt
835 1094 1002 1177 Oripeoem
1014 1096 1180 1176 reprobare
1193 1104 1351 1157 errantem
1370 1091 1407 1157 ir
1419 1094 1536 1175 dmm·

474 1210 503 1265 te
523 1202 560 1263 de
581 1198 677 1262 libero
697 1196 841 1264 arbitrio.

436 1444 613 1583 Deinceps
633 1520 707 1566 oum
729 1504 825 1583 pluro
845 1502 955 1566 adbno
983 1510 1132 1564 maneant
1152 1501 1350 1564 discutienda
1373 1501 1416 1562 ob
1435 1497 1540 1576 Orige-

435 1606 482 1666 nis
500 1602 696 1685 ,adversariis
711 1604 789 1677 lata,
812 1620 874 1665 oen
894 1604 928 1666 in
948 1603 1145 1666 uatbollonm
1160 1621 1288 1666 mosum
1309 1602 1350 1664 de
1369 1601 1475 1663 libero
1494 1617 1540 1662 or·

436 1704 531 1766 bitrio
553 1704 738 1783 pugnantia,
754 1702 793 1765 do
810 1704 890 1780 istis,
906 1703 959 1766 uui
974 1702 1119 1780 libuerit,
1140 1703 1290 1766 oonsnlat
1310 1700 1422 1766 lluetii
1441 1699 1541 1779 Orige-

435 1804 534 1868 oiono
555 1806 587 1867 in
609 1802 707 1869 Libro
731 1802 771 1882 ll,
793 1802 991 1881 Quaestione
1008 1802 1092 1884 Vll:
1108 1822 1146 1869 ao
1167 1807 1357 1885 praesertim
1378 1811 1470 1867 notos
1489 1804 1541 1863 eis

435 1908 508 1969 dem
528 1905 683 1969 adsertae.
706 1904 875 1981 Quaedam
898 1913 1020 1982 tomen,
1044 1906 1129 1970 unde
1150 1908 1352 1988 oppositores
1374 1904 1541 1967 admodum

436 2010 587 2072 videntur
608 2006 740 2084 utiensi,
772 2007 863 2071 brevi
884 2008 1030 2071 arbitror
1056 2007 1243 2073 discurrere
1272 2009 1486 2089 expositione.
1506 2004 1542 2068 lit

434 2112 514 2175 boen
534 2118 689 2175 notantur
708 2108 749 2171 ab
764 2108 886 2175 Hnetlo
906 2111 938 2173 in
959 2130 991 2174 n.
1013 2108 1063 2177 18.
1086 2110 1231 2192 eiusdem
1251 2108 1472 2187 (insertionis,
1494 2108 1541 2172 nbi

432 2212 565 2276 scribit:
582 2232 599 2272 ι
614 2209 658 2274 At
680 2213 733 2274 rix
756 2210 857 2273 ullam
879 2209 1019 2274 admittit
1049 2211 1315 2287 exeusationem,
1337 2211 1426 2291 quod
1448 2209 1488 2273 ab
1507 2226 1540 2272 eo

435 2310 616 2392 (Origene)
639 2310 759 2375 dietum
785 2318 834 2375 est
857 2307 960 2374 Turno
981 2308 1055 2374 xit.
1088 2309 1126 2373 io
1146 2309 1340 2375 diottboeam
1371 2330 1400 2372 n.
1423 2308 1474 2377 ΞΒ.
1494 2310 1541 2373 nbi

435 2415 496 2478 boc
517 2412 634 2478 Christi
656 2411 696 2474 ad
713 2409 844 2476 Petrum
865 2428 1050 2492 exponens:
1073 2412 1260 2475 :ramosos
1279 2408 1357 2473 stibi
1377 2430 1429 2487 er,
1451 2428 1542 2493 quse·

436 2516 479 2577 rit
507 2512 671 2594 quomodo
699 2520 786 2577 stare
813 2512 895 2576 illud
923 2513 1023 2593 possit
1051 2531 1126 2578 enm
1158 2515 1220 2578 isto
1248 2513 1456 2594 Prophetae:
1485 2530 1541 2595 pax

434 2614 537 2678 mutto
550 2597 752 2693 diiipentib'ar
774 2614 870 2696 legem
889 2622 990 2691 mom,
1011 2623 1041 2677 et
1053 2632 1119 2677 nors
1139 2623 1183 2676 ert
1196 2614 1266 2677 iliis
1290 2614 1499 2677 scandatum:
1514 2621 1543 2675 et

435 2718 498 2781 isto
521 2716 687 2794 Apostoli:
710 2714 851 2780 oderitos
870 2734 1043 2797 numqaum
1064 2716 1203 2780 excidit:
1229 2716 1469 2797 respondetque
1488 2730 1543 2777 nnn

437 2815 642 2881 Serrotorem
664 2818 774 2893 modo,
789 2817 844 2880 sed
859 2835 948 2894 enm,
964 2819 1066 2899 quiin
1087 2818 1243 2883 charitate
1264 2818 1495 2899 perfectionem
1514 2833 1543 2876 r·

438 2916 553 2997 deptns
571 2924 631 2992 est,
653 2916 805 2980 scandalo
817 2917 996 2981 obnoxium
1010 2936 1073 2981 non
1087 2938 1169 2995 esse,
1183 2918 1239 2981 sed
1261 2936 1336 2981 eum
1352 2926 1472 2990 tomen,
1491 2916 1541 2997 oni

436 3026 565 3099 pensat,
588 3025 745 3099 qnantum
767 3018 799 3080 in
820 3036 855 3082 se
875 3028 941 3094 est,
962 3019 1149 3083 scandalum
1172 3020 1248 3083 baio
1267 3020 1470 3101 praebere.»

516 3117 602 3194 Quid
624 3126 733 3183 autem
756 3119 835 3181 boen
855 3119 1029 3183 arbitratui
1049 3118 1191 3183 ollioiont
1207 3120 1356 3193 bominis,
1379 3119 1461 3182 idest
1474 3134 1540 3181 cnm

435 3222 479 3283 ait
499 3219 669 3300 Origenes,
686 3220 802 3285 nedum
814 3219 929 3284 iesum
942 3221 1129 3285 scandalum
1148 3224 1225 3301 pati,
1239 3222 1294 3284 sed
1310 3239 1370 3285 nee
1386 3221 1541 3283 bominem

435 3320 467 3383 in
487 3320 658 3386 dilectione
683 3319 740 3387 liei
761 3320 956 3402 perlectum,
987 3340 1051 3384 non
1073 3323 1176 3386 rideo.
1200 3322 1541 3402 communionemque

434 3425 588 3486 sententia
609 3430 677 3497 ast,
702 3422 807 3485 sirum
840 3422 1022 3503 perlectum
1057 3440 1120 3486 non
1139 3423 1375 3487 scandalizari:
1407 3432 1539 3485 ettamen

436 3538 498 3585 non
513 3522 587 3585 inde
607 3524 757 3604 sequitur
772 3523 841 3587 tolli
864 3524 1037 3589 arbitrium
1058 3524 1234 3589 voluntatis
1248 3543 1341 3601 suae,
1362 3543 1446 3605 quoe
1466 3540 1539 3586 sem·

435 3640 495 3704 per
515 3623 737 3697 manetlibera
759 3626 791 3687 in
812 3624 1061 3703 cogitationibus
1080 3632 1114 3689 et
1134 3626 1258 3690 antibus
1278 3627 1358 3708 spis.
1376 3624 1469 3689 llsnd
1490 3622 1539 3683 sb

435 3724 542 3788 solute
561 3725 605 3786 ibi
619 3725 770 3804 loquitar
789 3724 946 3806 Origenes
960 3725 1001 3789 de
1022 3727 1162 3803 bomine,
1178 3729 1234 3807 qui
1255 3727 1462 3808 perlectionis
1480 3723 1538 3803 api·

436 3843 505 3890 nem
529 3826 680 3906 tetigerit,
702 3828 756 3889 sed
780 3827 916 3891 relative
936 3828 976 3891 ad
997 3847 1065 3904 eos,
1081 3830 1137 3910 qui
1158 3830 1263 3891 divino
1287 3831 1390 3909 grstia
1416 3828 1536 3891 robore·

437 3928 482 4002 tl,
507 3946 541 3990 so
562 3930 736 3993 munierint
760 3944 778 3992 a
803 3930 911 4010 prosis
936 3932 1203 4011 cogitationibus,
1231 3931 1313 3993 odeo
1346 3937 1384 3993 nt
1415 3944 1538 4011 peceare

436 4038 607 4109 nequeant.
631 4028 677 4093 lle
699 4027 790 4106 Noe,
812 4029 890 4094 dlett
910 4030 1101 4113 Scriptura:
1124 4030 1188 4099 Noe
1208 4033 1259 4093 oir
1272 4035 1385 4114 justus
1404 4040 1433 4093 rt
1448 4029 1538 4112 porse·

437 4139 504 4193 otus
524 4129 587 4210 suit
607 4129 644 4192 in
663 4128 914 4210 generationibus
936 4129 1002 4195 ruis
1011 4176 1024 4207 ,
1042 4150 1150 4194 eoram
1167 4129 1229 4195 Deo
1249 4132 1432 4195 ambulavit.
1454 4130 1535 4192 item:

436 4230 464 4294 ri
483 4228 534 4293 oie
551 4233 707 4312 perfectior
727 4251 802 4307 rore,
817 4234 896 4297 node
914 4234 1011 4295 orode
1033 4250 1114 4312 quoe
1134 4232 1226 4295 bader
1245 4242 1273 4293 ot
1292 4232 1336 4294 do
1345 4228 1535 4313 paupertino.

436 4331 538 4410 Quasi
559 4334 680 4397 dleeret
700 4332 875 4416 Origenes,
898 4352 1046 4411 omnem,
1067 4336 1124 4416 qni
1145 4334 1248 4415 diligit
1268 4330 1372 4395 Deum
1392 4331 1535 4396 oburitste

438 4434 602 4514 perlecta,
631 4434 827 4514 impossibile
854 4434 936 4513 deri,
965 4436 1070 4517 ipsum
1098 4435 1285 4500 scandalum
1313 4435 1401 4516 pnti3
1428 4432 1534 4513 quippo

438 4533 576 4598 ebaritas
596 4552 761 4616 nunqnam
781 4535 923 4616 excidit3
953 4545 986 4602 et
1006 4555 1082 4602 oum
1102 4554 1268 4619 nunqnam
1290 4534 1461 4612 exciderit,
1480 4526 1530 4609 uti
