3375 5567
525 783 620 850 «Sed
639 782 793 864 qnoniam
805 826 816 858 ,
828 783 897 864 jam
915 797 1015 863 snpra
1034 782 1176 847 dlnlmur
1190 780 1231 845 ad
1251 780 1331 845 haee
1347 783 1462 849 ιιι-ιιι
1478 793 1541 848 tarr

438 882 524 965 jetti
541 884 706 965 sutorium
717 884 802 948 ιιοιιι
821 885 882 961 sol,
905 884 1067 949 nonenim
1086 883 1179 964 justi,
1197 890 1234 947 nt
1248 890 1341 946 autea
1355 883 1477 951 diverse
1495 885 1548 949 lul·

443 986 590 1067 pedum,
612 986 667 1049 sed
689 994 788 1049 erunt
808 1002 919 1049 omnes
950 984 1043 1064 qnasi
1065 1000 1151 1047 unns
1174 983 1247 1060 sol,
1273 984 1452 1047 necessario
1470 984 1545 1049 nolis

443 1086 672 1166 exponendum
686 1091 737 1149 est
756 1085 835 1164 qnid
851 1098 951 1164 snper
970 1083 1033 1147 hoo
1053 1083 1145 1149 nobis
1167 1084 1328 1149 videatur.
1342 1082 1476 1151 Videtur
1495 1082 1547 1149 lla·

443 1187 532 1260 niel,
552 1187 700 1250 eruditos
719 1205 760 1250 ae
779 1184 1023 1250 multitudinem
1042 1184 1209 1265 iustorum
1238 1185 1344 1265 gloria
1367 1186 1547 1266 praecellen-

444 1290 538 1364 tium,
560 1288 672 1351 lumen
692 1287 804 1351 mundi
825 1304 896 1351 esse
916 1287 1032 1360 solens,
1054 1286 1135 1351 haee
1156 1288 1292 1361 dixisse,
1313 1306 1341 1351 e.
1359 1285 1432 1351 Xll.
1452 1285 1480 1352 3.
1498 1284 1546 1368 poi

440 1398 546 1451 nutem
558 1387 644 1452 docti
662 1388 784 1469 [ιιιιιι
796 1387 962 1468 summunt
983 1386 1078 1466 quusi
1097 1388 1246 1467 splendor
1266 1385 1456 1469 firmamenti
1474 1388 1546 1449 etde

439 1487 646 1551 multitudine
658 1488 822 1570 jussemus
851 1486 946 1570 puori
964 1488 1073 1552 stellae
1094 1488 1130 1551 ιιι
1151 1489 1361 1555 assuetiores.
1384 1488 1545 1571 Apostolus

440 1600 608 1672 praeterea
628 1610 704 1655 cnm
726 1594 792 1655 ait:
810 1590 888 1655 Atta
903 1590 1036 1653 pluritas
1058 1588 1148 1666 aulis,
1163 1589 1232 1653 ulio
1251 1590 1384 1653 alorites
1397 1592 1500 1663 tuone,
1521 1596 1545 1651 et

436 1688 506 1753 alin
525 1689 658 1755 eloritos
672 1692 847 1755 stellarum.
870 1688 969 1755 Stella
983 1690 1066 1755 euim
1091 1711 1112 1753 n
1126 1691 1219 1754 stelin
1238 1690 1348 1771 dissert
1366 1688 1405 1753 ιἰι
1424 1688 1544 1753 clarita·

437 1802 485 1866 ιιι
506 1790 553 1855 sie
570 1801 601 1854 et
618 1791 805 1856 tuometin
824 1802 1035 1865 minorum,
1058 1793 1171 1857 eadem
1192 1792 1288 1867 dicit,
1314 1809 1401 1872 qnae
1422 1790 1544 1867 Daniel,

438 1902 472 1958 el
491 1894 534 1955 ab
552 1894 624 1975 ejus
644 1896 816 1975 prophetia
841 1896 924 1958 hane
949 1895 1009 1958 sibi
1031 1896 1221 1959 sententiam
1245 1896 1429 1973 assumpsit.
1450 1892 1546 1968 Quae·

440 1998 776 2077 reterpoquispiamr
799 1995 965 2076 quomodo
978 1996 1018 2057 de
1038 1994 1170 2057 luminis
1189 1993 1356 2074 justorum
1377 1992 1544 2057 diuersum

438 2097 519 2160 haee
532 2098 641 2161 disant
660 2097 822 2171 nonnulli,
837 2114 913 2161 enm
928 2094 1084 2159 Servatur
1098 2094 1300 2158 onntrsrinm
1314 2094 1448 2169 dixerit,
1469 2091 1543 2155 siret

436 2215 521 2259 ιιιιιιι
539 2199 589 2260 ιιι
614 2190 812 2280 stripeium?
845 2196 892 2261 lta
913 2214 973 2277 ego
995 2198 1167 2270 existimo,
1190 2196 1223 2259 iu
1244 2196 1313 2275 ipso
1333 2196 1442 2259 statim
1463 2194 1542 2257 initio

437 2297 656 2374 lentitudinis,
671 2316 736 2379 que
753 2298 912 2361 fruuntur
926 2298 946 2359 li
962 2298 1018 2377 qni
1036 2297 1118 2361 salvi
1135 2297 1229 2371 liunt,
1244 2296 1397 2375 quoniam
1414 2294 1543 2359 nondum

437 2398 566 2478 purgati
579 2407 667 2472 sunt,
682 2402 740 2479 qui
757 2399 837 2462 tales
852 2417 915 2462 non
931 2405 1021 2468 suot,
1036 2398 1110 2461 iude
1126 2398 1206 2461 oriri
1222 2397 1313 2461 illam
1327 2396 1460 2461 luminis
1480 2395 1545 2457 hna-

436 2504 546 2560 tornm
566 2498 801 2578 differentiam
820 2498 878 2561 sed
893 2505 1064 2578 postquam
1086 2517 1104 2561 a
1132 2507 1200 2561 toto
1222 2495 1341 2561 Christi
1363 2514 1465 2577 repro
1484 2512 1544 2558 nm·

435 2597 486 2661 nia
501 2598 639 2664 eolleeta
659 2599 781 2661 luerint
794 2599 958 2673 seandala,
980 2600 1106 2663 aientia
1124 2598 1215 2662 uobis
1230 2614 1329 2677 snpra
1344 2597 1470 2663 dietum
1488 2602 1543 2672 est,

434 2707 468 2761 el
487 2701 648 2777 parientes
662 2700 867 2779 iniquitatem
882 2700 1094 2780 cogitationes
1118 2700 1149 2761 ιιι
1165 2697 1329 2763 caminum
1350 2698 1431 2777 ignis
1445 2696 1544 2775 nonie-

436 2787 508 2866 etas
529 2799 666 2875 luerint,
679 2818 719 2865 ae
736 2801 863 2880 penitus
876 2802 997 2865 abolita
1012 2800 1188 2874 deteriora,
1203 2807 1237 2863 et
1256 2801 1288 2861 in
1302 2800 1424 2863 horum
1444 2796 1544 2877 cogni·

436 2902 556 2964 tionem
579 2904 737 2977 venerint,
760 2902 817 2981 qui
838 2904 870 2963 ln
890 2922 926 2966 se
948 2910 1143 2983 receperunt
1162 2918 1327 2965 sermones
1351 2898 1435 2965 moli
1456 2899 1543 2973 lilios,

436 3010 513 3067 tuno
534 3001 685 3065 luturnm
713 3005 805 3065 utin
827 3002 933 3067 Patris
952 3007 1004 3068 sui
1027 3021 1127 3083 regno
1158 3002 1305 3082 inlpeant
1321 3001 1422 3083 justi,
1448 3016 1543 3065 unum

433 3102 541 3167 solare
562 3102 673 3165 lumen
695 3102 782 3167 lauti.
803 3101 940 3167 Cuinam
963 3122 1043 3167 vero
1063 3101 1290 3184 splendebunt,
1306 3103 1366 3167 nisi
1387 3098 1543 3165 interiori·

433 3203 589 3267 sustuna
602 3222 719 3267 eoru·
740 3205 903 3280 lrnitnris,
920 3205 1022 3269 veluti
1042 3205 1093 3268 sol
1112 3203 1281 3284 splendens
1301 3204 1351 3279 iis,
1372 3205 1431 3283 qui
1450 3215 1545 3281 snper

434 3314 556 3367 terram
576 3303 679 3368 snut?
699 3304 772 3369 Nou
795 3307 880 3369 euim
900 3306 1052 3386 sibiipsis
1072 3306 1240 3369 lucebunt.
1263 3302 1417 3369 Fortasse
1438 3308 1542 3365 antem

432 3414 465 3467 el
478 3405 576 3467 illude
592 3406 697 3468 tumet
713 3406 771 3467 lon
783 3416 888 3469 nomn
902 3424 1010 3469 eoram
1029 3402 1219 3478 inminibus,
1235 3404 1275 3467 de
1289 3404 1462 3468 latitudine
1474 3416 1543 3465 eor·

431 3506 495 3580 dis,
510 3505 612 3568 veluti
634 3508 679 3567 ait
699 3504 865 3582 Salomon,
883 3506 1042 3569 trilariam
1063 3505 1204 3568 deseribi
1224 3504 1296 3567 lieri
1311 3512 1429 3584 petest,
1444 3506 1488 3567 ita
1508 3510 1544 3565 ut

430 3607 492 3669 lux
506 3607 740 3687 discipulorum
754 3607 835 3671 lesu
851 3608 960 3671 luceat
975 3625 1086 3671 noram
1101 3606 1283 3669 hominibus
1308 3624 1406 3682 nuno,
1423 3615 1458 3669 et
1476 3611 1545 3683 post

431 3716 568 3771 mortem
590 3718 664 3771 ante
686 3709 972 3785 resurrectionem,
996 3716 1028 3771 et
1048 3717 1121 3788 post
1138 3708 1425 3780 resurrectionem,
1442 3706 1542 3771 donno

431 3824 541 3871 omnes
555 3809 587 3870 in
604 3811 711 3872 virum
725 3810 907 3890 perlectum
923 3810 1073 3885 eradant,
1090 3818 1123 3872 et
1142 3814 1217 3873 daut
1237 3826 1348 3871 omnes
1365 3824 1452 3871 nnus
1471 3806 1540 3871 sol:

430 3918 506 3971 tune
524 3909 689 3989 sulpedent
707 3920 863 3991 tunquam
883 3912 932 3973 sel
952 3910 1105 3989 inrepere
1127 3910 1236 3974 Putris
1255 3909 1311 3973 ιιιι
1331 3929 1359 3971 ιι.

507 4008 689 4092 fluensque
708 4012 857 4092 Origenis
878 4012 985 4087 diota,
1006 4030 1093 4093 qnae
1113 4013 1178 4076 alio
1205 4031 1241 4075 se
1265 4020 1421 4085 vertunt,
1444 4026 1542 4091 quam

430 4110 469 4174 ad
489 4112 647 4193 supplieia
669 4112 826 4176 damnatis
847 4114 1012 4177 iniereoda
1034 4132 1052 4176 a
1075 4112 1144 4177 Deo
1165 4120 1237 4194 pust
1254 4112 1416 4193 judicium
1439 4112 1541 4174 novis·

428 4214 559 4277 simum.
578 4214 624 4277 lbi
637 4230 790 4294 namque,
806 4216 854 4277 uti
864 4216 1016 4294 superins
1027 4214 1287 4295 explanavimus,
1299 4214 1331 4276 ιιι
1343 4216 1404 4277 tria
1420 4220 1542 4291 tempn-

430 4332 465 4375 ra
487 4312 602 4377 stridit
621 4314 689 4393 ipse
705 4312 824 4377 Christi
847 4333 1004 4395 regnumj
1022 4315 1104 4380 illad
1121 4334 1234 4396 nempe
1250 4317 1404 4396 primum,
1428 4314 1462 4375 in
1476 4329 1543 4393 qun

427 4413 592 4493 degimus,
612 4422 647 4477 et
665 4413 723 4478 ulti
736 4423 849 4477 eontra
872 4422 1045 4496 potestates
1059 4416 1263 4481 adversarias
1283 4417 1437 4478 continuo
1460 4412 1543 4475 mili·

429 4524 544 4578 tamus·
560 4512 745 4579 &eundum
759 4514 880 4581 Christi
901 4533 1038 4596 regnum
1051 4525 1100 4581 est
1120 4525 1192 4597 pust
1212 4522 1363 4589 mortem,
1378 4514 1437 4579 nbi
1459 4513 1543 4577 ιιιι·
