3375 5567
462 812 719 893 repromissionis
729 832 741 891 3
755 820 789 876 et
814 811 869 876 obi
893 812 1041 894 mysticas
1062 813 1189 876 animae
1206 808 1403 875 mceaslonos
1423 816 1453 877 al
1468 831 1536 879 man·

460 914 565 976 aiones
583 912 811 993 assignanum
831 931 913 994 qaas
927 915 994 994 ipsa
1017 932 1078 975 non
1095 910 1229 996 iloyseu
1249 912 1346 977 habet
1357 913 1539 979 deducentem

457 1034 507 1090 se,
527 1016 581 1077 setl
607 1012 724 1079 Filium
747 1013 804 1078 llei
827 1023 860 1078 el
880 1014 1037 1096 Spiritum
1058 1012 1222 1079 Sanctum.
1246 1012 1289 1079 Et
1308 1014 1537 1081 assensionis

456 1115 524 1181 alio
537 1116 612 1181 loeo
635 1115 795 1199 Propheta
811 1115 899 1181 tlioit:
922 1116 989 1198 ipse
1004 1115 1302 1181 onninamente
1315 1135 1375 1179 eor.
1386 1115 1465 1181 Talis
1476 1135 1539 1197 ergo

457 1218 512 1283 liet
527 1219 640 1284 beatae
651 1222 777 1284 animae
796 1237 961 1296 ascensos,
977 1238 1052 1283 oum
1072 1218 1232 1283 submersi
1248 1218 1370 1285 luerint
1383 1236 1482 1283 omnes
1493 1217 1541 1281 la·

456 1320 570 1401 gyptii,
591 1329 625 1384 et
656 1321 894 1396 amalechitae,
913 1330 1012 1401 atque
1035 1320 1197 1397 universi,
1217 1323 1274 1402 qui
1299 1320 1543 1400 impugnaverant

455 1439 550 1502 eam;
565 1430 597 1485 et
611 1439 671 1502 ner
690 1422 763 1485 illas
783 1422 927 1504 singalas
947 1442 1096 1503 quasque
1117 1422 1298 1502 digrediens
1316 1423 1496 1496 mansiones,
1512 1419 1543 1481 il·

363 1518 372 1528 '
454 1522 502 1587 las
521 1522 646 1587 scilieet
670 1523 801 1598 multas,
822 1542 908 1605 quaa
938 1524 1093 1589 dicuntur
1113 1542 1183 1592 asae
1209 1524 1296 1605 apud
1320 1522 1464 1599 Patrem,
1482 1523 1543 1585 iila·

453 1624 598 1687 minatur
610 1625 749 1705 amplias
761 1645 802 1689 ex
815 1644 878 1689 aaa
894 1626 933 1688 ad
949 1628 1045 1689 aliam
1063 1624 1204 1700 veniens,
1217 1626 1341 1709 majora
1352 1624 1545 1706 senoeritln·

452 1726 635 1792 minationis
661 1736 852 1807 argumenta
873 1728 1058 1808 conquirit,
1082 1744 1255 1808 usquequo
1269 1734 1398 1791 assueta
1412 1725 1544 1807 altissim

456 1827 787 1908 conluuionem
808 1827 972 1892 illuminat
992 1845 1120 1891 omnem
1148 1828 1323 1902 hominem,
1342 1827 1489 1891 intuitum
1502 1842 1545 1905 nn·

453 1928 498 2004 ti,
519 1937 554 1994 at
573 1930 675 1993 mirae
695 1929 872 2011 majestatis
901 1928 989 1995 lorre
1010 1929 1184 2010 fulgorem.
1209 1948 1225 1986 a
1247 1926 1300 1993 Ex
1321 1928 1374 1993 his
1400 1927 1442 1991 nil
1461 1925 1545 1989 dela·

450 2030 538 2095 oitar
557 2032 591 2094 in
611 2047 726 2095 eorum
748 2030 988 2106 fulcimentum,
1010 2048 1096 2111 quae
1117 2027 1335 2111 Hieronymus
1349 2025 1546 2112 praesumpsit

447 2130 490 2196 tle
510 2130 679 2197 loetaaon
699 2134 731 2194 ia
753 2132 837 2196 bono
858 2134 927 2195 siva
948 2135 980 2197 in
1002 2132 1088 2195 malo
1110 2130 1317 2195 rationalium
1332 2136 1544 2195 ereaturarum

451 2232 631 2309 volontate,
648 2242 818 2314 postquam
833 2251 853 2296 a
868 2230 937 2297 lleo
951 2231 1150 2297 beatitudine
1164 2233 1355 2297 cumulatae
1371 2231 1544 2307 loraut,sea

448 2333 489 2397 tle
500 2333 688 2398 transitione
708 2334 899 2415 angelorum
917 2334 1109 2398 coelestiam
1129 2333 1348 2397 intlaemoues
1365 2332 1544 2397 atticano.

448 2433 542 2499 Patet
562 2436 645 2499 onim
666 2434 853 2516 0rigeaem,
870 2453 944 2501 eam
960 2435 1076 2499 ibidem
1098 2437 1249 2518 mysticas
1263 2434 1393 2499 animae
1406 2432 1502 2497 tidelis
1518 2449 1546 2493 a·

446 2538 627 2603 scansiones
638 2538 744 2602 sarias
758 2546 792 2601 et
806 2538 880 2601 laiac
893 2536 1038 2601 tlirersas
1052 2537 1227 2617 distinguat
1250 2538 1432 2601 mansionen
1447 2536 1477 2597 io
1491 2534 1544 2606 ria,

446 2639 504 2703 nbi
524 2638 703 2721 majoribus
716 2657 846 2722 semper
866 2639 1053 2703 illustratur
1069 2638 1253 2719 lalssoribas
1273 2636 1379 2705 donoc
1393 2638 1434 2702 atl
1456 2636 1546 2718 ipsun

446 2741 616 2821 parveniat
640 2738 769 2804 Patrem
795 2741 956 2806 laminam
967 2784 980 2817 ,
1002 2740 1043 2803 alt
1057 2759 1097 2805 eo
1115 2748 1203 2805 statu
1230 2738 1413 2805 excludere
1432 2736 1546 2818 angelos

444 2842 600 2906 coelestes
620 2859 658 2905 ao
678 2843 863 2907 daemonem
880 2860 940 2907 neo
960 2842 1101 2925 amplias
1116 2841 1176 2906 stul
1198 2841 1317 2923 fingere
1340 2840 1482 2924 putansa
1500 2838 1547 2901 llo·

444 2960 518 3005 ram
542 2944 807 3006 retrocessionem
823 2944 855 3006 ia
875 2944 1045 3007 adversam
1066 2942 1136 3007 sire
1149 2952 1300 3008 naturam
1320 2943 1394 3005 sira
1408 2937 1546 3005 coniitia·

335 3079 353 3104 ·.
444 3061 517 3107 aem
538 3044 579 3107 oe
593 3043 677 3107 bono
698 3045 729 3106 in
751 3044 875 3107 malum
894 3050 953 3108 ant
975 3044 1122 3109 vicissim.
1145 3043 1298 3109 Ceterum
1315 3042 1466 3127 Orlgaois
1485 3056 1548 3103 con·

323 3170 330 3183 ·
444 3152 557 3225 centos
576 3146 609 3208 iu
630 3146 764 3228 mystica
783 3146 1051 3228 interpretatione
1071 3146 1271 3211 mansionum
1289 3144 1437 3211 filioram
1459 3138 1547 3207 lsrael

443 3265 502 3328 par
522 3246 700 3324 desertum,
715 3250 842 3311 animae
862 3247 1056 3313 christianae
1071 3248 1256 3329 proiectum
1277 3246 1422 3311 delineat
1442 3246 1473 3309 in
1494 3245 1548 3307 rir-

444 3326 593 3424 tutibua'
610 3347 714 3412 donec
733 3348 774 3411 ad
807 3348 943 3429 gradum
966 3351 1133 3431 perveniat
1154 3347 1389 3431 accinctionis:
1413 3370 1430 3409 n
1450 3344 1547 3427 Usque

442 3468 522 3529 quo,
544 3450 634 3525 licit,
649 3450 861 3531 perveniatur
881 3451 921 3513 atl
936 3450 1102 3527 nltimam,
1124 3450 1223 3515 immo
1237 3449 1276 3514 atl
1296 3468 1464 3516 summam
1484 3463 1546 3527 gra·

439 3550 519 3615 oum
540 3552 711 3624 virtutum,
726 3561 759 3616 at
781 3560 966 3618 transeatur
987 3550 1107 3617 llnmao
1122 3549 1194 3631 llei,
1216 3570 1255 3616 ac
1274 3552 1436 3633 aramius
1456 3548 1546 3617 sasai·

442 3652 552 3734 piatur
571 3653 762 3719 haemditas.
785 3674 802 3711 a
