3375 5567
157 763 265 829 erodit
284 764 325 827 ad
342 760 463 829 inferos
479 761 644 839 Christus,
657 765 751 829 docet
765 768 833 845 ipse
847 763 1004 845 Origenes
1017 765 1158 831 Romilia
1180 764 1252 829 XV.

154 865 182 927 in
203 862 363 939 Gaudeo,
387 873 424 928 ut
443 882 554 929 omues
574 874 722 940 sanctos,
744 868 800 946 qni
823 867 866 927 ibi
886 867 972 948 apud
994 866 1117 929 inieros
1137 877 1253 942 eraut,

154 967 185 1028 sd
205 984 277 1030 eum
294 968 405 1030 locam
418 968 557 1047 peradisi
579 976 762 1043 revocaret,
780 985 878 1047 quem
900 969 1018 1030 iatrooi
1039 970 1253 1048 promiserat:

152 1067 228 1129 iadis
248 1086 371 1131 mecona
390 1066 455 1131 eris
474 1066 510 1129 io
526 1067 690 1146 paradiso.
708 1066 878 1131 Descendit
898 1068 1047 1134 Christos
1059 1071 1100 1131 ad
1122 1069 1255 1145 inieros,

154 1170 200 1233 ubi
217 1169 324 1251 justus
345 1178 450 1233 morte
470 1183 729 1251 praeoccupatus
755 1172 881 1250 (inquit
903 1171 1031 1235 tinctor
1051 1171 1257 1252 Sapientiae)

154 1273 179 1333 iu
197 1271 367 1351 refrigerio
385 1273 471 1347 erit,
492 1274 613 1353 quippe
635 1274 801 1337 voluntate
814 1289 874 1335 sua
899 1272 931 1333 in
953 1273 1054 1335 coeiis
1074 1274 1188 1335 beatus
1213 1271 1258 1333 vi·

152 1390 228 1435 rsus.
247 1371 436 1437 Nuiiiruods
455 1390 535 1451 ergo
554 1373 596 1436 ob
622 1373 680 1435 hos
700 1390 812 1435 seusus
833 1374 975 1452 dogmati
997 1373 1160 1436 cotboiico
1181 1390 1256 1438 cou-

150 1484 287 1538 soosntes
308 1474 542 1539 insimulandus
564 1485 612 1537 ast
632 1475 801 1553 Origenes.

220 1575 271 1639 Ex
292 1576 343 1639 bis
357 1577 433 1638 item
448 1578 631 1653 praemissis
653 1575 758 1638 multo
780 1576 886 1638 miuus
906 1576 1166 1655 comprobandae
1182 1582 1259 1639 suut

151 1678 401 1758 consequentiae,
418 1695 499 1758 qaas
517 1676 695 1756 Episcopus
713 1677 925 1741 antiochenus
948 1670 1022 1739 io‘de
1042 1678 1191 1751 deduxit,
1213 1678 1260 1739 io·

152 1780 286 1858 quireos,
309 1796 421 1842 omnes
443 1780 587 1841 homines
615 1778 683 1841 sire
702 1778 808 1859 justos
828 1781 898 1843 sire
917 1778 1055 1859 injustos
1073 1779 1113 1840 ad
1138 1778 1259 1841 inieras

150 1882 352 1960 emigrantes,
377 1880 478 1942 teneri
501 1890 660 1958 perpetuo
681 1881 841 1943 desiderio
863 1897 881 1940 a
901 1880 1122 1943 subterraneis
1142 1879 1181 1940 od
1203 1898 1255 1941 su·

153 1998 256 2059 premo
278 1982 350 2044 locs
373 1980 574 2043 ascendendi.
593 1978 725 2043 Falsum
747 1998 888 2060 namque
909 1980 971 2042 boc
991 1986 1052 2056 est,
1070 1997 1176 2060 neque
1199 1980 1260 2042 boc

152 2080 226 2146 disit
245 2082 414 2162 Origenes.
447 2079 478 2143 ls
498 2081 539 2143 de
560 2081 725 2161 prophetis
748 2081 984 2152 tautummodo,
1005 2081 1189 2159 sanctisque
1215 2081 1261 2139 rt·

151 2184 273 2249 risaote
294 2185 413 2249 Christi
427 2184 602 2247 adrentum
625 2182 867 2263 Redemptoris,
887 2182 1053 2262 baiasque
1074 2182 1260 2261 promissio·

153 2302 219 2348 nem
239 2285 496 2365 expectantibus,
519 2284 690 2365 loquitur,
713 2302 772 2347 nec
793 2285 833 2345 de
853 2285 1003 2347 omuibus
1029 2282 1261 2346 indiscrimina-

151 2385 215 2463 tim,
235 2386 359 2449 scilicet
380 2385 419 2449 de
441 2386 665 2466 peccatoribus
696 2385 820 2467 absque
843 2386 1039 2463 poenitentia
1062 2387 1127 2447 rita
1148 2384 1263 2447 deiun-

152 2488 217 2549 ctis.
240 2485 311 2551 Istis
332 2488 417 2550 enim
438 2489 528 2551 uuila
550 2506 621 2566 spes
638 2504 781 2566 unquam
804 2486 938 2562 affulsit,
961 2505 1070 2566 neque
1090 2503 1262 2551 corrusca-

86 2654 91 2669 ,
150 2585 192 2650 bit
212 2588 387 2667 aliquando
410 2606 542 2652 sursum
563 2606 599 2652 se
618 2608 652 2653 se
668 2588 865 2669 recipiendi:
888 2606 995 2668 neque
1016 2588 1090 2650 ideo
1112 2587 1262 2650 volunta·

150 2688 210 2751 rios
223 2696 316 2753 actus
330 2691 478 2763 eliciunt,
491 2690 573 2753 iiiuc
586 2690 783 2770 quaudoque
798 2688 1028 2768 perveniendi3
1041 2706 1116 2751 cum
1131 2687 1263 2748 damna·

149 2796 252 2853 torum
275 2790 426 2853 voluutas
459 2798 583 2853 motum
603 2789 645 2852 ad
668 2790 791 2853 maium
818 2789 1011 2862 ordinetur,
1035 2806 1096 2851 oea
1118 2804 1263 2866 unquam

151 2890 186 2953 sd
209 2891 329 2955 bouum
337 2912 350 2971 3
365 2910 404 2955 ac
419 2893 462 2953 ita
485 2893 532 2954 ait
553 2898 712 2972 perpetuo
726 2892 811 2969 ipsos
826 2907 910 2965 esse,
932 2907 1076 2961 manere,
1093 2890 1265 2969 persistere

149 2992 177 3054 iu
196 2993 296 3069 malo,
317 3010 376 3057 nec
398 2995 537 3074 amplius
560 2995 679 3056 bonum
702 2992 809 3065 selle,
837 2992 893 3054 sed
916 2991 1097 3054 necessario
1127 2990 1260 3052 molum.

153 3090 198 3156 Ex
219 3112 289 3174 quo
308 3095 394 3157 euim
423 3095 455 3157 in
477 3094 645 3157 voluntate
667 3093 750 3155 mela
772 3092 955 3165 obiverint,
978 3089 1139 3153 desiderio
1159 3090 1266 3152 orbati

151 3202 222 3258 sunt
243 3197 414 3277 superiora
435 3195 506 3259 locs
529 3214 604 3259 cum
626 3196 747 3259 sanctis
767 3192 965 3275 quandoque
984 3191 1190 3272 assequendi,
1215 3208 1267 3253 re·

152 3295 207 3359 luti
222 3296 269 3359 ait
281 3315 309 3359 s.
326 3294 507 3376 Gregorius
523 3295 682 3376 Magnus:
700 3296 862 3361 «Justum
876 3298 959 3358 euim
971 3301 1032 3369 est,
1047 3303 1085 3357 ut
1099 3310 1266 3372 nunquam

152 3406 260 3461 eareat
279 3398 463 3478 supplicio,
485 3400 543 3478 qui
567 3416 734 3478 nunquam
758 3399 865 3461 voluit
883 3416 997 3461 carere
1019 3406 1162 3476 peccato.
1192 3394 1267 3461 Ces·

152 3508 197 3561 sat
209 3515 291 3579 ergo
306 3499 502 3563 desiderium
516 3516 711 3581 pravorum,
727 3516 766 3562 ac
780 3497 1009 3561 damnatorum
1023 3497 1109 3577 apud
1132 3496 1265 3570 inieros,

152 3599 267 3663 bouum
291 3600 418 3663 volendi
430 3619 443 3680 3
474 3620 516 3664 ex
537 3618 604 3681 quo
628 3602 778 3665 voluntas
809 3604 926 3663 eorum
950 3600 1033 3659 mnia
1056 3600 1087 3659 io
1107 3615 1263 3677 supremo

153 3701 233 3765 ritae
254 3710 418 3765 momento
432 3704 464 3765 iu
480 3702 565 3765 malo
581 3702 768 3782 perstiterit.
786 3698 934 3763 »Videas
947 3717 1026 3778 ergo
1041 3717 1140 3778 quam
1155 3700 1267 3761 imme·

154 3804 214 3865 rito
234 3823 261 3867 s.
279 3802 472 3867 Euststbius
486 3804 582 3867 etiam
604 3806 636 3865 in
658 3804 706 3867 bis
726 3820 908 3867 sermonem
926 3801 1075 3880 Origenis
1096 3800 1266 3878 carpserit,

155 3906 327 3967 universim
343 3906 441 3967 istum
462 3904 617 3969 inducens
633 3906 841 3969 disserentem
861 3902 901 3965 de
917 3903 1082 3964 bominum
1095 3909 1182 3963 statu
1196 3909 1269 3978 post

156 4014 287 4069 mortem
302 4006 409 4086 deque
431 4007 610 4087 proborum
627 4026 665 4069 aa
686 4005 911 4087 improborum
925 4012 1014 4067 sorte
1035 4003 1066 4063 iu
1090 4003 1153 4063 sita
1177 4001 1266 4065 iatu-

156 4120 209 4167 ra:
232 4107 320 4187 quod
342 4122 407 4169 non
422 4108 549 4187 putarit
562 4105 732 4186 Origenes,
749 4107 829 4170 adeo
852 4114 890 4169 ut
907 4115 941 4168 et
955 4124 1013 4184 per
1034 4103 1114 4165 baec
1128 4112 1162 4163 et
1181 4102 1268 4165 simi·

157 4202 197 4265 lic
216 4206 369 4285 superius
400 4224 560 4283 excusso,
586 4224 650 4274 ooo
671 4207 727 4269 ille
758 4205 984 4285 corripiendus
1002 4205 1064 4277 sit,
1085 4202 1140 4265 sed
1163 4202 1271 4280 potius

157 4299 357 4381 Eustatbius,
378 4309 436 4388 qui
457 4307 669 4391 improbando
690 4304 839 4381 admisit,
862 4322 970 4386 neque
989 4303 1067 4367 satis
1088 4302 1271 4381 penetrarit

158 4402 308 4472 sartoris
327 4426 469 4474 sensum.
1007 4446 1014 4457 ·
