3375 5567
450 692 570 754 tiorum
585 688 811 767 differentium,
827 707 862 755 se
882 692 1044 773 receperit
1062 692 1319 774 sdslleporlsm,
1338 710 1409 759 com
1427 695 1531 761 bosio

448 808 521 853 men
542 790 696 853 historiae
709 789 922 855 substantium
944 810 1008 857 ooo
1028 794 1170 873 consuit.
1186 791 1229 857 tn
1247 794 1348 875 siquis
1366 812 1422 859 uec
1434 796 1463 859 iu
1481 798 1531 861 boc

447 897 538 970 purte
560 887 748 955 methodum
778 892 915 955 similem
945 895 1086 974 probum
1108 895 1274 976 voluerit3
1304 914 1405 980 nepus
1423 898 1462 961 ob
1480 899 1531 963 boc

446 999 552 1055 tumen
573 1001 637 1055 tum
658 1010 771 1057 severe
794 996 1154 1074 reprehendendusest,
1172 1016 1279 1078 eoque
1297 1000 1529 1081 mugisqoodits

444 1096 594 1169 sentiens,
617 1112 782 1175 nonquam
805 1099 930 1177 poturit
949 1100 1115 1162 cummuni
1131 1098 1295 1164 Ecclesiae
1314 1102 1470 1165 aduersari
1487 1103 1532 1165 do

444 1200 578 1261 otrinee.
604 1196 778 1277 Propterea
801 1196 967 1276 praelatus
989 1197 1133 1263 Deluroe
1154 1202 1186 1263 in
1207 1197 1360 1266 Articuln
1380 1200 1417 1264 V.
1438 1205 1490 1266 etsi
1507 1206 1530 1265 iu

444 1302 560 1363 ceteris
582 1298 673 1361 nimis
693 1298 776 1361 dore
796 1297 954 1377 corripiet
972 1300 1146 1380 Oripeuens
1157 1323 1170 1381 3
1197 1321 1258 1384 pro
1277 1323 1320 1367 eo
1348 1311 1448 1367 tumeo
1467 1306 1531 1367 boec

444 1401 535 1463 nobis
558 1400 716 1481 reliquit:
744 1396 852 1461 «Duo
874 1406 1010 1475 tontum,
1033 1402 1158 1483 iuquit,
1180 1405 1443 1479 observabimus,
1462 1424 1531 1487 quse

444 1502 575 1564 meximl
595 1512 669 1565 suut
693 1501 856 1563 momenti.
881 1499 1012 1578 Primo,
1044 1506 1196 1589 mysticos
1215 1524 1330 1569 sensns
1359 1508 1532 1570 socioriisle

444 1603 519 1665 novi
541 1600 736 1666 Testamenti
751 1600 854 1677 lubili,
871 1609 989 1685 probet
1009 1615 1079 1671 tom
1095 1608 1267 1671 truditiooe
1287 1606 1460 1682 Ecclesiae,
1479 1618 1532 1669 ton

442 1706 579 1785 ipsomet
599 1707 844 1790 scripturarum
858 1712 1005 1778 consilio.
1028 1708 1320 1780 &conducuntur
1336 1708 1472 1772 infideles
1488 1709 1531 1771 de

442 1816 611 1883 monstret,
634 1810 817 1891 allegoricis
847 1814 992 1877 sensibus
1011 1809 1198 1891 Scriptores
1227 1819 1355 1873 nostrus
1375 1826 1436 1872 ooo
1454 1826 1533 1889 repo·

441 1926 550 1989 gnere.
574 1908 668 1987 Quod
691 1914 718 1976 si
739 1914 822 1978 inter
843 1916 938 1979 citutu
955 1915 996 1977 eb
1015 1914 1085 1993 ipso
1106 1911 1298 1991 Scriptorue
1313 1911 1484 1975 testimonis
1500 1908 1532 1971 sd

440 2012 666 2075 auctoritatem
689 2016 831 2098 mysticis
852 2014 998 2078 sensibus
1018 2012 1264 2085 concilisodsm,
1287 2010 1440 2074 nonnullo
1459 2018 1529 2081 soot,

438 2128 524 2189 quse
545 2128 661 2191 porum
682 2115 721 2176 ed
755 2134 823 2178 rem
847 2116 981 2190 iuciuut,
1003 2132 1044 2177 eo
1073 2113 1187 2177 ssitens
1209 2114 1341 2177 nomine
1372 2110 1531 2177 isudsodus

440 2221 500 2288 est,
523 2214 610 2292 quod
633 2214 802 2278 disertiora
819 2227 852 2279 et
872 2217 992 2296 quibos
1012 2217 1160 2296 qusustto
1174 2215 1269 2295 plene
1289 2215 1398 2279 decbr
1417 2216 1466 2286 sit,
1481 2228 1530 2273 uuo

440 2316 596 2391 omiserit,
612 2316 795 2398 cujusmodi
816 2326 878 2381 etc.
894 2338 911 2375 s
930 2317 970 2381 lit
990 2319 1118 2380 interim
1137 2324 1314 2390 memento,
1335 2334 1422 2396 quse
1438 2334 1463 2377 s.
1479 2317 1531 2379 lu

438 2418 585 2495 gostinus
606 2418 637 2480 iu
661 2416 757 2480 Libro
780 2429 893 2481 contro
913 2416 1144 2492 Mendesium,
1165 2416 1281 2481 Jscobi
1302 2418 1430 2481 diluens
1452 2417 1530 2477 triste

437 2518 540 2594 riom,
563 2522 620 2598 qui
643 2520 786 2584 haedinis
808 2520 947 2599 pellibus
969 2519 1059 2583 Petri
1081 2520 1195 2594 illusit,
1225 2518 1385 2582 simnlsus
1407 2537 1441 2581 se
1459 2515 1530 2579 Ειιιι

394 2686 395 2689 ,
436 2636 505 2681 esso
529 2620 661 2683 irutrom
683 2640 799 2696 snum,
824 2622 934 2685 voleus
953 2620 1068 2686 lucobi
1089 2637 1248 2684 excusare
1278 2620 1417 2694 dolum,
1439 2616 1531 2680 docuit

436 2718 466 2781 io
494 2720 663 2784 bucineto
694 2722 913 2802 quaerendum
934 2740 1004 2784 esse
1032 2720 1245 2801 allegoriam
1276 2729 1310 2783 et
1331 2722 1379 2783 sic
1408 2718 1530 2783 deducus

434 2838 519 2901 quoe
540 2820 726 2884 deducendo
747 2830 832 2887 snut.

515 2918 642 2997 Quarto
664 2929 695 2985 et
716 2929 894 3001 postremo,
916 2920 1095 3003 quidquem
1117 2929 1198 3001 puto
1220 2919 1415 2983 ndsusutto
1434 2920 1465 2981 iu
1483 2918 1530 2979 boc

433 3020 473 3083 de
496 3022 592 3085 variis
612 3022 800 3103 Scriptnrue
830 3023 975 3087 sensibus
996 3026 1185 3102 quoestioue
1213 3021 1478 3092 condonandum,
1495 3016 1527 3078 si·

431 3122 503 3202 quis
524 3124 705 3186 consideret
726 3132 807 3204 quot
828 3132 861 3187 et
880 3131 1021 3205 qusutoe
1042 3123 1071 3185 ei
1099 3124 1306 3185 occurrerint
1326 3120 1528 3190 difficultates,

430 3231 462 3285 et
483 3224 622 3287 msxime
643 3224 685 3287 ob
706 3224 777 3287 iilos
799 3225 1028 3304 sntitopisrum
1048 3224 1192 3303 species,
1218 3222 1340 3302 quibos
1356 3220 1527 3301 Scriptum

429 3334 562 3387 scutent.
585 3324 734 3401 Quorum
763 3327 968 3389 concordium
1000 3344 1075 3388 eum
1097 3324 1229 3403 Origeui
1257 3324 1325 3386 lere
1348 3318 1527 3403 impossibile

428 3426 573 3489 stabilire
600 3428 766 3491 videretur
786 3427 883 3509 iustu
908 3426 1086 3506 simplicem
1112 3425 1242 3489 litterse
1263 3440 1409 3496 sensum,
1431 3438 1485 3502 per
1499 3434 1525 3479 s·

427 3526 504 3589 lium
520 3528 643 3592 studuit
663 3530 703 3592 de
725 3530 830 3593 medio
852 3545 906 3592 ees
928 3527 1057 3602 toliere,
1082 3535 1118 3589 ut
1138 3528 1184 3589 sic
1204 3526 1345 3604 Spiritus
1365 3523 1471 3587 Sancti
1487 3520 1525 3581 di

427 3630 503 3691 etuti
519 3629 736 3709 undequaque
759 3630 944 3711 splenderet
969 3629 1144 3708 integritus.
1159 3624 1263 3706 Scope
1284 3628 1317 3687 iu
1338 3624 1526 3689 suisdiscoe

421 3728 564 3792 sionibus
585 3730 691 3793 obiter
712 3730 773 3792 boo
794 3731 925 3811 pertigit
953 3736 1193 3809 argumentum.
1223 3725 1285 3790 Sed
1314 3720 1522 3787 ‘inmollis

375 3830 380 3841 '
423 3826 576 3892 Ioannem
597 3848 638 3892 ex
654 3830 799 3909 professo
814 3830 956 3904 eruitur,
973 3830 1056 3892 benc
1072 3829 1213 3891 noluisse
1226 3827 1426 3890 etueunme
1439 3840 1525 3903 quse·

425 3932 573 4008 ctionem,
588 3941 718 4011 sumpto
735 3932 875 3995 themate
890 3950 933 3994 ex
950 3932 1106 3993 rurietuto
1129 3926 1410 4005 Evangelisturum
1430 3926 1461 3984 in
1478 3921 1523 3985 le

422 4051 460 4095 su
478 4033 576 4112 grestis
597 4031 814 4094 enunciuodis.
833 4029 868 4093 ln
890 4032 953 4095 lsoc
966 4028 1070 4094 Temo
1090 4039 1150 4104 est,
1167 4028 1253 4091 unde
1273 4026 1418 4090 stabilire
1436 4038 1521 4087 cour-

424 4143 489 4207 tur,
515 4132 569 4195 ubi
586 4132 738 4194 historico
762 4134 881 4194 veritus
903 4149 944 4194 ex
965 4130 1099 4193 titteroti
1119 4147 1214 4192 seusu
1236 4126 1357 4190 irmsri
1379 4130 1519 4204 nequest,

424 4243 500 4299 tunc
527 4231 761 4296 recurrendum
783 4250 852 4295 esse
873 4232 915 4295 ud
935 4232 1138 4315 allegoriam,
1160 4238 1197 4294 ut
1213 4229 1261 4293 sic
1280 4225 1520 4293 ouierstursirs

424 4336 616 4412 obscuritas,
638 4354 696 4400 seu
718 4334 882 4416 ontilopio.
