3375 5567
446 645 519 812 ΞΞ]
544 748 688 831 dejectae
707 757 783 813 sunt
806 769 824 813 e
847 751 951 822 coelo,
975 757 1008 814 et
1029 752 1078 814 lria
1102 751 1294 836 corporibus
1315 727 1536 814 trrritolrttoos

448 851 592 930 illigatae
606 848 645 912 ad
667 851 839 932 supplicia,
857 851 955 916 alenti
975 859 1008 916 et
1027 851 1133 932 augeli
1148 851 1221 914 boni
1236 851 1266 914 in
1288 852 1350 914 boe
1371 851 1480 915 muodo
1493 853 1538 914 de-

384 1030 389 1040 ·
445 951 554 1012 stinati
575 958 711 1031 propter
727 951 871 1014 homiues
894 955 925 1014 io
947 951 1136 1015 eorumdem
1152 953 1294 1030 regimen
1316 951 1539 1029 etcustndiarn3

448 1050 550 1115 donec
564 1050 741 1131 aliquando
756 1051 816 1114 bae
837 1059 1010 1114 creaturae
1026 1052 1157 1114 vanitati
1172 1051 1306 1132 quidem
1317 1052 1475 1132 subjectae
1486 1069 1539 1112 oca

446 1151 583 1213 nolenter
604 1158 641 1214 ut
655 1152 701 1214 uit
722 1151 915 1232 Apostolus,
935 1168 973 1214 uo
993 1169 1082 1232 spero
1096 1152 1256 1216 libertatis
1276 1160 1433 1230 gerentes,
1447 1168 1464 1212 a
1476 1150 1539 1213 rob

445 1251 594 1334 iectionis
615 1253 774 1314 servitute
795 1252 984 1329 eraderent,
1006 1271 1080 1316 cum
1103 1252 1160 1316 lilii
1184 1251 1240 1315 lici
1264 1251 1386 1315 inerint
1406 1252 1435 1312 in
1455 1267 1540 1313 uuun

449 1352 646 1432 congregati.
664 1349 809 1430 lienique
829 1351 1007 1428 concludit,
1024 1353 1119 1416 talem
1137 1351 1292 1415 mundum
1309 1349 1463 1412 risibilem
1481 1366 1541 1412 coo

447 1453 550 1515 ditum
571 1470 641 1515 esse
650 1471 662 1531 3
678 1449 734 1532 qui
751 1452 800 1513 orl
818 1469 924 1514 umora
944 1469 998 1515 ros
1018 1450 1157 1525 animos,
1180 1453 1261 1516 idest
1284 1451 1444 1514 cidamum
1463 1467 1497 1512 ae
1514 1467 1543 1510 n

447 1556 612 1616 uirersum
635 1553 778 1634 ejusdem
794 1571 895 1633 genus
917 1553 971 1616 blo
991 1555 1090 1617 silum
1111 1554 1284 1618 exercendi
1300 1569 1396 1615 causa
1419 1559 1542 1630 caperet,

448 1666 518 1719 tutu
529 1655 691 1735 angelicos
706 1656 840 1736 spiritua
854 1654 895 1718 ad
908 1656 1120 1719 ministerium
1136 1655 1267 1718 bomani
1282 1657 1408 1734 generis
1429 1673 1446 1716 e
1465 1651 1543 1716 coelo

448 1756 630 1831 mittendos,
656 1763 724 1819 tum
746 1761 919 1836 potestates
941 1756 1132 1829 contrarias,
1156 1753 1289 1835 Deoque
1314 1754 1460 1816 rebelles.

527 1855 645 1920 Voleos
661 1874 762 1937 porro
775 1857 933 1918 rationem
950 1856 1085 1920 reddere
1100 1857 1140 1918 de
1153 1856 1339 1938 hujusmodl
1356 1852 1544 1918 rationalium

448 1964 676 2020 ereaturarum
707 1964 793 2021 stntu
815 1958 847 2018 in
870 1957 931 2019 lroc
953 1957 1092 2032 mundo,
1122 1958 1274 2019 nimirum
1297 1956 1337 2018 de
1358 1955 1495 2035 augelis,
1513 1954 1544 2014 de

447 2059 657 2123 doemonibus
671 2076 709 2121 uc
730 2058 770 2120 de
791 2059 974 2121 bominibus
996 2058 1159 2138 (quorum
1185 2051 1328 2121 orn'nium
1353 2058 1498 2140 spiritnrn
1517 2074 1546 2116 n·

448 2160 520 2223 nius
539 2178 609 2223 esse
635 2164 727 2241 putat
747 2157 932 2240 naturae),
956 2158 1017 2221 boc
1038 2158 1164 2220 dirime
1181 2158 1326 2239 justitiae
1354 2157 1546 2220 oeconomiae

447 2260 590 2336 mandat,
606 2258 693 2340 quod
716 2260 796 2322 istae
816 2259 962 2339 singulae
977 2261 1008 2322 iu
1031 2259 1092 2322 boc
1115 2259 1167 2321 vel
1187 2259 1245 2322 illo
1264 2259 1347 2321 ritae
1367 2258 1481 2321 ordine
1493 2255 1547 2319 col·

448 2361 577 2424 locatae
597 2362 670 2424 aiut.
694 2357 774 2422 Vide
795 2361 924 2423 interim
948 2359 1026 2422 nibil
1051 2359 1123 2421 inde
1136 2359 1235 2421 statui
1259 2375 1365 2438 posse,
1381 2359 1468 2437 qood
1489 2355 1545 2436 ple

447 2462 516 2524 cuit
536 2461 747 2536 adversariis,
761 2460 801 2523 de
823 2461 984 2524 urentibus
999 2461 1067 2524 sire
1088 2459 1268 2540 spiritibus,
1283 2460 1326 2522 nb
1347 2459 1547 2522 delectionem

449 2561 542 2623 coelo
563 2561 725 2631 demissis,
747 2577 786 2621 oc
807 2561 1001 2639 corporibus
1023 2560 1171 2622 humenis
1192 2559 1322 2638 illigatis
1343 2577 1381 2621 en
1403 2557 1547 2622 animandi

449 2679 560 2738 consa,
582 2679 640 2723 seu
662 2660 701 2722 de
722 2659 794 2722 ullis
817 2644 1043 2739 buiusceurodi
1065 2661 1253 2724 commentis
1274 2676 1433 2748 nusquam
1457 2661 1496 2722 ab
1513 2657 1548 2720 b

451 2763 559 2843 rigeue
581 2761 781 2842 excogitatis.

531 2860 762 2926 Verumtamen
791 2870 828 2924 et
848 2862 948 2925 latina
975 2867 1083 2942 pateat
1110 2863 1208 2944 bujua
1232 2864 1404 2943 pericopae
1431 2879 1548 2930 senem,

452 2971 559 3028 cetera
590 2960 823 3040 conterantur,
845 2980 930 3042 qnae
950 2963 991 3028 de
1022 2963 1083 3028 boo
1114 2971 1305 3044 argomento
1327 2963 1403 3026 alibi
1423 2963 1547 3040 scripsit.

445 3061 494 3126 lit
508 3064 649 3144 primunt
671 3078 755 3142 quoe
777 3063 854 3125 dicit
875 3063 915 3125 de
936 3064 996 3125 bac
1017 3065 1205 3144 scripturali
1227 3084 1306 3129 rone
1326 3059 1496 3156 καταβολή
1510 3065 1550 3125 do

445 3162 555 3244 jectio,
571 3159 771 3225 indecorem
792 3160 897 3226 Tomo
917 3162 1004 3228 XlX.
1026 3182 1057 3228 n.
1081 3163 1112 3229 5.
1137 3165 1191 3229 nbi
1214 3165 1382 3246 praeclare
1409 3167 1549 3228 muudum

452 3264 688 3344 intelligibilem
709 3263 751 3324 ab
773 3263 833 3326 lton
848 3265 988 3326 sensibili
1010 3266 1199 3346 distinguit:
1223 3287 1240 3326 r
1261 3265 1336 3342 Sed,
1357 3268 1413 3343 eit,
1435 3275 1550 3348 praeter

453 3365 539 3427 bunc
562 3364 719 3427 visibilem
733 3371 766 3426 et
785 3365 968 3426 sensibilem
990 3366 1145 3429 muudum
1168 3374 1399 3430 cnostnntenre
1420 3365 1506 3428 coelo
1523 3369 1550 3424 et

453 3473 562 3540 terra,
584 3465 653 3526 sire
677 3483 696 3526 e
717 3464 817 3526 coelis
837 3472 870 3527 et
893 3473 1001 3542 terra,
1023 3475 1071 3528 est
1091 3467 1187 3529 etiam
1214 3467 1298 3533 alius
1320 3467 1449 3547 quidam
1471 3481 1550 3526 mon·

452 3563 526 3641 dna,
549 3564 580 3624 io
602 3581 669 3643 quo
686 3573 761 3627 sunt
781 3581 867 3642 quae
878 3581 940 3626 nnn
964 3565 1133 3630 ridentur:
1157 3575 1190 3631 et
1203 3566 1265 3630 boc
1287 3574 1390 3630 totum
1403 3576 1449 3629 est
1469 3581 1548 3626 unu·

451 3664 513 3726 dus
533 3662 782 3743 inaspectabilis,
804 3663 944 3726 muudus
965 3667 1022 3744 qui
1040 3683 1101 3726 nou
1126 3665 1267 3743 ridetur,
1290 3667 1429 3729 mundos
1449 3661 1551 3726 intelli

454 3765 580 3846 gibilis:
612 3764 708 3845 cujus
731 3766 852 3828 risione
872 3773 903 3828 et
925 3765 1168 3846 pulchritudine
1198 3766 1374 3843 fruentur,
1404 3768 1458 3848 qui
1478 3781 1549 3845 puro

452 3873 529 3930 suut
549 3864 661 3940 corde,
682 3884 762 3945 quo,
785 3866 884 3947 bojus
900 3866 1009 3930 muudi
1033 3867 1242 3948 intelligibilis
1258 3868 1380 3931 risione
1400 3874 1486 3930 autea
1506 3864 1549 3924 bn·

453 3985 493 4029 ne
514 3967 631 4047 parnti,
654 3975 835 4046 penetrant,
860 3967 909 4029 rel
932 3967 1092 4048 adipsum
1117 3966 1221 4030 Deum
1245 3968 1430 4044 ridendum,
1452 3974 1549 4046 quate

452 4086 513 4131 nus
536 4069 638 4130 rideri
653 4077 769 4130 natura
791 4075 897 4147 potest
913 4065 1000 4131 Deua
1002 4113 1101 4130 .....
1118 4067 1273 4149 Alioquin
1288 4069 1451 4150 quomodo
1472 4081 1549 4126 mun·

453 4169 514 4230 dus
535 4171 594 4232 iste
610 4167 729 4230 bebere
750 4167 872 4246 aliquid
888 4186 1028 4248 superne
1050 4177 1166 4252 potest,
1182 4169 1279 4249 cujus
1295 4171 1435 4234 conditio
1449 4177 1492 4230 est
1507 4167 1551 4224 do·

450 4268 577 4352 jectio'?
599 4267 714 4348 Neque
733 4270 817 4331 euim
839 4269 1015 4332 oscituuter
1036 4270 1207 4351 legendum
1229 4275 1278 4332 est
1299 4271 1401 4334 tttnt=
1426 4267 1548 4333 ostede·

449 4370 615 4453 jectionem
630 4370 742 4434 mundi
752 4414 761 4445 ,
784 4389 859 4434 cum
881 4371 987 4435 Sancti
1004 4374 1232 4436 convenienter
1248 4380 1282 4436 et
1296 4375 1438 4438 studiose
1451 4385 1549 4434 contro

454 4475 516 4536 ltoc
547 4471 606 4553 τῆς
629 4466 819 4562 καταβολῆς
842 4471 1027 4554 dejectionis
1049 4483 1183 4556 propter
1204 4475 1302 4538 tutem
1325 4473 1548 4555 intelligentiam
