3375 5567
419 766 654 839 dinumerasti
675 764 774 847 hujus
791 763 896 829 Patris
909 750 1031 847 scripta
1050 762 1091 829 nh
1112 766 1198 829 omni
1216 766 1375 854 pravitate
1396 763 1538 829 haereti·

421 886 474 941 cn,
495 877 527 929 ot
548 886 566 929 a
588 867 763 943 calumnia,
785 884 871 947 quae
891 868 923 929 in
945 867 1142 947 impietatem
1166 868 1274 941 vertit,
1290 868 1446 930 immunia
1469 886 1539 930 esse

421 968 584 1033 declarat.
598 1014 605 1031 .
618 1014 647 1031 ..
665 967 753 1033 Libri
768 974 892 1043 antem,
907 986 991 1050 quos
1014 969 1134 1032 insidiis
1150 971 1302 1048 excipere
1323 969 1428 1031 moliti
1443 975 1537 1041 sunt,

418 1077 452 1131 et
472 1087 555 1148 unos
574 1066 755 1134 Germanus
770 1071 916 1135 veritatis
938 1078 1163 1151 propugnator
1183 1070 1359 1150 primarius
1373 1069 1415 1131 ah
1436 1067 1541 1129 latro·

420 1188 497 1233 uum
520 1170 642 1234 insultu
662 1173 730 1235 sino
748 1190 833 1235 noxa
851 1171 1007 1246 serravit,
1028 1179 1103 1233 suut
1119 1169 1273 1251 Dialogus
1294 1170 1336 1233 etl
1357 1168 1539 1232 hlacrleem

419 1288 568 1335 sororem
589 1271 625 1333 de
645 1268 769 1341 enimn,
791 1280 824 1335 ot
851 1269 930 1333 liter
955 1268 1173 1347 Geteehetiem,
1194 1279 1229 1335 et
1249 1271 1306 1333 iile
1324 1271 1381 1350 nui
1401 1270 1440 1332 de
1462 1268 1539 1332 Per-

416 1372 500 1451 (eetu
528 1369 595 1434 Vito
616 1372 833 1433 narrationem
856 1372 1008 1435 continet.
1031 1391 1048 1428 a
1078 1369 1146 1435 Una
1168 1390 1243 1435 enm
1267 1370 1381 1433 Photio
1402 1374 1539 1450 insuper

421 1474 648 1553 theologorum
671 1474 935 1537 orthodoxorum
956 1474 1089 1553 plnres,
1112 1475 1160 1537 uti
1180 1473 1319 1554 aicham,
1340 1473 1537 1537 catholicam

421 1572 571 1653 Gregorii
593 1574 688 1637 linem
709 1582 959 1655 propugnarunt
978 1575 1019 1637 de
1040 1575 1257 1655 perpetuitate
1278 1590 1470 1653 poenarum.

500 1675 567 1737 titt
590 1694 680 1750 vero,
704 1677 788 1738 inter
809 1693 892 1755 qnos
913 1675 1102 1756 praesertim
1124 1674 1348 1746 casaubonus,
1363 1672 1537 1757 Dionysius

420 1773 571 1840 Petreius
585 1786 617 1839 et
632 1774 771 1840 lluatins
785 1785 898 1841 contra
911 1784 1041 1840 stetere.
1058 1776 1209 1840 Petreius
1223 1794 1363 1855 namque
1377 1775 1467 1839 libro
1478 1772 1538 1837 ΙΙΙ.

420 1876 458 1939 ele
479 1876 609 1957 Angelis
629 1896 658 1939 c.
677 1874 747 1939 Vll.
771 1896 800 1939 n.
822 1872 853 1941 l.
867 1875 899 1941 G.
914 1874 945 1941 3.
959 1868 992 1943 l.
1008 1873 1038 1941 5.
1052 1873 1084 1941 6.
1100 1875 1250 1955 Origenis
1262 1875 1404 1956 dogmati
1419 1874 1540 1937 lavisse

420 1975 604 2059 Nyssenum
620 1986 724 2058 putat,
748 1996 785 2043 ac
806 1978 880 2042 tneo
895 1979 992 2060 plura
1013 1997 1056 2041 ex
1070 1974 1221 2057 Gregorii
1236 1979 1377 2058 scriptis,
1398 1976 1436 2039 de
1457 1976 1539 2039 libro

422 2076 611 2143 Gnteoletico
631 2096 768 2159 nempe,
785 2099 826 2143 ox
843 2079 981 2159 llialogo
1000 2080 1037 2143 (le
1058 2077 1177 2143 Animo
1196 2088 1227 2142 et
1246 2075 1487 2143 llesarreetmae
1506 2084 1540 2141 et

418 2179 549 2241 aliunde
567 2178 687 2253 hausit,
705 2196 803 2243 eausa
825 2179 971 2260 eiusdem
985 2176 1139 2243 Doctoris
1159 2197 1235 2243 eum
1249 2178 1441 2258 Origenistis
1461 2194 1538 2241 eon·

421 2294 550 2341 sensum
572 2272 617 2341 do'
634 2296 811 2359 poenarum
834 2278 1243 2360 lineinstitnenli30o1os
1265 2275 1415 2343 llootoris
1438 2279 1538 2344 rerha

421 2397 482 2443 suo
503 2379 600 2455 loco,
622 2380 737 2445 sedulo
757 2380 967 2463 expendenda
988 2381 1226 2461 aggrediemur.
1250 2379 1355 2445 Porro
1374 2379 1539 2446 scrihebat

424 2476 591 2543 Petelina:
614 2499 631 2539 e
655 2478 729 2556 Quo
749 2500 792 2543 ox
808 2498 946 2545 numero
965 2490 1058 2543 autea
1074 2479 1254 2561 Gregorius
1267 2477 1433 2562 Nyssenus
1449 2496 1539 2547 cona·

422 2580 650 2643 memorandus
666 2582 762 2655 venit,
780 2581 835 2662 qni
857 2580 897 2645 an
912 2582 997 2645 taem
1015 2579 1165 2661 Origenis
1179 2581 1294 2660 dogma
1322 2580 1464 2647 multum
1480 2580 1538 2641 im-

423 2681 561 2761 plicatus
585 2681 725 2745 videtur.
747 2680 829 2745 Nam
852 2683 884 2743 in
905 2681 992 2745 libro
1012 2680 1219 2746 Catenhetieo
1233 2680 1273 2743 (le
1286 2679 1408 2745 Christi
1429 2678 1538 2745 lucar·

423 2784 550 2845 natione
571 2784 714 2859 locutos,
732 2781 789 2847 llei
812 2781 932 2847 Filium
948 2783 994 2845 ait
1015 2784 1068 2860 pio
1088 2802 1127 2847 ac
1139 2782 1278 2847 salutari
1300 2782 1376 2846 nolo
1397 2782 1538 2847 nircum·

424 2885 545 2947 venisse
568 2886 643 2947 mali
664 2887 865 2949 inventorem
886 2893 919 2947 et
939 2885 1153 2948 architectum
1174 2882 1363 2957 diabolum,
1393 2885 1453 2962 qni
1473 2881 1538 2961 pri·

422 3004 492 3049 mos
513 2987 657 3050 homines
680 2987 710 3049 in
732 2986 881 3049 fraudem
913 2986 1138 3067 imposuerat,
1171 2986 1313 3049 humana
1339 2984 1389 3047 illi
1409 2984 1536 3065 ohJecta

417 3086 543 3168 specie3
566 3104 630 3167 qna
654 3088 778 3149 ratione
798 3104 863 3150 oon
883 3105 955 3151 enm
973 3087 1076 3149 solnm
1097 3088 1215 3165 inquit,
1234 3085 1292 3166 poi
1308 3084 1463 3166 perieras,
1486 3081 1538 3146 sed

420 3187 594 3251 nemetiam
613 3185 672 3269 qni
689 3186 860 3268 perniciem
874 3197 985 3251 contro
1005 3205 1062 3250 oea
1082 3186 1210 3251 molitm
1228 3189 1348 3267 sumat,
1368 3186 1472 3267 offecit
1492 3184 1538 3247 le·

421 3288 540 3371 nefieio.
563 3288 645 3354 Nom
666 3308 705 3351 ea
726 3307 759 3352 eo
774 3290 859 3373 qnod
877 3288 961 3353 vitoe
979 3287 1106 3368 quinae
1125 3306 1210 3351 mora
1231 3295 1264 3355 et
1281 3298 1389 3353 cetera
1412 3308 1430 3345 a
1454 3302 1539 3368 qnae

418 3410 480 3455 suo
500 3392 575 3455 loco
596 3408 614 3451 a
631 3392 720 3453 nohis
740 3391 802 3454 suh
824 3392 944 3455 trutina
961 3390 1062 3470 positu
1078 3389 1251 3470 repetenda
1271 3389 1408 3453 sentent.
1426 3410 1443 3449 e
1463 3387 1537 3460 lsta,

421 3495 572 3574 sequitur
593 3490 758 3566 Petreius,
781 3489 973 3571 Gregorius,
990 3492 1047 3571 goi
1068 3509 1145 3555 eane
1160 3489 1288 3555 homiui
1309 3490 1486 3556 adrentum
1507 3494 1539 3551 et

421 3590 675 3658 incarnationem
697 3611 760 3659 non
777 3594 884 3656 solum
905 3594 1039 3668 homini,
1061 3593 1119 3672 qni
1143 3593 1364 3673 perierateta
1380 3593 1539 3655 doemone

360 3776 365 3785 ⁸
420 3696 662 3761 circumventus
684 3700 766 3769 erat,
788 3691 843 3754 sed
865 3693 962 3755 etiam
984 3693 1032 3755 illi
1054 3693 1136 3772 ipsi,
1158 3694 1215 3772 qni
1244 3693 1418 3773 perniciem
1440 3702 1474 3757 et
1494 3692 1540 3752 iu·

423 3797 554 3859 teritum
569 3793 737 3869 attulerat,
755 3793 870 3858 utilem
884 3811 922 3857 ac
942 3794 1120 3857 salutarem
1136 3793 1234 3857 luisse
1248 3795 1337 3859 dicit.
1354 3794 1454 3874 htqui
1469 3790 1539 3856 nnl-

420 3898 473 3962 lns
487 3907 520 3961 nt
532 3899 615 3961 alins
632 3898 683 3961 hio
700 3913 797 3977 quam
813 3894 963 3959 diabolus
978 3896 1113 3976 intelligi
1131 3903 1247 3975 potest,
1262 3913 1361 3975 quem
1383 3904 1413 3956 st
1430 3891 1540 3957 iooee·

420 4008 517 4062 torem
538 4009 755 4079 auctoremque
768 3995 848 4060 mati
869 4005 980 4077 socat;
995 4006 1028 4060 et
1043 4007 1115 4078 post
1134 3998 1262 4076 longam
1283 4016 1323 4061 ac
1341 3997 1537 4061 laboriosam

418 4103 655 4183 purgationem,
674 4100 765 4164 volnt
779 4116 899 4163 aurum
920 4098 1054 4163 detersis
1072 4099 1144 4179 igue
1162 4098 1300 4161 maculis
1319 4116 1357 4161 ac
1370 4095 1535 4164 sordibus,

421 4204 590 4284 pristinum
612 4202 785 4264 instalum
808 4199 993 4263 rediturum
1013 4217 1082 4262 esse
1103 4200 1160 4275 ait,
1183 4216 1222 4263 ao
1241 4199 1382 4263 salntem
1403 4198 1537 4278 adepto·

422 4322 512 4383 rom;
535 4304 577 4366 ita
601 4309 639 4367 ut
658 4318 844 4365 communes
865 4299 906 4363 ah
928 4300 1086 4364 creaturis
1111 4300 1262 4363 omnihus
1283 4306 1348 4363 tam
1371 4298 1432 4371 lie,
1452 4312 1538 4376 noae

419 4406 618 4471 eruciatibus
640 4402 707 4468 istis
730 4404 879 4483 expiatae
900 4401 1033 4479 luerint,
1056 4419 1208 4484 quaque
1227 4418 1315 4465 nnnc
1334 4401 1366 4463 in
1392 4402 1471 4463 sitio
1488 4397 1536 4479 ja·

418 4516 504 4586 cent,
522 4524 621 4587 qnam
642 4506 684 4571 ab
708 4506 758 4585 iis,
773 4523 859 4586 qnae
882 4506 1027 4585 integrae
1047 4504 1297 4584 innocentesque
1310 4501 1446 4580 inerint,
1467 4514 1538 4580 gra·
