3375 5567
449 797 543 876 quasi
559 797 689 861 hnmani
710 798 859 879 corporis
879 795 1052 861 conditioni
1072 794 1333 860 antecedentibus
1348 796 1460 873 incluti
1480 797 1536 861 iru-

448 907 514 963 stra
528 908 686 979 putarunt
700 899 860 975 nonnulli,
876 900 958 962 hauc
972 899 1144 979 Origouem
1162 898 1300 965 tenuisse
1317 901 1501 974 sententiam,
1511 910 1537 963 ei

451 1001 514 1066 hnc
534 1003 566 1062 in
586 999 820 1081 sequentibus)
852 998 1081 1082 inquirendum
1103 1006 1163 1075 cst,
1187 1008 1298 1061 utrum
1319 1018 1359 1061 es
1381 1000 1538 1079 praemissis

447 1102 543 1165 sicuti
554 1120 595 1165 er
610 1101 682 1165 aliis
696 1101 848 1165 Auctoris
861 1099 968 1176 dictis,
979 1108 1090 1164 utrum
1106 1118 1219 1181 nempe
1234 1102 1332 1167 statui
1345 1109 1451 1181 queat,
1462 1099 1539 1165 Chri·

451 1202 644 1265 stiaoimam
665 1211 738 1264 auto
755 1202 984 1265 incarnationis
1003 1218 1082 1264 suae
1104 1210 1229 1282 tempus
1244 1201 1402 1265 conditam
1418 1220 1490 1277 esse,
1509 1209 1540 1265 ut

449 1303 522 1366 inde
544 1312 616 1383 post
640 1303 773 1383 longum
794 1306 867 1367 aevi
889 1303 1097 1369 intervalium
1119 1304 1149 1365 iu
1171 1300 1250 1367 lesu
1272 1321 1391 1383 corpus
1412 1304 1538 1380 reniret3

451 1406 540 1485 quod
565 1403 683 1467 laisum
704 1412 762 1467 est.

461 1540 466 1547 ,
530 1505 676 1570 Primum
689 1507 820 1586 quidem
837 1506 868 1567 in
885 1506 951 1569 his:
970 1524 1076 1569 cerum
1097 1524 1169 1568 cain
1179 1523 1241 1586 pro
1260 1505 1388 1568 arbitrii
1405 1504 1488 1568 111111
1503 1509 1543 1587 {-

447 1606 566 1667 cultata
578 1615 650 1680 ete,
662 1625 774 1669 amore
788 1604 869 1669 Jesu
884 1606 1003 1670 Christi
1018 1625 1092 1687 erga
1108 1606 1210 1671 lleum
1229 1607 1359 1671 Patrem
1372 1626 1475 1682 suum,
1488 1607 1543 1671 coi·

444 1708 512 1770 lato
526 1708 690 1771 dilectioni
704 1716 877 1772 creaturae
892 1709 1057 1771 rationalis
1072 1725 1147 1787 erga
1166 1709 1285 1789 ipsum,
1301 1708 1467 1773 ostendere
1484 1708 1542 1770 ruli

445 1808 604 1892 Origenes
625 1811 769 1875 homines
789 1810 927 1873 arbitrio
950 1812 1083 1891 proprio
1105 1829 1203 1883 usos,
1226 1811 1405 1875 ardentiori
1425 1810 1498 1875 alios
1517 1810 1541 1871 in

446 1908 575 1988 ileum,
605 1913 687 1975 alios
708 1913 871 1987 tenuiori,
893 1913 1014 1975 alteros
1035 1930 1134 1992 quam
1157 1914 1285 1975 minima
1308 1913 1464 1976 charitate
1483 1914 1541 1991 agi,

445 2014 527 2078 adeo
549 2023 586 2078 ut
605 2014 648 2078 oh
670 2015 731 2077 hoc
746 2014 881 2078 illorum
903 2014 1029 2075 animus
1051 2013 1124 2093 plus
1142 2013 1193 2077 rel
1215 2014 1321 2077 minus
1342 2014 1465 2079 divinae
1478 2013 1542 2075 ima·

444 2115 507 2195 pini
529 2117 767 2179 communicet:
791 2114 958 2178 Christum
984 2124 1112 2187 tamen,
1139 2116 1288 2195 quamvis
1320 2117 1351 2177 iu
1378 2135 1413 2179 se
1432 2116 1543 2178 divinae

443 2225 580 2280 naturae
599 2219 789 2281 associasset
809 2218 997 2291 humanam,
1018 2233 1184 2298 uunquam
1206 2216 1338 2279 cessisse
1357 2236 1375 2280 a
1391 2217 1544 2280 dilectione

446 2316 477 2381 in
500 2315 626 2393 Deum,
648 2336 708 2381 nec
729 2335 874 2399 uuquam
899 2319 1101 2381 imminutam
1127 2317 1248 2396 luisae;
1271 2334 1376 2397 quum
1398 2315 1474 2380 Jesu
1496 2317 1545 2378 hu·

444 2419 581 2482 manitas
603 2424 703 2481 totam
724 2416 756 2480 in
776 2436 811 2481 se
830 2418 1003 2499 recepisset
1021 2429 1173 2483 naturam
1193 2416 1349 2491 divinam,
1372 2417 1543 2499 sapientiam

444 2537 559 2603 nempe
573 2516 647 2596 liei,
670 2521 856 2592 veritatem,
877 2519 985 2587 lucem
1009 2536 1118 2583 reram
1140 2526 1201 2582 etc.
1225 2516 1269 2581 Et
1282 2518 1314 2582 id
1335 2520 1458 2583 sentire
1473 2524 1546 2599 patet

443 2623 476 2685 in
490 2640 530 2685 eo
550 2638 699 2685 sermone
711 2621 903 2703 Origeuem3
926 2624 1005 2702 quin
1020 2620 1158 2685 ulterius
1172 2620 1303 2700 aliquis,
1319 2639 1337 2684 a
1355 2621 1451 2702 longe
1463 2638 1545 2701 quae

445 2728 498 2785 rai
517 2721 560 2785 ihi
581 2721 681 2805 (quod
703 2740 767 2786 nou
788 2724 848 2800 esti
865 2728 928 2786 tam
944 2721 1023 2787 Jesn
1039 2722 1152 2797 animi,
1172 2738 1271 2802 quam
1293 2722 1440 2787 omniurn
1460 2720 1545 2785 homi·

443 2841 522 2888 num
543 2824 727 2888 animorum
749 2824 1047 2904 praeexistentiam.
1226 2892 1235 2913 ,

521 2924 644 2988 lleinde
658 2926 888 3004 investigemus
903 2925 981 3005 quid
1003 2926 1062 2989 sihi
1080 2925 1158 2991 velit
1170 2924 1385 2989 Adamantius
1399 2928 1432 2989 in
1451 2922 1545 3004 prori-

443 3028 503 3091 reis
522 3025 561 3090 ad
580 3024 675 3089 initio
694 3033 860 3089 creaturae
880 3033 943 3089 etc.
968 3026 1000 3090 Si
1022 3026 1107 3089 enim
1129 3025 1169 3089 ah
1191 3025 1242 3089 his
1275 3025 1443 3090 rocahnlis
1472 3042 1545 3088 con·

441 3127 644 3211 prehendere
660 3130 707 3191 ris
728 3127 839 3191 mundi
860 3130 1073 3209 creationem3
1086 3128 1118 3190 iu
1135 3146 1200 3208 qua
1216 3128 1313 3191 etiam
1334 3127 1477 3191 omnium
1491 3124 1546 3187 ani·

443 3245 515 3292 urae
529 3228 677 3291 conditae
690 3237 779 3303 suut,
803 3230 849 3292 uti
866 3229 988 3308 placuit
1009 3230 1144 3294 ethnicis
1157 3228 1372 3309 philosophis,
1396 3237 1469 3293 tnnc
1483 3244 1545 3291 con·

443 3336 492 3393 tra
514 3337 545 3392 te
564 3336 674 3391 statuo
686 3335 927 3407 argumentum.
952 3326 1036 3392 llicit
1053 3330 1190 3394 ductor:
1215 3328 1271 3393 ilia
1287 3328 1394 3391 anima
1416 3327 1456 3391 ab
1469 3325 1545 3389 initio

441 3438 614 3492 creaturae
627 3446 688 3492 seu
710 3428 834 3503 mundi,
850 3436 883 3490 et
896 3427 1059 3509 deinceps,
1076 3430 1335 3511 inseparabiliter
1349 3431 1394 3505 ci,
1412 3429 1546 3494 nimirum

443 3527 507 3611 ipsi
524 3526 598 3592 desa
621 3529 813 3605 inhaerens,
836 3545 1043 3611 nequaquam
1071 3528 1163 3593 Verbo
1185 3529 1253 3595 1111.
1276 3528 1324 3593 lle
1346 3528 1455 3595 Verbo
1475 3528 1546 3591 enim

441 3629 501 3695 liei
522 3632 554 3692 in
569 3641 731 3711 assumpta
754 3648 852 3694 carnc
868 3631 1029 3711 loquitur,
1046 3648 1109 3695 nou
1126 3648 1204 3695 vcro
1226 3631 1265 3693 de
1284 3629 1394 3695 Verbo
1406 3630 1462 3693 liei
1483 3633 1545 3689 ante

442 3729 696 3795 iacamtionem
716 3748 821 3793 suam.
843 3730 927 3794 Cum
948 3732 1058 3811 itaque
1082 3730 1180 3797 dicit:
1198 3731 1254 3797 illa
1276 3734 1382 3795 anima
1408 3730 1448 3795 ah
1468 3725 1545 3791 initio

441 3841 615 3898 creaturae
635 3831 898 3912 inseparabiliter
912 3834 971 3912 ipsi
993 3831 1072 3896 lesu
1089 3834 1271 3911 inhaerens,
1294 3841 1327 3897 et
1342 3834 1489 3913 deinceps
1506 3832 1545 3891 ie

441 3932 689 3997 dissociabiliter
719 3934 843 4012 pariter
863 3933 891 3995 ei
915 3933 1085 3997 inhaerens
1096 3955 1109 4016 3
1132 3934 1231 4015 igitur
1263 3951 1430 4015 uunquam
1453 3932 1546 3996 anina

442 4033 563 4099 Christi
584 4032 664 4097 Jesu
680 4033 742 4099 luit
755 4035 797 4096 ah
817 4054 858 4096 eo
878 4040 1040 4116 separata,
1057 4053 1162 4115 neque
1177 4034 1251 4099 ideo
1264 4036 1305 4098 ah
1318 4037 1410 4099 initio
1426 4028 1545 4105 mundi;

442 4138 531 4219 qnod
546 4145 595 4199 est
608 4135 800 4199 absurdum.
824 4134 978 4201 Nondum
993 4137 1076 4199 enim
1092 4136 1241 4204 Christus
1254 4140 1284 4199 in
1300 4154 1397 4199 carne
1414 4135 1543 4199 venerat.

521 4236 554 4303 Si
575 4246 684 4299 autem
701 4236 798 4298 rerha
818 4235 857 4300 ad
871 4234 967 4301 initio
987 4248 1150 4301 creaturae
1165 4239 1260 4302 aliter
1280 4236 1485 4319 interpretari
1501 4248 1544 4295 re·

441 4340 498 4414 lis,
511 4338 593 4401 idest
612 4336 654 4401 ab
667 4337 758 4400 initio
778 4340 951 4403 creationis
965 4337 1068 4420 Jesu3
1088 4358 1146 4402 seu
1168 4340 1209 4402 ah
1231 4338 1457 4402 incarnationis
1476 4348 1544 4397 suaa

443 4448 590 4519 tempore
611 4440 716 4501 anima
732 4436 812 4503 Jasu
827 4438 936 4505 Verbo
960 4439 1030 4519 ilci,
1052 4442 1226 4523 sapientiae
1241 4459 1322 4505 suae
1342 4447 1403 4505 cic.
1421 4438 1544 4499 indisso·

442 4540 539 4603 luhili
562 4539 691 4605 vinculo
711 4540 832 4605 sociata
855 4550 924 4623 est3
949 4550 1024 4608 tuuc
1046 4545 1148 4608 omnia
1176 4544 1339 4608 evanescit
1359 4536 1541 4609 dildcultas3
