3375 5567
455 794 535 859 tssit
556 792 704 858 liubiuus
725 792 829 858 eidem
851 792 1051 879 Hieronymo
1068 790 1274 872 respondens,
1296 798 1329 856 et
1348 790 1505 872 speciest·
1523 793 1549 853 io

454 896 514 971 iis,
538 906 622 976 quae
649 902 765 959 moino
793 896 1028 960 contenderunt
1050 895 1136 958 ciros
1163 891 1357 959 Psss‘orcbort
1387 894 1549 958 transtatio-

454 1016 527 1061 uem
549 1000 580 1061 in
603 996 741 1059 latinum
763 995 881 1060 idioma
903 998 914 1076 i
926 1013 1000 1061 cum
1025 994 1101 1057 satis
1124 995 1214 1059 uobis
1239 995 1280 1057 de
1306 995 1414 1075 graeci
1435 1000 1551 1067 textus,

453 1115 551 1180 quem
571 1098 639 1177 ipsa
659 1096 793 1160 dictavit
820 1096 1000 1178 Origenes,
1023 1106 1056 1160 et
1086 1097 1216 1177 quidem
1246 1098 1379 1176 integri,
1402 1096 1553 1159 amissione

452 1198 628 1263 dolendum
660 1199 737 1280 siti,
754 1198 876 1262 idcirco
903 1198 1050 1262 sedulum
1082 1204 1235 1262 ueruntes
1258 1214 1406 1279 operam,
1427 1196 1551 1259 sinceros

451 1300 594 1381 primum
612 1296 730 1363 iiuffiui
751 1300 980 1364 obtestationes
997 1308 1254 1381 perscrutemur,
1270 1316 1353 1381 quas
1376 1298 1423 1360 bis
1443 1299 1473 1359 iu
1486 1294 1553 1358 Pro·

452 1402 530 1481 logo
551 1399 640 1466 Libri
661 1402 756 1482 primi
778 1406 812 1465 et
840 1402 927 1466 tertii
946 1402 1139 1482 inscripsit,
1162 1400 1332 1466 Isoects'ot's
1353 1398 1467 1465 deiude
1491 1412 1554 1459 coo·

387 1580 392 1591 ι
454 1503 602 1567 iereudss
623 1503 655 1565 iu
670 1502 918 1587 Hieronymum.
942 1502 1004 1569 Ubi
1029 1514 1062 1568 et
1086 1522 1216 1569 errores
1240 1506 1300 1567 isto
1321 1500 1470 1581 coarguit
1490 1496 1551 1561 Ori·

455 1603 554 1684 genis,
569 1611 602 1667 et
616 1600 736 1669 Ruffiui
757 1604 902 1685 ejusdem
924 1606 1096 1670 consitium
1117 1606 1149 1668 in
1165 1606 1214 1669 bis
1237 1603 1400 1668 vertendis
1425 1598 1555 1664 edendio

458 1722 523 1787 que
535 1706 704 1769 erroribus
719 1704 759 1768 od
774 1704 939 1771 Ecclesiae
953 1708 1139 1772 scandalum
1156 1716 1189 1771 et
1204 1706 1348 1770 bdelium
1364 1704 1495 1769 exitium
1507 1698 1552 1779 (ii.

513 1804 662 1871 liuffluus
676 1808 788 1887 itaque
802 1808 842 1870 ab
859 1807 1039 1872 biccarium
1055 1810 1209 1885 scribens,
1231 1808 1414 1871 multorum
1429 1812 1460 1869 et
1479 1802 1553 1866 itlius

452 1909 628 1990 praecipuo
653 1907 763 1972 votens
783 1909 970 1974 satisfacere
991 1910 1151 1975 desiderio
1177 1909 1280 1973 latino
1304 1924 1453 1972 sermone
1475 1920 1552 1985 prse-

452 2026 527 2074 cum
548 2009 722 2092 Origeuem
737 2011 769 2074 io
791 2010 896 2075 Libris
911 2010 956 2075 Do
977 2008 1155 2092 Principiis
1168 2010 1307 2092 tegendi,
1330 2010 1363 2071 tn
1384 2008 1491 2090 primis
1513 2004 1551 2066 rei

454 2109 678 2177 difficultatem
700 2112 841 2193 objecit,
865 2112 972 2178 diceus
992 2114 1033 2177 ab
1055 2112 1226 2177 haereticis
1246 2118 1280 2174 et
1300 2110 1468 2175 malevolis
1492 2120 1553 2170 cor·

454 2218 567 2293 ruptos
588 2212 734 2293 ejusdem
751 2213 868 2289 libros,
889 2220 921 2278 et
937 2218 1126 2296 praesertim
1150 2210 1359 2277 Pos'orcboos
1377 2230 1395 2271 s
1416 2208 1477 2287 Qui
1489 2214 1552 2272 suut

454 2331 568 2379 resera
597 2314 677 2378 nlius
697 2320 730 2378 et
758 2315 979 2381 obscurissimi
1000 2324 1033 2381 et
1064 2314 1255 2381 otmettttmi.
1281 2312 1328 2377 De
1362 2314 1459 2379 rebus
1481 2311 1550 2374 euiu

454 2415 574 2480 talibus
604 2416 648 2480 ibi
669 2416 834 2498 disputat,
856 2418 888 2481 iu
919 2420 1038 2500 quibus
1059 2418 1243 2500 philosophi
1266 2418 1355 2481 omui
1386 2422 1488 2481 sotste
1504 2428 1551 2477 sus

381 2558 383 2561 ⁴
452 2525 656 2601 cousumpta,
671 2520 817 2585 invenire
838 2521 1126 2602 potueruutnibil.
1149 2519 1210 2584 ilic
1226 2536 1306 2583 sero
1327 2524 1450 2595 noster,
1465 2530 1551 2597 qusn-

455 2626 525 2684 tum
545 2622 664 2701 potnit,
688 2622 718 2684 isi
741 2622 819 2704 egit,
842 2630 879 2686 ut
900 2620 1064 2688 Creatoris
1085 2621 1181 2687 bocru
1202 2630 1236 2686 et
1256 2626 1483 2685 creaturarum
1508 2630 1550 2678 rs·

453 2720 585 2797 tionem,
609 2738 708 2802 qnam
728 2722 777 2786 illi
799 2722 838 2785 ad
861 2722 1057 2805 impietatem
1080 2726 1260 2797 traxerant,
1276 2719 1315 2784 od
1338 2716 1550 2801 pietatemiste

451 2829 667 2886 converteret.
688 2822 798 2889 Sicubi
828 2840 908 2905 erpo
928 2842 986 2888 uos
1006 2824 1145 2889 inlibris
1167 2824 1238 2906 ejus
1261 2822 1387 2903 aiiquid
1410 2814 1549 2886 contrait

450 2922 644 3000 invenimus,
666 2922 807 3003 quodab
828 2924 945 3005 ipsein
966 2924 1083 2989 ceteris
1095 2924 1177 2988 locis
1198 2922 1304 3005 piene
1324 2918 1548 2987 Trinitatetue

452 3029 503 3086 rat
522 3021 704 3101 definitum,
729 3023 1064 3120 setotsaduiteratum
1087 3026 1148 3089 boc
1170 3024 1367 3087 stelionum
1398 3029 1455 3087 aot
1474 3036 1550 3101 prse-

451 3124 662 3199 termisimus,
682 3130 741 3189 sut
760 3125 940 3190 seeundum
961 3142 1033 3190 eam
1056 3126 1205 3207 regulum
1236 3125 1446 3205 protulimus,
1466 3136 1548 3203 mou

451 3222 492 3287 ab
513 3224 583 3306 ipso
604 3224 793 3305 frequenter
820 3226 1001 3290 invenimus
1022 3226 1227 3291 affirmatam.
1249 3226 1349 3306 Siqua
1379 3242 1453 3289 ssne
1474 3220 1549 3285 reiut

449 3324 562 3405 peritis
579 3325 647 3407 jam
660 3333 692 3388 ct
711 3327 886 3392 scientibus
897 3327 1047 3408 loquens,
1071 3328 1149 3392 dum
1167 3327 1312 3391 breviter
1328 3326 1464 3389 transire
1479 3320 1549 3394 suit,

450 3424 621 3489 obscurius
642 3426 794 3507 protutit3
811 3445 881 3506 nos,
905 3437 940 3491 ut
955 3426 1156 3493 manifestior
1178 3428 1270 3491 iiorot
1286 3426 1396 3501 iocus,
1418 3442 1465 3500 eo,
1478 3436 1549 3502 quse

449 3523 490 3587 tie
510 3524 578 3606 ipss
598 3544 635 3589 re
655 3526 688 3588 in
710 3527 780 3591 aliis
801 3528 872 3609 ejus
892 3529 984 3593 libris
1005 3530 1149 3611 apertius
1170 3529 1366 3610 legeramus,
1389 3526 1546 3608 adiecimus

448 3626 667 3705 expisuationi
681 3627 860 3695 studentes:
883 3632 962 3694 nibii
987 3636 1091 3697 tameo
1113 3637 1261 3696 nostrum
1282 3630 1437 3710 diximum
1456 3622 1548 3691 seili-

451 3730 503 3789 cet
522 3726 555 3789 in
576 3727 646 3792 siiis
666 3729 748 3793 iocis
769 3730 867 3807 dicto,
891 3739 997 3797 tumen
1017 3752 1075 3798 suo
1097 3735 1157 3799 sibi
1179 3734 1390 3799 reddidimus.
1415 3730 1481 3795 Hoc
1499 3740 1545 3789 11·

449 3830 514 3888 tem
536 3825 658 3893 idcirco
678 3830 711 3893 iu
725 3830 931 3898 Praoiationo
952 3838 1137 3901 commonui
1153 3854 1193 3901 oe
1214 3836 1299 3901 iorto
1314 3832 1547 3900 outuuutstores

447 3926 568 3991 iterum
582 3946 617 3993 so
638 3931 828 3998 criminandi
839 3942 955 4016 putent
975 3936 1133 4002 invenisse
1148 3938 1328 4002 materiam.
1343 3934 1405 4002 Sed
1426 3929 1546 3998 viderint

451 4026 529 4108 quid
561 4034 708 4109 perversi
729 4040 763 4097 et
790 4038 980 4102 contentiosi
1002 4038 1146 4102 bomines
1178 4046 1284 4120 agant.
1308 4035 1408 4102 Nobis
1436 4030 1547 4097 iuterim

451 4136 558 4197 tonsus
577 4131 673 4197 labor
686 4136 724 4213 (si
746 4142 865 4216 tamen,
881 4139 1049 4205 orantibus
1070 4140 1173 4219 vobis,
1189 4134 1277 4205 Dens
1289 4135 1425 4221 jurarit)
1441 4130 1545 4199 idcirco

521 4350 558 4425 (Ῑ)
578 4350 656 4419 Quae
675 4372 757 4428 porro
774 4356 805 4413 in
822 4356 877 4414 boo
894 4358 956 4417 ioco
973 4362 1182 4435 expendentur,
1208 4358 1362 4418 referuntur
1378 4362 1438 4414 tum
1454 4350 1485 4408 sd
1505 4360 1538 4409 11,

450 4458 522 4515 im
540 4443 673 4515 difflui,
692 4454 754 4505 tunt
778 4448 814 4505 nd
833 4455 938 4521 camno,
958 4470 1029 4526 quae
1047 4454 1119 4511 inira
1141 4452 1310 4529 disputanda
1327 4446 1456 4510 madent
1481 4440 1541 4497 citt·

449 4537 539 4594 1111111
559 4538 712 4599 Pcn'oscbos
729 4544 879 4601 versiones.
