3375 5567
1184 649 1380 756 sm'

151 813 213 860 rum
233 793 290 860 bet
313 806 440 877 tempus
461 795 638 860 advenerit.
660 796 732 874 Qua
754 815 810 877 spe
831 804 975 877 accepta,
998 805 1147 877 utquam
1170 813 1243 873 pro·

151 897 316 961 missionem
337 895 529 977 explendam
549 915 681 977 sperans
697 898 846 960 universa
868 903 1019 960 creatura
1035 896 1241 978 congemiscit

150 1016 223 1060 eane
241 998 383 1072 interim,
407 1008 518 1079 utpote
539 1000 635 1060 etiam
656 997 809 1062 allectum
831 997 950 1061 babens
971 1015 1047 1078 erga
1077 1017 1149 1074 eos,
1172 998 1244 1078 qni·

149 1099 199 1161 bus
212 1099 370 1162 ministrat
383 1106 417 1161 et
430 1099 581 1162 condolet
594 1116 654 1179 per
674 1100 872 1179 patientiam,
889 1116 974 1178 qnae
989 1099 1143 1178 promissa
1155 1109 1243 1174 sunt,

147 1215 276 1277 sperans.
303 1199 434 1263 latuere
453 1199 549 1262 etiam
571 1198 668 1274 illud,
689 1200 717 1261 ai
739 1199 822 1263 lorte
843 1201 950 1280 aptari
971 1209 1077 1279 potest
1098 1203 1154 1264 illa
1178 1221 1243 1265 ror

148 1296 231 1362 Pauli
251 1299 313 1371 bis,
334 1300 391 1379 qni
411 1299 489 1364 licet
507 1317 571 1362 non
594 1299 749 1374 volentes,
772 1301 1014 1380 provoluntate
1038 1307 1142 1365 tamon
1157 1301 1243 1382 ejus,

147 1399 194 1478 qui
205 1399 355 1480 subiecit,
367 1408 400 1464 el
411 1419 470 1480 pro
483 1401 769 1480 repromissionum
779 1419 850 1481 spe,
863 1402 995 1466 sanitati
1006 1402 1142 1482 subjecti
1156 1409 1245 1480 suut,

147 1518 201 1579 qna
213 1501 275 1565 aits
296 1511 435 1582 optarem
454 1501 540 1564 enim
559 1501 687 1577 resolui,
706 1502 755 1564 orl
776 1500 898 1579 redire,
921 1511 950 1566 rt
969 1521 1032 1567 esre
1053 1521 1125 1567 cum
1157 1500 1248 1568 Cbrr'·

147 1613 197 1663 rto.-
216 1605 314 1667 multo
332 1603 417 1668 cuim
436 1603 561 1668 melius.

217 1704 334 1770 «Puto
354 1707 438 1769 cuim
459 1708 538 1786 quir
557 1706 706 1770 similiter
726 1708 827 1788 possit
847 1707 943 1770 etiam
958 1707 1007 1772 sol
1028 1706 1149 1784 dicere,
1168 1705 1248 1786 quia

146 1816 282 1886 optarem
302 1807 387 1871 aelst
406 1813 440 1870 et
459 1824 528 1870 esse
548 1823 623 1871 eum
644 1806 795 1874 Christo:
819 1809 925 1873 multo
946 1810 1030 1873 enirn
1054 1808 1180 1872 melius.
1205 1805 1248 1870 lit

146 1905 258 1973 Paulus
270 1907 402 1989 quidem
423 1906 475 1986 (ad
492 1906 607 1988 Philip.
629 1925 659 1970 c.
676 1906 715 1987 l.)
736 1907 835 1972 addite
851 1909 904 1972 sed
920 1906 1156 1988 permanerem
1177 1926 1247 1972 cor·

146 2027 177 2071 re
199 2011 299 2090 erupis
318 2005 530 2072 messorium
554 2017 683 2088 propter
702 2027 767 2071 eos.
796 2009 853 2086 Sol
876 2029 953 2074 vero
982 2015 1088 2091 potest
1117 2009 1244 2074 diceres

147 2128 326 2190 permanere
339 2117 449 2174 sutem
469 2111 502 2172 in
517 2110 579 2173 boc
599 2111 730 2174 coelesti
745 2117 778 2174 et
798 2111 908 2176 lucido
921 2130 1060 2194 corpore
1079 2111 1180 2192 magis
1195 2127 1249 2174 ne·

147 2212 312 2276 somarium
340 2217 476 2290 propter
500 2209 732 2274 revelationem
759 2209 903 2276 liliorum
926 2210 994 2275 liei.
1021 2211 1142 2277 Eadem
1171 2225 1248 2274 sane

146 2315 232 2376 etiam
252 2311 292 2376 de
311 2312 390 2377 luna
411 2322 444 2375 et
463 2311 566 2376 stellis
585 2311 749 2376 sentienda
769 2320 892 2378 suntet
912 2313 1055 2378 dicenda.
1072 2313 1247 2378 vincamus

147 2431 223 2477 nnnc
241 2432 327 2494 quae
345 2415 388 2477 sit
413 2413 510 2476 ctiam
530 2413 664 2476 libertas
684 2425 877 2490 creaturae,
902 2415 953 2478 rel
974 2433 1058 2495 qnae
1086 2415 1248 2480 absolutio

149 2517 318 2580 servitutis.
339 2512 423 2580 (inm
442 2514 612 2578 tradiderit
631 2513 780 2581 Christus
796 2533 894 2595 regno
917 2512 985 2580 Deo
1000 2525 1032 2580 et
1055 2515 1155 2595 Patri,
1173 2523 1250 2582 tnnc

147 2619 234 2678 etiam
253 2618 313 2680 iata
333 2615 526 2690 animantia,
549 2633 625 2677 cum
646 2615 737 2694 prius
758 2632 895 2694 regnum
917 2613 1038 2680 Christi
1060 2615 1182 2681 luerint
1195 2617 1249 2680 'el-

148 2715 235 2788 lecta,
253 2716 352 2780 simul
374 2716 556 2779 cumomni
578 2726 677 2794 regno
697 2714 794 2778 ctiam
816 2715 904 2778 Patri
931 2717 1092 2795 regnando
1122 2717 1250 2781 traden-

147 2823 206 2879 tur.
222 2823 270 2893 nt,
291 2835 368 2880 cum
390 2814 476 2880 bens
495 2813 557 2877 crit
575 2812 683 2879 omniu
710 2814 746 2878 ie
766 2813 932 2892 omnibus,
955 2821 1051 2882 etiam
1073 2819 1153 2896 ista,
1175 2835 1251 2883 enm
1327 2803 1333 2806 ⁸

148 2918 203 2980 siut
224 2937 266 2981 ex
286 2917 449 2994 omnlbus‚
470 2919 512 2980 sit
531 2925 565 2980 et
583 2915 615 2978 in
637 2917 704 2980 istis
726 2914 825 2991 Dens,
846 2917 931 2981 sicut
951 2920 983 2981 in
1005 2920 1197 2983 omnibus.»

218 3019 252 3082 ln
272 3019 322 3082 bia
338 3019 444 3082 verbis
466 3018 754 3097 ductorquamris
776 3025 863 3081 totus
884 3018 916 3080 in
937 3037 977 3082 eo
991 3020 1046 3094 sit,
1068 3029 1105 3084 ut
1123 3035 1251 3083 sensnm

150 3119 330 3183 rationalem
350 3125 384 3182 et
406 3117 606 3182 volunlatem
626 3135 760 3197 quoque
781 3118 813 3179 in
833 3118 928 3181 astris
949 3118 1090 3182 inveniat
1097 3138 1109 3198 3
1131 3126 1166 3184 et
1185 3123 1252 3184 sni·

150 3237 224 3284 mam
243 3221 317 3286 ideo
332 3220 406 3301 ipsis
427 3219 620 3299 corporibus
634 3221 835 3284 extrinsecas
857 3219 1009 3284 insertam
1024 3239 1107 3294 esse,
1129 3222 1253 3285 ethaeo

151 3319 357 3403 escripturis
377 3319 507 3385 studeat
527 3320 653 3383 sancire
659 3339 671 3398 3
696 3327 801 3383 tamen
822 3338 864 3383 ex
884 3321 984 3401 ipsine
1004 3320 1170 3385 locutione
1190 3339 1254 3385 non

152 3423 203 3484 risi
215 3423 377 3504 passivum
392 3421 618 3484 rationalitatis
633 3439 733 3500 penus
749 3421 876 3486 admitti
891 3423 922 3484 in
937 3423 974 3485 iis
989 3429 1105 3503 potest,
1121 3423 1202 3486 adeo
1218 3429 1256 3488 ut

152 3524 284 3600 praemia
304 3540 364 3587 sen
386 3539 486 3603 poena
508 3522 584 3601 ipsis
603 3519 818 3601 adjudicanda
840 3523 948 3599 astris,
973 3529 1095 3586 tantem
1119 3523 1255 3588 relativa

154 3621 566 3703 habeantne-Quapropter
585 3639 660 3684 enm
681 3621 740 3684 ista
755 3640 896 3702 corpora
917 3625 1055 3688 sentiant
1074 3641 1109 3688 ae
1129 3625 1161 3686 in
1184 3643 1257 3704 peo-

154 3731 227 3800 crto,
244 3743 303 3788 serr
319 3723 406 3786 malo
426 3725 487 3787 sita
501 3723 600 3786 luisse
612 3721 655 3784 ob
676 3722 814 3788 bominis
834 3724 977 3802 culpam,
992 3731 1025 3786 et
1039 3735 1200 3805 nequeant
1215 3725 1255 3787 ab

155 3841 189 3886 co
202 3831 290 3888 reatu
311 3833 345 3888 et
358 3842 377 3886 a
392 3825 503 3905 poenis
523 3824 626 3887 eidem
641 3824 755 3887 debitia
775 3825 936 3903 evadere;
953 3825 1089 3890 sentient
1109 3845 1255 3907 quoqne,

157 3941 221 3986 cum
247 3932 374 4007 tempus
396 3924 623 4003 redemptionis
642 3941 757 3987 eornm
784 3924 967 3999 advenerit,
992 3926 1166 4005 aliquando
1189 3929 1256 4006 ipsa

157 4031 272 4089 rreatn
289 4034 322 4088 et
335 4025 446 4105 poenis
464 4025 620 4098 resoluta,
633 4024 665 4086 in
686 4027 960 4089 consummatione
974 4027 1075 4090 munli
1090 4027 1261 4090 restituen-

157 4121 190 4186 da
212 4145 280 4190 esse
304 4126 344 4189 ad
366 4127 533 4205 pristinam
554 4126 790 4202 conditionem,
816 4145 881 4190 nna
902 4127 999 4190 simul
1020 4145 1093 4190 curn
1111 4128 1258 4193 humanis

156 4229 348 4307 corporibus,
371 4245 476 4307 neque
489 4245 524 4290 se
540 4245 575 4290 se
596 4228 719 4307 pariter
733 4245 825 4307 posse
839 4228 983 4292 eximere
996 4227 1037 4290 ab
1051 4229 1112 4291 bec
1128 4246 1260 4309 repara·

159 4326 285 4392 tionede
304 4328 393 4392 melo
407 4331 439 4391 in
461 4328 592 4391 bonnm.
603 4327 655 4390 lix
677 4328 864 4392 necessitate
879 4329 963 4392 enim
977 4328 1158 4393 subdentur
1173 4347 1260 4392 man·

161 4425 230 4490 dato
248 4429 378 4508 dirin03
400 4447 466 4509 quo
480 4429 554 4505 soli,
576 4429 675 4493 lunae
695 4437 728 4493 et
746 4429 906 4494 sideribus
928 4429 1160 4510 praecipietur,
1184 4437 1221 4494 nt
1242 4447 1259 4492 a

162 4529 308 4593 servitute
322 4531 541 4610 corruptionis
561 4536 595 4592 et
609 4529 756 4592 renitatis
776 4530 969 4606 liberentur,
986 4530 1259 4611 quemadmodum

162 4630 332 4697 necessario
353 4631 565 4711 culpabilium
589 4631 866 4711 protoplastorum
882 4646 1000 4712 poenas
1021 4632 1257 4696 sustinuerunt.
