3375 5567
437 675 500 750 m
610 657 613 661 ,

443 800 480 852 nt
500 791 533 851 iu
552 807 631 854 cneo
651 790 857 855 discussionis
878 791 1035 868 illatione,
1052 809 1259 873 nequaquem
1279 795 1413 860 dicereu
1426 805 1535 878 prepte-

438 913 493 959 reu
513 893 731 958 contendimus
750 903 778 956 rt
798 913 966 974 operamur
985 894 1107 959 mecum
1127 899 1191 960 rior
1211 897 1378 960 constituti
1390 899 1425 962 n'e
1443 917 1538 978 cerpe-

321 1007 325 1014 ·
439 1015 487 1072 rc,
506 1014 559 1059 sce
579 1006 724 1060 menter
743 1015 765 1057 u
784 1013 928 1074 corpore,
941 996 1104 1074 accepturi
1123 998 1209 1078 quud
1226 998 1471 1080 (metientem,-
1493 1019 1539 1062 re-

440 1117 514 1165 rnm
528 1099 668 1179 ampiiue
681 1096 866 1171 addidisset,
878 1101 1044 1162 nimirums
1058 1108 1225 1179 propterea
1246 1119 1416 1181 operemur
1427 1100 1537 1164 circem

438 1199 503 1263 re'nr
515 1210 683 1280 meconem
701 1198 800 1261 rimus
813 1198 850 1262 ie
869 1217 1008 1280 corpere,
1021 1199 1085 1262 siue
1098 1200 1134 1263 ic
1148 1201 1206 1264 duc
1224 1221 1355 1282 corpore
1373 1201 1542 1276 connitere,

440 1311 498 1365 unt
516 1321 552 1364 ee
571 1301 671 1364 exuti.
690 1301 718 1364 Α
738 1319 804 1382 que
822 1311 927 1365 temen
942 1303 1099 1382 Origenes
1115 1305 1183 1382 ipne
1202 1303 1309 1367 obicit
1323 1307 1539 1385 consequentis

437 1407 559 1485 qnippe
583 1404 665 1466 iaisa
687 1412 722 1465 et
741 1403 881 1466 absurda
908 1421 970 1466 uon
999 1415 1144 1483 tantum3
1169 1405 1222 1468 sed
1245 1416 1278 1467 ct
1298 1407 1387 1485 quod
1409 1406 1540 1484 dogmati

438 1503 607 1583 principaii
628 1503 833 1576 adversetur,
852 1504 911 1564 sibi
934 1505 1112 1584 proposito,
1135 1505 1174 1567 de
1196 1506 1301 1567 anima
1325 1508 1457 1586 corpori
1476 1523 1540 1568 coe·

439 1607 607 1676 seminata,
628 1605 735 1666 anime
755 1605 879 1666 scilicet
899 1623 915 1666 a
933 1603 1021 1680 Deo,
1043 1613 1075 1667 et
1096 1623 1235 1685 corpore
1256 1625 1273 1668 a
1296 1608 1494 1686 genitoribus
1515 1610 1542 1668 in

440 1707 517 1769 niro
537 1715 697 1780 mutereo,
720 1717 751 1768 et
772 1709 812 1768 do
833 1707 937 1770 anime
961 1725 978 1768 e
1001 1723 1140 1787 corpere
1161 1708 1320 1772 obsolute.

521 1805 588 1870 Nec
608 1824 683 1869 eane
705 1807 801 1870 nitier
820 1808 862 1868 ab
882 1809 1035 1886 expositis
1057 1808 1212 1871 sumenda
1240 1819 1317 1872 cent
1337 1808 1485 1891 Origenis
1502 1811 1541 1871 di·

439 1919 490 1972 cta
503 1928 513 1987 3
526 1927 585 1971 uec
605 1911 743 1989 emplius
761 1909 974 1972 dubitandum
989 1911 1029 1972 de
1044 1909 1301 1973 Amanuensiuru
1321 1929 1437 1976 errore
1458 1917 1486 1975 in
1498 1931 1542 1976 co·

439 2011 509 2073 dice
530 2027 650 2091 graeco
671 2011 913 2072 transcribendo
933 2011 973 2071 ad
990 2011 1052 2072 hoc
1073 2010 1192 2074 relator
1206 2021 1234 2072 et
1251 2011 1422 2076 cuemdrro
1441 2015 1544 2092 neser·

438 2121 468 2174 te
486 2112 574 2173 lucer
588 2110 773 2175 animorum
786 2120 831 2173 mi
844 2121 916 2174 cute
931 2129 1058 2192 cerpus,
1074 2112 1131 2190 gni
1151 2116 1195 2174 eit
1207 2123 1298 2176 retra
1310 2112 1437 2178 viennen
1448 2116 1542 2177 turns:

439 2216 472 2275 in
491 2233 560 2294 quo
572 2213 618 2276 eie
638 2215 812 2293 legendum
825 2224 920 2276 erate
942 2223 971 2276 rt
990 2212 1155 2276 corridere
1175 2231 1214 2278 rte
1227 2217 1307 2292 serie
1328 2218 1417 2280 iocur
1429 2217 1543 2280 neimo·

440 2335 515 2379 rum
533 2325 579 2378 ret
597 2327 690 2377 rcere
703 2330 831 2396 corpus,
852 2314 910 2396 qui
923 2326 974 2399 ert
987 2325 1080 2378 crire
1100 2315 1224 2379 ciccum
1244 2318 1344 2380 iocus.
1363 2319 1425 2383 Cui
1443 2320 1543 2383 leutio·

440 2419 470 2481 ui
488 2416 530 2480 ita
546 2418 732 2480 emendatae
748 2417 895 2495 perbeiie
909 2418 1058 2497 congruit
1071 2435 1179 2480 nermo
1193 2420 1378 2483 immediate
1397 2439 1542 2501 sequence

438 2519 532 2581 einen
560 2527 668 2580 ceum
687 2536 751 2580 noe
770 2517 873 2579 seium
902 2517 954 2578 itte
973 2517 1009 2581 ie
1028 2535 1159 2597 corpore
1178 2528 1243 2594 ret,
1276 2522 1330 2583 red
1348 2521 1443 2586 etium
1462 2531 1543 2583 crire

439 2634 566 2699 eorpus,
582 2618 636 2679 ndi
649 2627 823 2698 opmuctnr
840 2629 1029 2698 operatores.
1047 2617 1082 2682 in
1105 2639 1172 2702 quo
1185 2621 1393 2686 solummodo
1413 2621 1544 2686 conside·

441 2731 537 2784 ratur
558 2721 650 2782 vinea
670 2722 738 2783 sire
758 2722 863 2782 animo
886 2721 916 2782 in
938 2739 1077 2802 corpore
1098 2730 1131 2785 ot
1151 2730 1244 2786 extre
1266 2741 1400 2804 corpus,
1425 2724 1502 2787 idest
1516 2725 1542 2784 in

441 2825 602 2904 praesenti
623 2832 655 2883 et
677 2822 709 2882 in
730 2820 844 2883 tuturo
873 2821 1010 2902 seruic;
1045 2839 1112 2902 quo
1146 2841 1258 2904 reapse
1278 2825 1460 2888 intendenti
1480 2823 1543 2887 Ori·

437 2941 560 3001 geues3
584 2923 658 2985 dinc
685 2922 825 3002 prodere
845 2921 991 2998 studens,
1019 2924 1115 2986 etiam
1143 2923 1175 2985 in
1198 2928 1260 2987 ritu
1288 2925 1402 2989 intutu
1426 2923 1542 3004 operari

438 3024 605 3105 justorum
627 3024 748 3085 animas
770 3024 801 3083 in
821 3023 960 3086 salutem
982 3041 1097 3087 eornm
1120 3026 1202 3088 huuc
1223 3027 1408 3106 degentium
1435 3029 1541 3102 ritam3

439 3127 529 3206 quod
552 3124 711 3204 exemplis
733 3125 902 3188 roborerit
922 3134 955 3187 et
975 3123 1154 3200 Samuelis,
1178 3134 1211 3190 et
1236 3125 1419 3192 Hieremiae
1444 3127 1543 3191 deine

439 3231 483 3293 cii
503 3242 566 3308 pro
585 3227 712 3306 popuio
729 3228 863 3289 creetis.
888 3225 978 3291 Unde
999 3228 1184 3291 concludite
1207 3247 1223 3288 n
1247 3227 1474 3310 Proptcrrcpnr
1493 3229 1541 3305 (ita

438 3331 562 3409 iegitur
574 3330 607 3390 in
623 3325 733 3390 Veteri
748 3324 1030 3406 interpretatione)
1051 3328 1269 3393 contendimus
1288 3339 1319 3392 et
1330 3346 1493 3409 operemur
1505 3325 1543 3388 ni

437 3446 530 3494 eccm
550 3425 614 3494 rte
633 3425 847 3492 constituerim
868 3445 1011 3509 corpore,
1031 3429 1096 3493 rice
1115 3440 1263 3495 recentes
1276 3451 1298 3495 n
1310 3451 1450 3514 corpore,
1469 3449 1542 3494 cere

438 3530 531 3613 ptari
543 3531 628 3612 qnod
640 3528 739 3612 merit
752 3531 898 3612 jectum
914 3532 995 3593 idest
1015 3533 1119 3594 anima
1131 3531 1211 3612 justi
1227 3533 1296 3597 sire
1316 3535 1348 3598 iu
1363 3535 1424 3599 huc
1440 3535 1494 3596 riu
1507 3532 1542 3593 ni

442 3654 483 3698 re
496 3637 529 3698 in
542 3634 647 3696 ultera
663 3640 736 3716 post
747 3632 874 3696 editam
889 3631 1036 3713 corporis
1051 3632 1171 3696 donum
1191 3643 1361 3714 operatnr.
1378 3632 1468 3710 Quae
1480 3649 1542 3694 rer

441 3736 482 3798 bn
498 3735 635 3815 genuine
650 3752 741 3798 verse
754 3752 773 3797 a
785 3733 905 3798 Vetere
918 3731 1112 3814 interprete,
1125 3731 1267 3800 Huetins
1281 3755 1322 3800 ex
1341 3737 1452 3800 codice
1464 3749 1542 3814 gene»

441 3855 494 3912 co,
509 3835 550 3898 de
570 3853 639 3916 quo
652 3837 685 3898 iu
708 3835 815 3899 Prima
831 3836 930 3899 Parte
950 3843 1061 3900 actum
1075 3847 1135 3912 est,
1149 3853 1213 3900 nou
1227 3837 1329 3916 probe
1345 3835 1538 3920 explanarit:

442 3956 461 3997 r
481 3935 602 4018 Magno
621 3955 700 4017 ergo
720 3941 831 4002 studio
852 3938 937 4002 vireu
957 3938 989 4000 iu
1011 3936 1188 4002 excolenda
1211 3939 1325 4014 niuea,
1354 3940 1422 4004 cire
1442 3940 1470 4000 in
1488 3937 1541 3997 ios

442 4057 583 4121 corpore
612 4041 778 4102 constituti
798 4040 868 4102 sire
888 4046 981 4102 extra
1004 4039 1086 4102 iiiuc
1117 4041 1358 4120 peregrinantes
1388 4037 1540 4105 contenda·

442 4157 528 4217 mue,
550 4139 699 4203 mercede
720 4139 797 4201 oiim
819 4154 923 4219 aequa
947 4138 1094 4201 docendi.
1118 4156 1135 4197 n
1158 4136 1193 4200 in
1209 4157 1275 4220 que
1297 4141 1442 4204 venene
1457 4143 1538 4201 enirn

440 4242 587 4306 ordinem
603 4244 891 4324 argumentationis
906 4254 986 4305 eune
1008 4240 1155 4304 traduxit
1169 4238 1357 4322 Onigenem,
1376 4245 1422 4335 nti
1435 4241 1540 4317 eumne

443 4349 542 4422 pater.

804 4555 1196 4602 ...m-..-
