3375 5567
169 767 312 831 isveriot.
331 769 486 850 Alioquin
504 769 612 832 dicore
626 776 776 847 poterant
793 759 857 869 epo*
877 764 1008 850 κτίσεως
1021 777 1094 830 oste
1107 769 1260 833 conditio-

166 887 223 929 scu
242 868 365 945 nemi,
387 889 445 934 nec
466 872 513 935 uti
527 867 704 950 dejectionis
729 869 898 932 vocabulo.
918 865 1020 932 Totus
1041 871 1152 949 itaqua
1167 889 1258 934 muu-

166 969 227 1044 dus,
247 977 279 1032 ot
298 989 384 1050 quae
405 975 437 1034 io
456 975 527 1053 ipso
546 981 634 1046 suut,
648 972 680 1032 in
701 969 880 1050 dejectione
901 975 976 1030 sont
986 987 997 1047 ;
1014 975 1048 1030 at
1070 986 1145 1032 vere
1164 979 1259 1034 extra

165 1069 360 1150 dejectionem
384 1076 482 1136 totius
504 1073 613 1136 muudi
628 1079 703 1134 sunt
724 1071 868 1150 germani
889 1066 969 1132 Iesu
984 1069 1133 1149 discipuli
1156 1079 1217 1134 etc.
1242 1092 1258 1128 a

233 1170 283 1236 iix
304 1175 367 1237 boo
387 1177 560 1255 perspicito
581 1170 746 1254 quomodo
760 1169 1059 1251 comprehendenda
1081 1171 1156 1249 sint,
1174 1190 1260 1253 quae

162 1272 199 1334 ait
217 1275 246 1336 iu
260 1273 407 1351 praelato
421 1291 569 1337 sermone
583 1273 645 1338 snb
660 1283 737 1353 typo
749 1271 885 1334 nominis
898 1270 1025 1352 dejectio
1044 1272 1150 1352 quoad
1169 1290 1260 1335 mun·

162 1374 228 1436 dum
245 1376 436 1438 invisibilem
457 1385 489 1438 el
504 1375 737 1455 intelligibilem
758 1382 792 1436 et
807 1373 914 1452 quoad
938 1381 1105 1438 creaturas
1120 1375 1260 1437 rationa-

162 1474 231 1536 bilcs
244 1476 285 1539 ibi
306 1476 470 1556 degenies,
486 1477 652 1539 diversum
666 1475 708 1537 ab
721 1475 827 1538 altero
851 1475 965 1537 visibili
985 1483 1017 1538 et
1031 1474 1184 1552 sensibili,
1201 1478 1259 1555 qni

160 1573 255 1637 vlico
275 1577 423 1640 conditus
453 1585 503 1640 est
524 1578 555 1639 iu
577 1595 713 1657 poenam
741 1576 916 1655 spirituum
937 1575 1202 1651 immundorum,
1227 1577 1257 1639 in

160 1677 329 1754 pericnlum
361 1686 393 1739 et
421 1679 642 1756 probationem
673 1678 847 1757 spirituum
870 1677 1111 1753 bumanorum,
1143 1685 1175 1741 et
1195 1694 1256 1758 pro

160 1776 322 1840 ministerio
342 1779 517 1858 spirituum
543 1779 732 1858 augelorum
760 1783 958 1840 sauctorum.
982 1776 1153 1841 Praeterea
1178 1795 1253 1840 cum

158 1876 257 1938 scribit
276 1874 433 1956 Origenes
455 1879 628 1941 rationales
649 1883 817 1940 creaturas
837 1875 879 1937 ab
893 1895 932 1939 eo
954 1875 1104 1939 invisibili
1125 1876 1256 1940 descen·

157 1978 255 2041 denles
274 1979 307 2040 iu
329 1979 414 2043 bunc
436 1979 592 2043 muudum
616 1979 784 2055 visibilem,
806 1977 996 2053 nonnullas,
1018 1977 1150 2058 spiritus
1171 1979 1256 2042 scili-

157 2089 200 2142 cct
211 2085 384 2161 apostatas,
398 2083 467 2144 sive
481 2081 653 2144 daemones
669 2081 786 2145 crassis
800 2078 994 2160 corporibus
1009 2078 1165 2160 obligatas
1177 2078 1256 2142 luis·

156 2199 203 2256 sc,
223 2190 254 2245 et
273 2183 367 2258 alias,
388 2182 470 2246 idest
489 2182 619 2262 angelos
640 2182 753 2257 bonos,
770 2181 809 2245 ad
833 2179 1045 2243 ministerium
1068 2179 1177 2242 mnudi
1199 2180 1253 2242 de·
1286 2199 1290 2206 ·

156 2284 287 2359 stinctae,
304 2282 347 2344 ab
360 2283 408 2346 bis
428 2283 549 2365 excipit
570 2283 727 2346 bumnnos
747 2282 879 2363 spiritus
889 2303 901 2361 3
924 2299 987 2344 uon
1008 2282 1092 2344 euim
1115 2281 1145 2343 id
1168 2281 1253 2362 prin·

155 2383 246 2463 ripale
265 2390 494 2463 argumentum
516 2383 796 2464 postulabat,·nisi
817 2383 961 2464 oblique.

224 2482 319 2562 Quod
334 2492 444 2549 nutem
460 2485 503 2546 ibi
525 2485 648 2547 notavit
663 2484 703 2548 dc
723 2487 884 2548 creaturis
901 2483 1087 2566 hujusmodi
1106 2483 1173 2546 sivo
1190 2481 1255 2546 ani·

155 2585 257 2649 mabns
276 2586 317 2648 ad
340 2587 425 2649 bunc
445 2586 603 2649 mundum
626 2585 812 2648 inferiorem
828 2585 974 2666 deiectis,
990 2603 1028 2649 ac
1044 2585 1161 2648 ibidem
1183 2602 1254 2648 cor-

156 2687 216 2765 pori
236 2690 387 2752 crassiori
407 2687 538 2767 illigatis
560 2694 591 2749 al
613 2694 765 2767 tauquam
790 2687 963 2750 visibilium
985 2685 1162 2768 cupiditate
1183 2704 1253 2748 cor·

156 2789 256 2867 replis,
278 2807 342 2850 oon
363 2790 421 2851 uisi
442 2788 482 2850 de
503 2788 712 2851 daemonibus
735 2786 1037 2868 comprehenditur,
1061 2806 1143 2866 quos
1166 2787 1253 2867 Apo·

154 2888 246 2952 stolus
265 2889 305 2951 ad
328 2887 543 2970 Ephesios-c.
568 2886 621 2952 Vl.
643 2886 693 2953 ta.
720 2895 813 2952 vocat
839 2885 1002 2967 principes
1022 2899 1050 2950 ct
1068 2897 1254 2968 potestates,

152 2988 253 3052 modi
273 3000 407 3052 rectores
427 2988 625 3052 tenebrarum
645 2989 782 3063 borota,
803 2986 992 3068 spiritualia
1013 2987 1191 3070 aequitiae,
1222 2997 1253 3050 el

156 3089 246 3152 veluti
267 3088 414 3154 Christus
442 3090 524 3152 dixit
546 3088 659 3151 mundi
675 3087 846 3168 principes.
872 3087 911 3150 El
940 3107 974 3152 rc
995 3088 1132 3167 quidem
1148 3106 1252 3162 vera,

153 3190 352 3254 conlocantur
371 3209 457 3271 qnae
470 3191 546 3252 alibi
570 3191 696 3254 Auctor
711 3190 750 3252 de
773 3191 821 3252 bis
836 3190 941 3252 docel.
960 3189 994 3252 lu
1010 3187 1106 3251 Libro
1130 3187 1186 3250 ill.
1200 3187 1250 3253 35.

154 3303 254 3356 contra
275 3292 405 3358 Celsum
426 3293 466 3356 de
487 3294 575 3355 ialsis
596 3294 654 3354 diis
677 3291 800 3371 inquits
818 3291 978 3371 «Quippe
999 3291 1054 3371 qui
1082 3292 1157 3353 mali
1178 3289 1251 3353 dae·

154 3411 251 3457 mones
270 3405 366 3470 sunt,
389 3396 445 3474 qui
467 3395 587 3458 idcirco
617 3395 648 3455 in
672 3403 757 3456 terra
779 3395 838 3456 sibi
861 3395 931 3455 locs
963 3394 1152 3472 elegerunt,
1174 3393 1249 3471 qnia

154 3496 267 3572 priores
287 3497 445 3576 attingere
466 3515 527 3558 non
554 3505 687 3576 possunt
707 3495 948 3574 divisionesque
963 3495 1067 3566 sodes,
1091 3513 1156 3574 quo
1173 3493 1251 3557 nibil

153 3613 287 3662 crassum
309 3617 328 3661 e
349 3605 436 3661 terra
457 3607 489 3659 et
503 3597 543 3660 de
559 3598 648 3659 malis
664 3614 749 3676 queo
770 3598 801 3658 iu
817 3615 854 3659 ca
871 3605 958 3674 suni,
973 3596 1162 3671 innumeris,
1179 3613 1248 3675 per·

155 3697 244 3776 vingit.
268 3718 284 3756 n
1170 3771 1174 3780 ¹

224 3796 424 3864 blauiiestius
440 3797 537 3862 Libro
550 3795 618 3860 vit.
642 3817 671 3859 n.
686 3797 736 3862 35.
762 3799 791 3860 in
808 3797 958 3861 eumdem
980 3799 1158 3861 dicentem:
1180 3798 1250 3858 deos

151 3895 278 3963 lemano
296 3901 401 3979 forino
421 3897 560 3979 conspici
589 3919 651 3962 non
671 3900 803 3978 [alloces
823 3899 875 3960 scd
895 3917 1023 3960 revera:
1048 3921 1063 3956 v
1088 3895 1168 3960 Nam
1190 3897 1248 3959 sci·

153 4015 228 4076 sans,
241 4003 297 4077 ait,
313 4001 483 4064 daemones
505 4000 578 4063 illos
599 4019 680 4074 osse,
699 4001 805 4080 adipe,
822 4002 988 4080 sanguine,
1012 4000 1190 4078 nidorcqne
1206 3999 1249 4059 vi-

152 4100 311 4164 ctimarum
332 4107 515 4179 saturatos3
532 4118 652 4179 eosque
671 4103 717 4162 sic
739 4100 770 4162 ia
791 4099 978 4162 carceribus
1000 4098 1143 4170 retineri,
1166 4115 1248 4176 quos

151 4197 202 4260 sibi
220 4221 277 4265 sua
297 4202 474 4284 cupiditate
494 4208 759 4264 construxerunt.
783 4198 850 4263 llos
872 4218 1018 4263 carceres
1041 4197 1146 4278 graeci
1171 4206 1248 4258 lous-

152 4296 199 4374 pla
217 4301 351 4364 deorum
372 4319 440 4364 esso
461 4308 594 4381 putant,
616 4301 671 4362 sed
695 4301 784 4362 nobis
807 4300 1093 4362 fraudulentorum
1119 4297 1247 4358 daemo-

151 4414 220 4462 nnm
239 4403 420 4466 habitacula
437 4422 506 4465 esse
529 4411 661 4482 pateus»
687 4400 720 4465 ln
738 4401 973 4464 liaborlatione
995 4400 1032 4460 ad
1052 4396 1246 4481 Martyrium

151 4515 177 4559 n.
197 4493 242 4566 45.
264 4505 317 4568 scd
340 4505 509 4584 quoniam,
535 4504 651 4583 iuquit,
674 4504 822 4567 vvoonulli
844 4522 906 4568 noo
929 4511 1096 4583 perspecta
1118 4501 1246 4563 daemo-
