3375 5567
459 728 479 775 a

455 832 490 903 in
523 830 819 906 manifestissima
850 831 1108 930 Apostolorum
1144 835 1336 911 traditione
1367 836 1516 912 distincte

453 959 606 1044 invenit,
624 959 787 1034 delinita.
809 958 1049 1035 Nihilominus
1072 963 1231 1059 acceptis
1249 962 1515 1038 adversariorum

453 1086 786 1173 criminationibus,
819 1090 1056 1164 asserendum
1094 1106 1215 1176 esset,
1253 1092 1370 1189 ipsum
1406 1116 1516 1189 reapse

452 1238 545 1314 quae
573 1214 810 1301 fundaverat,
837 1217 1090 1305 destruxisse3
1118 1232 1156 1293 ct
1182 1242 1276 1316 quae
1305 1219 1402 1315 prius
1432 1232 1517 1293 certa

451 1344 616 1419 delinivit
641 1366 688 1418 ex
709 1343 965 1442 Apostolorum
986 1347 1216 1429 auctoritate,
1234 1347 1363 1423 deiude
1382 1370 1448 1421 non
1471 1370 1520 1420 so·

388 1570 393 1579 Ι
453 1470 529 1546 lom
558 1472 669 1547 veluti
696 1472 818 1557 dubia,
847 1474 909 1547 sed
939 1474 1084 1571 penitus
1110 1472 1202 1547 lalsa
1230 1474 1451 1570 repudiasse.

561 1597 608 1672 Et
635 1622 674 1673 re
702 1598 848 1696 quidem
877 1622 982 1685 vcra,
1012 1600 1047 1673 in
1076 1598 1305 1674 Praelationc
1333 1623 1370 1672 n.
1398 1593 1434 1674 h.
1460 1598 1520 1681 ait,

455 1725 629 1800 traditum
657 1750 738 1801 esse
766 1728 802 1799 in
830 1725 1007 1814 Ecclesia,
1039 1726 1226 1803 Christum
1256 1726 1321 1802 Dei
1349 1740 1431 1803 ante
1456 1748 1522 1801 om·

455 1876 539 1929 nem
553 1866 759 1929 creaturam
778 1878 825 1929 ex
854 1852 962 1931 Patre
983 1868 1124 1940 natum,
1144 1870 1182 1931 et
1196 1856 1316 1929 omnia
1336 1878 1402 1953 per
1419 1856 1524 1952 ipsum

454 1980 550 2055 iacta
568 2006 584 2053 :=
617 1982 750 2080 quique
788 1983 824 2054 in
858 1983 1055 2057 novissimo
1093 1997 1258 2081 tempore
1294 1984 1399 2057 homo
1422 1984 1524 2081 [netur

456 2113 611 2194 maneb,
643 2110 738 2209 qnod
769 2126 847 2187 erat
881 2108 986 2186 Dens.
1029 2110 1161 2185 Verum
1200 2110 1369 2185 admissis
1400 2108 1523 2207 opposi-

456 2252 578 2313 torum
604 2239 796 2327 sensibus,
830 2241 868 2313 in
907 2238 1112 2337 argumenti
1144 2238 1374 2334 expositione
1402 2238 1525 2313 ridere·

454 2379 515 2439 tur
541 2367 619 2463 ipse
648 2366 943 2441 manifestissime
971 2366 1107 2441 Christi
1135 2366 1315 2442 divinitati
1349 2366 1524 2440 mentitus.

453 2492 628 2568 Similiter
654 2493 789 2570 ibidem
816 2496 946 2593 iuquit,
974 2508 1144 2593 patenter
1162 2495 1256 2569 tradi
1285 2493 1320 2566 iu
1341 2492 1526 2592 apostoliea

454 2621 735 2717 praedicatione,
763 2622 879 2698 Deum
898 2624 1022 2715 omnia,
1039 2632 1204 2709 measse,
1224 2634 1332 2720 atque
1362 2646 1409 2697 ex
1428 2619 1525 2693 nihilo

454 2747 585 2825 iecisse
617 2751 797 2826 universa.
826 2750 962 2826 Deinde
999 2776 1046 2827 ex
1078 2750 1370 2826 adversariorum
1408 2770 1527 2831 seusu,

454 2881 646 2955 rnateriam
679 2887 762 2956 esse
800 2879 876 2955 Deo
911 2894 1142 2955 coaeternam
1171 2894 1320 2977 putasse
1357 2878 1528 2953 videretur

325 3058 333 3072 ·
448 3006 641 3105 Origenes.
670 3008 763 3082 ltem
791 3032 827 3080 n.
848 3002 888 3082 5.
918 3008 1118 3106 praemisit,
1139 3007 1339 3104 praedicari
1368 3008 1405 3080 in
1424 3002 1526 3081 eccle·

454 3134 531 3218 siis,
559 3135 717 3209 animam
745 3149 829 3233 post
856 3135 1017 3232 corporis
1045 3134 1184 3209 obitum
1215 3136 1288 3209 rita
1317 3158 1359 3210 ao
1387 3133 1527 3209 beatitu-

454 3261 536 3335 dine
557 3276 704 3336 aeterua
726 3266 939 3361 potituram,
955 3262 985 3336 si
1010 3264 1100 3339 haec
1127 3264 1159 3337 ei
1180 3276 1362 3360 sucgesse
1384 3260 1528 3361 praesti-

455 3390 590 3477 tc'riot3
608 3406 672 3464 aut
697 3392 767 3488 igni
796 3408 966 3475 aeterno,
986 3414 1029 3465 ac
1054 3392 1240 3488 suppliciis
1264 3389 1527 3486 mancipandam

456 3517 488 3590 si
516 3518 550 3590 in
580 3518 648 3592 hoc
675 3541 756 3592 eam
785 3520 964 3595 scelerum
994 3519 1099 3617 culpa
1123 3519 1337 3605 detorserim
1365 3538 1470 3617 quam
1494 3513 1530 3584 li·

456 3644 540 3717 dem
575 3658 702 3742 postea
730 3660 932 3732 mutasset,
961 3668 1161 3743 poenarum
1198 3645 1414 3743 perennitati
1442 3642 1529 3717 obsi-

455 3783 571 3845 stens.
599 3770 774 3847 Similiter
800 3773 846 3848 de
866 3794 1058 3870 corporum
1085 3774 1351 3847 resurrectione
1376 3769 1531 3869 spondet,

456 3896 572 3995 deque
591 3896 704 3974 libero
733 3900 920 3974 hominum
941 3900 1107 3984 arbitrio;
1125 3922 1218 3997 quae
1236 3899 1365 3973 deiude
1393 3921 1439 3972 ex
1459 3916 1530 3969 ooo·

458 4026 651 4101 treriorum
678 4026 813 4126 placito
840 4029 1043 4113 excutiens,
1066 4041 1248 4125 negasset.
1269 4028 1359 4103 ltem
1389 4027 1433 4100 de
1458 4046 1531 4121 pro·

457 4154 537 4250 prio
555 4176 599 4229 ac
616 4153 763 4230 litterali
784 4155 1053 4254 Scripturnrum
1073 4180 1183 4231 seusu
1207 4156 1257 4230 ait
1275 4154 1397 4229 doceri
1417 4153 1451 4225 iu
1470 4148 1530 4225 Ec·

456 4280 579 4365 clesia,
599 4304 779 4381 quemque
798 4283 932 4357 ibidem
952 4285 1112 4369 admisit,
1131 4282 1215 4357 alibi
1240 4295 1365 4357 tameo
1386 4278 1530 4354 refotas·

457 4422 528 4482 sot.
546 4408 594 4483 Et
612 4412 664 4486 sic
677 4412 722 4485 de
737 4412 879 4485 animae
899 4412 1070 4496 essentia,
1086 4412 1182 4487 etde
1202 4410 1333 4485 ceteris
1351 4405 1530 4481 dicendum

458 4532 567 4623 foret,
593 4561 685 4634 quae
714 4538 822 4613 modo
849 4538 1023 4629 delibata,
1050 4560 1118 4615 suo
1146 4538 1225 4613 loco
1253 4535 1489 4611 excutientur.
