3375 5567
176 740 211 807 lt
226 740 275 821 qui
295 748 405 805 contra
429 741 534 805 rlneet
557 738 597 807 tie
621 740 743 805 virtute
765 742 796 803 m
820 740 973 805 virtutem
996 742 1144 822 procerit]
1163 751 1226 809 etc,
1254 766 1272 803 a

177 840 263 907 Paulo
282 848 348 923 pont
380 845 526 907 homines
556 843 595 905 atl
626 843 855 923 poenitentiam
886 843 1060 917 ltortatno,
1082 852 1270 911 extremum

174 943 289 1004 ‹lierniu
316 943 452 1005 illorum
485 945 673 1007 memoriam
696 951 853 1005 revocate
874 963 894 1003 e
917 943 1074 1005 terribilia
1096 944 1270 1025 supplicia,

174 1043 326 1121 gehennam
348 1044 453 1119 illam,
476 1044 647 1123 ignemque
671 1043 891 1117 tenebrosum,
913 1051 946 1106 et
966 1038 1172 1125 ἀτελέντητον
1193 1064 1274 1109 uun·

173 1159 252 1220 qnam
273 1144 464 1220 morientem
500 1143 713 1206 conscientiae
750 1160 916 1218 vermem,
937 1144 994 1222 qui
1016 1146 1048 1207 iu
1078 1151 1273 1224 perpetuum

174 1244 289 1303 ammam
311 1243 439 1321 pudore
460 1242 633 1323 suggillat,
666 1259 704 1305 ac
726 1262 784 1320 pec
805 1243 891 1307 mele
922 1254 1015 1307 actae
1038 1246 1123 1307 ritae
1144 1246 1274 1309 remini·

172 1344 300 1403 arentiam
320 1343 490 1406 cruciatus
512 1351 657 1405 renovat.
681 1362 698 1399 o

235 1440 263 1505 Si
291 1442 522 1517 haec-omnio,
545 1443 673 1507 iuterim
695 1441 908 1504 conterantur
927 1440 983 1515 iic,
1006 1460 1091 1523 quae
1111 1442 1272 1519 Petario,

171 1542 329 1621 retenone
347 1562 393 1605 ex
416 1540 515 1605 Libro
536 1541 580 1605 Dc
595 1540 714 1607 Animo
731 1549 763 1605 cl
782 1538 1024 1604 tremerem
1043 1543 1131 1606 circa
1154 1546 1274 1609 vitiori-

171 1642 228 1703 tttis
247 1640 336 1705 inem
358 1660 399 1704 ac
420 1642 460 1703 tle
481 1644 626 1705 emnium
661 1639 835 1707 concordia
858 1640 890 1701 in
911 1641 1111 1706 contessioae
1132 1642 1272 1721 Christi,

174 1742 225 1803 risa
237 1750 307 1803 aaut
320 1742 506 1805 aeternitati
523 1760 700 1822 poenarum
715 1741 896 1815 adversari,
918 1758 1044 1817 cernar,
1059 1760 1159 1822 guam
1180 1746 1240 1826 ipsi
1254 1762 1273 1808 a

174 1842 286 1905 veritate
307 1842 498 1921 abluerint5
529 1850 562 1905 et
580 1862 682 1923 qnam
713 1843 877 1905 immerito
898 1860 923 1904 e.
958 1840 1133 1908 Doctorem
1155 1863 1275 1925 expro-

171 1939 274 2005 lrariat
292 1950 481 2005 errantem:
503 1961 579 2007 cnm
601 1962 652 2016 ea,
668 1960 753 2023 qnae
774 1942 887 2005 docuit
907 1941 947 2004 tle
961 1942 1098 2005 cinctio
1119 1944 1273 2008 vitiosita-

172 2042 238 2102 taiu
255 2042 497 2105 resurrectione
517 2042 675 2107 abolenda
693 2042 725 2104 in
739 2042 890 2105 omnibus
911 2043 980 2104 sive
995 2043 1106 2121 proila
1125 2044 1195 2107 site
1216 2046 1274 2109 im-

171 2141 274 2220 prolis,
292 2160 357 2203 non
381 2140 587 2205 distinxerint
607 2143 647 2203 alr
667 2142 728 2217 iis,
760 2159 845 2221 quae
866 2142 980 2205 statuit
1000 2141 1104 2205 eidem
1126 2162 1275 2207 recurre·

170 2242 247 2303 cinni
259 2248 513 2321 superventura,
534 2240 621 2307 circa
636 2242 797 2306 bonoram
820 2258 860 2305 ac
880 2258 1060 2321 pravorum
1076 2250 1212 2319 aortem,
1228 2244 1276 2307 ni·

171 2340 268 2403 airum
287 2348 362 2421 poet
381 2340 561 2420 judicium,
577 2360 619 2405 ex
636 2341 814 2407 saltatorie
835 2343 1007 2416 sententia,
1029 2360 1128 2423 qnam
1150 2341 1275 2426 Grego-

172 2440 225 2503 rim
241 2458 338 2521 prope
353 2438 558 2505 catholicam
581 2440 676 2505 tidem
698 2444 935 2521 interpretetur
953 2449 1013 2503 eat.

239 2538 326 2605 llanc
341 2558 446 2623 porro
460 2542 694 2605 distinctionem
709 2541 825 2605 nullibi
843 2548 907 2603 tam
925 2542 1095 2622 perspicue
1107 2562 1147 2609 ac
1159 2544 1275 2609 sedulo
1383 2578 1387 2585 ’

101 2688 102 2731 ἢ
170 2644 270 2721 exegit,
286 2661 386 2723 quom
408 2642 564 2709 Sermone
584 2642 625 2705 la
645 2643 726 2705 ntem
745 2638 865 2705 Gltrirti
886 2640 1048 2720 Natalem,
1067 2646 1122 2707 ulti
1142 2651 1213 2709 tum
1234 2646 1276 2709 de

100 2733 102 2761 '
172 2742 320 2807 vitiositate
341 2742 465 2821 agitio
487 2742 663 2807 humanum
686 2760 807 2823 corpus
833 2760 876 2807 ex
898 2744 1182 2824 protoplastorum
1204 2745 1277 2809 cul·

172 2859 201 2919 pt
219 2845 349 2918 inrecta,
375 2850 447 2905 tum
468 2840 508 2905 tle
528 2843 685 2923 serpentia
705 2844 810 2923 capite
841 2843 985 2905 contrito
1008 2860 1068 2922 per
1088 2841 1274 2922 Christum,

169 2941 255 3022 icone
274 2943 485 3007 nihilominus
506 2944 628 3021 peccati
650 2960 786 3023 equanto
819 2961 927 3024 usque
949 2944 1017 3007 ltuc
1045 2952 1196 3009 naturam
1218 2947 1277 3011 lto·

100 3082 101 3095 η
172 3044 244 3107 ninia
262 3047 434 3120 irritante,
456 3062 561 3125 eaque
580 3044 680 3109 eimul
701 3043 887 3107 omnimode
909 3042 1045 3107 dolenda
1067 3046 1100 3107 in
1125 3064 1275 3111 recurre·

100 3162 101 3171 ¹
169 3146 274 3221 ctione,
295 3144 380 3209 adeo
404 3151 442 3207 nt
471 3144 610 3208 humana
641 3152 758 3207 natura
788 3145 819 3207 in
840 3144 1012 3224 imaginem
1034 3143 1093 3207 llei
1116 3145 1148 3207 ln
1168 3145 1275 3209 incor-

100 3230 101 3307 ξ
170 3246 332 3324 mptionem
354 3244 482 3309 acilicel
502 3252 534 3307 et
555 3247 588 3307 iu
610 3246 765 3309 virtutem
788 3243 969 3308 innovanda
990 3244 1053 3318 ait,
1075 3243 1182 3324 leque
1206 3251 1275 3312 tan·

169 3343 238 3421 lem,
257 3354 328 3428 poet
349 3344 562 3408 novissimum
584 3342 642 3407 liei
663 3342 851 3425 judicium,
869 3341 1037 3423 justorum
1060 3361 1098 3407 ac
1124 3351 1274 3425 peccalo·

170 3462 228 3507 mn
247 3446 474 3511 retributione.
502 3442 595 3521 Quae
620 3446 727 3508 omnia
748 3442 937 3523 singillatim
958 3443 1074 3508 sedulo
1095 3451 1128 3507 et
1147 3444 1219 3525 pari
1239 3461 1274 3506 a·

100 3558 101 3579 ¹
168 3542 296 3611 urente
325 3545 483 3625 exponit,
517 3544 728 3609 similitudine
757 3564 799 3609 ex
827 3544 989 3623 serpentis
1013 3543 1197 3609 conditione
1218 3545 1274 3609 tle·

167 3656 298 3727 sumpta3
321 3649 381 3728 qui
403 3647 462 3711 etsi
483 3646 609 3709 eccisus
630 3646 683 3719 eit,
706 3644 844 3725 ejusque
865 3650 965 3723 capnt
996 3652 1201 3721 emortuum,
1224 3663 1275 3709 re·

169 3744 241 3827 lique
261 3758 368 3813 umen
391 3748 534 3813 membro
557 3745 666 3809 adhuc
681 3747 778 3807 vitam
803 3747 963 3809 retinent:
978 3742 1134 3807 «Etenim
1149 3747 1274 3824 ingene,

169 3846 253 3923 licit,
272 3870 350 3913 carn
373 3857 456 3913 emet
475 3848 650 3911 admotum
674 3846 741 3909 lere
765 3846 885 3926 quippe
906 3862 992 3924 qnae
1012 3844 1148 3925 ampulla
1170 3844 1274 3909 homi-

170 3964 231 4011 tan
249 3951 410 4015 aetatium
428 3958 623 4033 excreverat
635 3966 647 4025 ;
680 3948 737 4027 qni
759 3946 933 4025 multiplex
953 3946 1026 4027 ejus
1047 3953 1169 4025 capnt,
1191 3946 1274 4008 idest

170 4050 221 4111 riu
244 4050 334 4115 illam
364 4050 525 4115 malorum
546 4049 779 4121 inventricem,
804 4046 906 4111 multa
929 4045 960 4107 in
988 4063 1023 4108 ae
1045 4046 1149 4125 eapite
1171 4045 1273 4107 couti·

172 4158 290 4229 tentem,
313 4152 467 4222 cuntulit,
488 4156 673 4215 ceterarum
696 4148 784 4210 illiue
805 4148 949 4228 partium
971 4152 1096 4209 tractus
1116 4143 1271 4222 neglexit,

172 4254 202 4311 nt
217 4251 401 4318 interiectae
424 4251 512 4315 lene
536 4260 662 4315 motum
685 4248 885 4331 posteritati
917 4244 1160 4324 exercitationis
1179 4260 1274 4309 oece-

173 4350 275 4414 tionem
301 4352 512 4433 relinqueret.
533 4350 670 4433 nequeo
693 4350 794 4429 igitur
813 4348 966 4413 collisum
986 4354 1019 4410 et
1033 4344 1203 4409 effractum
1223 4350 1274 4407 eat

172 4450 275 4521 titul?
296 4452 410 4528 lllnl,
431 4452 518 4532 quon
539 4452 638 4534 impio
660 4450 795 4517 consilio
824 4455 961 4515 mortem
983 4447 1163 4523 intulerat,
1184 4442 1273 4527 qnod
