3375 5567
210 779 252 843 llr
270 780 315 843 lris
332 796 411 860 erpo
431 778 513 842 nilsil
533 778 573 841 dc
588 772 842 857 lictampspclsosi
855 773 996 848 eruitur,
1019 774 1112 854 qnasi
1126 773 1225 855 hujus

150 884 332 962 adstipulator
353 880 511 961 Origenes
532 879 711 958 hubeatur3
741 894 848 957 noune
878 875 984 939 multo
1006 878 1150 939 minuce
1176 894 1225 939 se·

150 985 300 1065 ouantibus.
323 983 450 1047 Auctor
469 982 553 1046 euim
575 988 747 1062 postquam
766 980 806 1042 dc
826 978 992 1041 ohmstiaui
1013 977 1227 1055 pertractione,

149 1088 179 1148 ol
194 1087 253 1166 ejus
278 1087 310 1147 iu
332 1083 508 1149 uirtutibus
531 1082 739 1164 proiectum,
760 1082 792 1143 iu
814 1080 965 1162 spiritum
986 1078 1044 1143 Dei
1071 1082 1228 1145 trauains-

149 1188 205 1250 sati
222 1187 367 1251 dnscrmt
378 1206 391 1265 3
413 1202 453 1247 ne
475 1185 559 1248 loric
579 1186 652 1263 quis
673 1202 715 1245 cx
742 1183 809 1245 suis
829 1182 970 1246 offensus
993 1181 1098 1244 uerbis
1118 1192 1152 1244 ct
1165 1181 1223 1243 ali·

149 1296 184 1351 tcr
200 1290 306 1351 iorum
326 1305 456 1353 mesum
477 1284 765 1366 comprehendens,
786 1282 964 1347 infidelium
994 1288 1027 1345 ut
1047 1300 1224 1363 prurornm

147 1390 303 1469 ruinaslcu
323 1389 463 1452 adverso
478 1388 610 1451 illarum
623 1395 810 1450 sanctarum
825 1384 1012 1460 conditioni,
1028 1401 1114 1465 qnae
1127 1400 1227 1464 snper

147 1500 246 1555 terrena
266 1492 389 1564 elatae,
405 1489 591 1553 carnatibus
614 1486 769 1550 obliuioni
789 1485 926 1561 traditis,
949 1484 1030 1547 uiltil
1044 1486 1102 1549 nisi
1121 1482 1226 1547 ileum

145 1594 264 1674 cupiunt,
283 1611 421 1657 cum-eo
441 1610 524 1666 ease,
545 1599 579 1653 et
600 1599 753 1669 unquam
774 1588 858 1651 lilios
880 1584 950 1661 Dei,
972 1594 1006 1649 ot
1025 1586 1156 1666 angelos
1178 1587 1229 1650 ln·

146 1698 286 1759 circorum
301 1714 341 1759 eo
355 1696 497 1772 sessuri)
517 1692 655 1757 inicrret
675 1691 866 1754 transituras
888 1690 919 1750 iu
950 1704 1088 1767 corpora
1100 1688 1229 1769 jumen-

146 1804 249 1871 torum,
269 1816 307 1861 ac
327 1798 372 1859 ita
394 1814 435 1861 nc
460 1801 493 1858 et
512 1796 580 1874 ipse
600 1790 757 1871 Origenes
789 1791 958 1855 rideretur
978 1790 1009 1852 in
1032 1788 1228 1851 haereticam

145 1900 268 1979 delapsus
286 1898 443 1962 insania·
464 1897 505 1959 de
524 1897 708 1958 animarum
732 1893 1024 1972 transmigratione,
1046 1890 1086 1951 alr
1111 1889 1160 1951 lais
1180 1889 1226 1951 lo·

144 2010 241 2066 ctorem
254 2011 363 2076 curet,
380 2000 478 2081 liujus
492 1996 651 2079 opinionis
663 1996 835 2059 falsitatem
851 1994 1033 2067 ostendens,
1052 1990 1151 2056 veluti
1167 2008 1226 2053 nu-

110 2150 115 2159 .
141 2120 185 2181 per
199 2104 271 2179 diui,
292 2103 452 2167 sermonis
472 2100 587 2163 oudino
606 2107 748 2163 serrato.

198 2202 389 2285 Huiusmodi
408 2211 520 2266 antem
545 2200 713 2281 praeferre
732 2217 863 2262 sensnm
885 2195 1033 2276 Origcuis
1056 2192 1167 2268 rcrbn,
1188 2192 1231 2251 ni·

142 2310 190 2370 cuti
208 2306 353 2371 llusn'uus
367 2308 400 2367 in
418 2324 477 2367 sua
495 2303 702 2367 translatione
718 2301 836 2378 uertit;
861 2297 1059 2377 proindeque
1080 2291 1226 2374 ejusdcm

140 2405 300 2489 interpretis
320 2409 493 2491 genuinum
513 2423 553 2469 ac
572 2405 731 2467 sinceram
753 2399 931 2464 habendam
957 2415 1027 2461 essa
1049 2395 1230 2458 versionem

140 2512 248 2575 souin
267 2513 310 2575 ula
331 2530 383 2587 eu,
405 2526 504 2590 quum
526 2506 611 2569 male
632 2503 853 2567 exhibuerunt
874 2496 1093 2579 llioroupmns
1114 2502 1148 2557 et
1167 2490 1229 2557 Ju-

140 2611 283 2687 stiuianns,
304 2630 350 2675 ex
369 2609 519 2672 antithesi
541 2606 692 2684 exurgit,
710 2604 742 2664 in
765 2618 865 2682 qnam
887 2595 1165 2679 insequentissimc
1185 2596 1232 2657 in·

141 2712 428 2794 rideretOrigenes3
444 2728 519 2775 curn
534 2708 611 2770 alibi
631 2706 724 2769 firme
744 2712 783 2795 ct·
798 2702 953 2768 alacriter
972 2686 1132 2761 dimicarit
1154 2714 1229 2760 eon·

141 2822 175 2875 tra
200 2815 325 2879 iahnlus
355 2813 396 2875 de
425 2813 607 2874 animarum
633 2803 928 2885 transmigratione.
955 2798 1002 2863 De
1031 2798 1142 2862 multis
1170 2814 1228 2885 uu·

140 2927 186 2979 ten
204 2917 363 2998 proiecto,
383 2916 461 2977 satis
480 2913 545 2977 sint
562 2926 648 2991 qnae
667 2915 862 2986 sequuntur.
880 2902 915 2965 lu
936 2900 1035 2965 Libro
1053 2899 1111 2963 tlt.
1132 2918 1160 2961 c.
1179 2896 1228 2961 75.

139 3029 227 3082 mutra
248 3018 396 3091 Celsum,
410 3014 519 3078 latnos
532 3020 566 3075 et
584 3011 711 3073 insanos
733 3014 839 3082 vocat,
854 3007 911 3087 qui
933 3006 964 3065 in
982 3003 1068 3066 saria
1091 3016 1230 3081 corpora

141 3120 348 3199 commigrare
363 3116 484 3179 animas
499 3111 664 3193 potabant.
690 3105 771 3171 ilem
791 3108 823 3169 in
837 3104 936 3168 Libro
954 3102 1041 3165 Vlll.
1058 3096 1117 3167 30:
1136 3120 1153 3159 a<
1166 3096 1231 3163 Ne·

140 3239 188 3299 que
207 3239 282 3285 sero
302 3234 473 3283 censemus
492 3215 665 3277 animarne
685 3227 824 3289 corporo
844 3210 877 3270 in
892 3222 1011 3286 corpus
1031 3204 1183 3282 migrare,
1199 3204 1233 3261 el

140 3338 193 3383 can
211 3322 249 3384 sd
271 3322 449 3384 brutorum
470 3331 574 3393 nsque
594 3311 805 3375 animantium
822 3306 1035 3371 conditionum
1057 3302 1182 3383 dejici..
1198 3344 1228 3361 ..

140 3420 233 3502 Neque
252 3426 340 3488 enim
359 3422 453 3483 decet
473 3419 599 3479 animae
629 3415 753 3476 ratione
778 3408 944 3490 participis
965 3404 1164 3467 domicilium
1187 3401 1232 3463 io·

138 3523 246 3598 imore,
265 3534 301 3588 et
318 3524 516 3599 ubicumque
538 3515 667 3598 projici,
683 3523 720 3577 nt
740 3513 915 3575 brutorum
930 3507 1118 3571 animalium
1138 3503 1232 3567 ceda-

140 3645 200 3689 rer:
219 3625 412 3709 pracsertim
428 3640 517 3697 cnm,
535 3619 592 3699 qni
607 3618 766 3679 honorant
785 3628 920 3692 corpus,
936 3608 991 3671 ubi
1006 3608 1111 3670 anima
1134 3607 1232 3669 ratiu-
1329 3608 1332 3615 '

137 3746 166 3791 nc
181 3731 320 3810 praedita
343 3725 518 3797 habitarit,
542 3722 564 3784 ii
585 3735 777 3801 persuasum
808 3713 946 3776 habeant
968 3711 1053 3773 hunc
1075 3709 1231 3771 honorem

141 3830 303 3894 rmuuwe
315 3830 349 3891 in
369 3844 460 3901 cum,
475 3823 532 3903 qni
547 3821 686 3884 animans
707 3817 843 3897 accepit,
861 3812 997 3893 pulchre
1012 3827 1104 3876 neom
1118 3809 1230 3890 hujus·

139 3932 206 3996 nodi
220 3934 445 3995 instrumento.
467 3946 484 3983 s
509 3924 588 3986 ltem
602 3921 639 3984 isa
651 3918 804 3983 lunonem
818 3913 920 3977 Tomo
937 3911 990 3977 ttt.
1007 3930 1038 3973 n.
1053 3910 1084 3974 t.
1103 3930 1144 3973 ex
1162 3927 1233 3973 rcr-

139 4030 189 4093 its:
208 4046 234 4096 ct
254 4034 532 4109 interropuocrtant
552 4042 645 4084 cumr
665 4018 742 4101 qnid
761 4010 865 4095 erpo?
887 4012 976 4077 Elina
998 4031 1028 4075 cs
1047 4004 1116 4089 trs?
1136 4018 1165 4072 ct
1183 4008 1234 4070 ati·

139 4129 181 4205 tit,
197 4151 260 4195 rosa
280 4150 372 4193 mm.
384 4174 415 4191 ..
433 4124 470 4191 ss·
491 4120 587 4187 uoltis
607 4117 900 4199 perpessimum
923 4112 1025 4189 litias,
1047 4107 1106 4190 pai
1125 4117 1233 4171 ceuto-

139 4250 179 4293 ω
196 4244 259 4309 cst,
280 4233 383 4297 multa
406 4237 519 4292 contra
542 4218 866 4300 transcorporationis
887 4224 1040 4298 patronos
1061 4212 1232 4282 disserens,

141 4337 335 4416 euangelicum
356 4332 547 4397 sententium
564 4326 659 4387 diluit
679 4324 837 4385 adsersus
850 4316 1037 4399 praesertim
1059 4310 1233 4377 nonnullos

139 4437 315 4515 artocreis,
330 4437 388 4517 qni
410 4432 492 4495 lalso
513 4431 594 4494 hauc
614 4422 935 4505 comprehenderant.
