3375 5567
427 772 551 849 coetis,
576 771 668 835 bonis
686 770 882 836 coeioedbus
903 771 1132 849 cumulatum,
1154 772 1294 850 indicat,
1316 772 1371 837 sed
1392 772 1523 853 eorporis

427 873 529 937 nostm
558 873 592 936 in
619 872 861 935 resurrections
883 872 1142 951 restitutionem,
1162 877 1232 939 sire
1252 875 1525 946 instaurationem,

429 992 494 1037 non
515 974 557 1037 ab
578 974 774 1050 bominibus,
796 992 861 1037 ono
882 992 982 1054 opere
1005 974 1146 1039 bumnoe
1167 978 1343 1057 expiatam,
1364 974 1527 1039 seddirioa

427 1094 466 1138 ac
485 1075 618 1139 coelesti
638 1074 875 1153 aedificatione,
898 1087 935 1139 nt
956 1075 1037 1140 iiind
1060 1078 1306 1157 incorruptibile
1326 1084 1359 1141 et
1374 1083 1527 1139 aeternnm

431 1186 570 1239 manent.

491 1274 534 1338 Et
547 1276 608 1338 boe
621 1276 753 1355 quidem
769 1276 970 1341 toenientins
981 1279 1214 1357 interpretatus
1228 1283 1277 1339 est
1291 1275 1529 1360 chrysostomus

428 1376 569 1441 ilomiiio
591 1375 632 1439 X.
660 1377 696 1440 in
719 1377 895 1457 Epistulam
915 1380 958 1441 od
983 1377 1162 1443 Corinthios
1183 1397 1212 1440 o.
1235 1376 1264 1443 i.
1287 1381 1330 1441 ito
1361 1379 1528 1441 disserens:

429 1499 446 1537 e
467 1479 550 1543 Suet
569 1482 627 1557 qui
648 1496 709 1559 per
726 1490 902 1542 terrestrem
921 1480 1046 1542 domum
1069 1483 1224 1544 mundum
1247 1480 1530 1559 boneinteiiignu13

428 1597 489 1657 ego
512 1598 591 1643 rere
612 1581 662 1643 bis
684 1581 791 1643 serbis
812 1599 932 1661 corpus
954 1582 1062 1661 petius
1082 1582 1279 1645 subindicari
1301 1580 1531 1655 contenderim

428 1690 527 1761 etque
542 1681 615 1743 bine
632 1681 728 1743 veiim
743 1682 940 1756 consideres,
957 1682 1122 1761 quomodo
1138 1700 1198 1761 per
1214 1682 1340 1745 nomine
1356 1682 1424 1759 ipsa
1438 1690 1533 1741 nstan-

429 1781 496 1856 dat,
519 1789 677 1861 qnantum
700 1782 811 1845 intura
828 1782 1050 1862 praesentibus
1071 1783 1274 1847 antecellant.
1291 1780 1462 1845 Nemeum
1477 1788 1533 1843 ter·

431 1890 567 1945 restrem
577 1882 721 1956 dixisset,
734 1883 907 1946 coelestem
919 1885 1084 1963 epposoi13
1100 1901 1175 1946 cnm
1186 1882 1384 1945 tabernaculi
1396 1883 1534 1953 domum,

429 2002 498 2063 quo
520 1984 621 2047 serbo
640 1983 766 2049 buxam
786 1994 819 2047 et
840 1984 989 2064 fragilem
1011 1986 1110 2065 ipsius
1132 1993 1282 2048 naturam
1304 1983 1462 2057 declarat,
1484 1982 1534 2045 nb

429 2082 508 2162 jecit
528 2093 706 2147 aeternam.
728 2082 855 2147 Etenim
880 2084 1080 2147 tabernaculi
1112 2100 1227 2147 nomen
1248 2084 1445 2164 pierumque
1466 2088 1534 2145 tem·

432 2187 601 2262 perusium
621 2185 801 2265 quidquem
822 2186 952 2249 iudicat.
977 2184 1025 2251 Ac
1047 2185 1182 2265 proinde
1202 2184 1310 2266 ajebat
1330 2183 1489 2247 Christum
1504 2182 1536 2244 is

431 2284 522 2349 domo
543 2285 655 2349 Putris
672 2285 734 2349 mei
752 2284 934 2349 musmones
953 2289 1069 2350 multoe
1088 2295 1174 2349 suot.
1198 2284 1294 2361 Quod
1320 2286 1348 2348 si
1376 2285 1536 2366 Scriptura

431 2386 573 2466 quietem
593 2398 780 2452 sanctornm
803 2388 1004 2452 tabernaculi
1026 2390 1155 2451 nomine
1169 2389 1294 2467 uspiam
1308 2387 1465 2469 appellat,
1479 2400 1536 2447 nen

430 2486 623 2566 simpliciter
635 2487 713 2550 dicit
726 2486 978 2563 tabennensium,
990 2488 1046 2551 sed
1062 2506 1136 2551 eum
1147 2487 1267 2551 addito.
1283 2486 1356 2553 Non
1368 2490 1454 2551 enim
1465 2486 1539 2550 dixit

431 2593 469 2647 se
487 2603 539 2648 ees
565 2583 777 2665 recipientis
797 2587 1024 2663 monento,
1046 2590 1101 2651 sod
1125 2588 1162 2651 in
1182 2596 1311 2651 netem
1331 2586 1537 2651 toberooenio

432 2682 507 2749 lam
528 2704 608 2749 vero
629 2706 704 2750 cum
719 2688 804 2751 dixit
823 2706 888 2750 ono
902 2690 1132 2770 munufactum,
1153 2706 1236 2763 cam,
1252 2706 1338 2769 qnae
1361 2706 1457 2751 manu
1472 2704 1540 2751 cou-

430 2793 557 2849 structa
577 2794 627 2851 est
646 2789 872 2853 subindicavit.
896 2786 981 2865 Quid
1004 2792 1104 2869 igitur
1115 2809 1128 2869 3
1150 2807 1270 2869 corpus
1290 2806 1331 2851 ue
1351 2805 1452 2853 maon
1471 2804 1540 2851 eno·

432 2888 537 2952 ditum
558 2888 626 2953 esti
646 2889 779 2953 Minime
800 2908 895 2965 vere,
908 2890 964 2955 sed
987 2890 1039 2953 vei
1060 2891 1173 2955 domos
1194 2908 1256 2953 oon
1278 2888 1540 2953 mannisetssde·

431 2989 549 3069 aignan
573 2990 624 3052 rei
643 2992 671 3053 si
690 3008 755 3053 nou
776 2992 833 3064 ita,
857 2991 990 3054 demum
1012 2992 1232 3068 tabernaculi,
1255 3008 1375 3070 coruus
1397 3007 1461 3052 oen
1481 3004 1541 3050 mn·

432 3090 602 3154 nutantum
612 3091 751 3155 secant.
762 3088 837 3155 Non
849 3092 933 3153 enim
946 3092 986 3154 ad
1000 3092 1275 3171 comparationem
1288 3090 1370 3154 iiiud
1382 3090 1542 3171 spumeis

432 3188 489 3252 sed
503 3191 649 3253 encomia
670 3198 703 3255 et
722 3191 837 3255 landes
857 3191 1020 3273 adjiciens.
1033 3190 1117 3257 Nom
1137 3201 1166 3257 et
1178 3192 1216 3254 irs
1229 3192 1287 3255 boe
1300 3190 1544 3271 innemireimrer,

432 3287 654 3354 monueris
673 3302 827 3367 oestrus,
849 3310 930 3373 quoe
948 3294 985 3355 dr
1004 3294 1087 3357 cneio
1100 3302 1159 3367 est,
1176 3291 1367 3372 superindui
1378 3291 1543 3373 respirem.

433 3384 541 3463 Quam
561 3389 819 3454 habitationem?
839 3409 961 3472 corpus
981 3410 998 3455 a
1021 3394 1233 3473 corruptione
1254 3394 1409 3456 ationem.
1426 3392 1467 3456 Et
1487 3407 1545 3455 cur

362 3494 371 3509 “
435 3505 521 3553 nnnc
542 3490 799 3571 ingemiscimus?
819 3491 979 3568 Quoniam
1002 3494 1222 3558 iiindmeiius
1243 3502 1302 3557 est.
1320 3492 1367 3558 ne
1385 3495 1546 3558 coeioan·

435 3600 500 3654 tem
521 3591 628 3670 ipsum
647 3611 717 3656 esse
737 3595 802 3669 sit,
824 3596 900 3673 quia
923 3596 964 3657 eb
984 3599 1072 3659 omni
1095 3596 1306 3674 corruptione
1327 3597 1472 3659 immune
1489 3602 1545 3658 est.

434 3688 508 3755 Non
534 3693 619 3756 enim
648 3710 789 3773 cerpus,
811 3696 898 3774 qnod
930 3698 1064 3759 ecoeie
1085 3695 1125 3759 ad
1156 3696 1335 3766 eosvenit,
1358 3697 1545 3772 delebitur3

432 3791 487 3853 scd
510 3792 572 3855 boc
594 3794 755 3857 vocabule
775 3798 913 3875 gratiam
936 3794 1024 3859 iiiinc
1045 3805 1225 3861 manantem
1248 3797 1367 3860 indicat
1387 3805 1449 3859 ete.
1473 3816 1491 3853 s

513 3891 556 3955 iit
578 3895 660 3959 baec
679 3897 793 3959 mdem
823 3897 1002 3960 declaravit
1023 3902 1053 3961 in
1076 3898 1215 3963 Romilio
1243 3897 1287 3961 De
1311 3896 1550 3961 Resurrectiere

435 4012 466 4055 o.
486 3991 519 4059 is
541 3998 670 4076 exisse
698 3996 789 4061 Penii
813 3998 1008 4075 testimonio,
1033 3999 1205 4065 «Domum
1226 4010 1336 4064 eutem
1352 3998 1551 4063 tseemseutt

434 4112 555 4175 eorpus
575 4096 666 4173 dicit,
689 4114 758 4161 rem
779 4116 878 4162 unam
899 4100 1027 4165 duobos
1053 4101 1235 4165 nominibus
1262 4100 1467 4181 explicando.
1492 4096 1549 4163 Vei

433 4193 568 4259 domum
590 4197 790 4264 tabernaculi
814 4198 908 4264 ronst
928 4202 1055 4279 domos,
1076 4204 1241 4283 inquibus
1257 4202 1452 4278 habitamus,
1474 4202 1549 4264 ciri·

434 4304 515 4359 tates
528 4304 562 4359 et
581 4297 719 4378 figuram
734 4302 911 4379 proesentis
933 4303 1028 4368 ritae.
1048 4302 1090 4367 Et
1111 4321 1173 4387 nou
1186 4302 1378 4383 simpliciter
1397 4302 1477 4365 dicit
1489 4298 1551 4363 seio

432 4396 488 4459 sed
510 4395 642 4478 ocimum
662 4408 696 4463 et
716 4401 906 4466 auditorum
927 4422 1059 4485 quoqne
1080 4405 1269 4469 seutentiam
1291 4404 1485 4483 assumpsit,
1507 4401 1552 4462 di-

435 4514 522 4562 oense
544 4516 609 4565 nou
629 4500 669 4565 de
691 4503 790 4568 rebus
809 4504 991 4585 ambiguis,
1015 4522 1077 4571 eon
1098 4506 1140 4571 de
1159 4507 1197 4571 iis
1207 4548 1220 4581 ,
1242 4521 1327 4585 quse
1348 4504 1549 4578 omniuutnr,
