3375 5567
163 852 294 915 cumeo3
326 834 414 915 quud
437 835 577 898 contrait
595 835 736 897 sermoni
758 834 904 913 sequenti
938 850 968 897 n.
989 824 1050 898 dt:
1076 826 1147 897 «Et
1177 830 1251 899 cum

163 934 232 1000 bens
250 935 352 1001 ornuta
370 936 518 1012 noverit,
540 942 573 998 et
590 935 669 998 nihil
690 952 766 997 cum
780 950 899 997 rerum
920 922 1189 999 inteilectualium
1211 951 1253 999 es

162 1056 187 1099 rc
203 1036 293 1098 lateat
315 1036 425 1116 (sotus
449 1036 535 1099 cuim
559 1033 647 1098 Deus
669 1032 767 1097 Pater
793 1040 827 1097 et
852 1032 1039 1113 [inigenitus
1063 1030 1164 1098 Filius
1182 1034 1254 1116 elus

162 1146 185 1201 ct
202 1138 330 1218 Spiritus
350 1136 486 1203 Sanctus
501 1156 564 1201 nou
584 1138 691 1200 solum
712 1153 853 1209 corum,
875 1152 960 1216 quae
981 1136 1121 1211 crearit,
1141 1151 1254 1201 rerum

160 1242 237 1303 ctiam
255 1242 303 1303 sui
324 1241 491 1303 scientiam
514 1239 621 1316 tenet)
643 1245 748 1318 potest
770 1246 877 1301 tamen
898 1246 961 1301 etc.
984 1258 1000 1295 a

221 1342 366 1405 Attamen
390 1342 469 1405 baec
490 1343 589 1421 magis
610 1340 745 1404 aiiunde
766 1342 999 1421 explanantur,
1023 1357 1089 1421 quo
1110 1352 1257 1421 presum-

158 1446 215 1523 ptus
225 1445 367 1507 calamus
378 1442 608 1506 emendationis
619 1438 737 1505 Rudini
750 1457 813 1502 uon
825 1441 967 1521 pertigit.
980 1438 1120 1504 Homitiu
1134 1436 1253 1503 xvttt.

157 1562 178 1605 n
195 1542 222 1607 2.
242 1543 277 1606 in
290 1542 444 1610 Numeros
464 1546 577 1607 scribit
598 1542 776 1622 Origenesc
794 1564 811 1603 a
827 1540 1002 1619 Quomodo
1017 1543 1101 1605 enim
1117 1559 1179 1605 uon
1200 1558 1254 1605 co·

157 1646 249 1724 puerit
266 1664 397 1709 sensum
429 1644 485 1708 Dei
517 1642 708 1724 [inigenitus
721 1662 833 1718 suus,
857 1646 913 1724 qui
936 1644 1035 1707 dicit:
1057 1662 1146 1707 nemo
1167 1640 1254 1706 novit

157 1746 276 1821 Putrem,
292 1746 362 1809 nisi
378 1744 496 1821 Fitius,
518 1754 548 1806 et
561 1744 614 1806 eui
627 1743 765 1831 notuerit
778 1743 883 1807 Filius
904 1740 1074 1808 revetere?
1095 1740 1181 1822 Quid
1206 1752 1256 1808 est

155 1846 229 1909 atiud
248 1849 332 1911 scire
356 1844 497 1921 Patrem,
520 1846 578 1909 nisi
599 1846 684 1907 scire
704 1854 737 1907 et
757 1845 927 1908 consilium
950 1844 1021 1925 ejus
1043 1852 1075 1907 ct
1095 1842 1255 1909 seucum?

155 1942 203 2007 Sed
222 1954 254 2011 et
265 1946 408 2026 Spiritus
429 1945 578 2022 Sanctus,
602 1946 659 2025 qui
673 1954 842 2010 scrutatur
858 1946 953 2008 etiam
969 1945 1035 2009 alta
1056 1943 1127 2021 Dei,
1144 1944 1255 2025 quidni

153 2066 265 2110 nusum
285 2049 360 2130 ejus
381 2045 562 2127 agnoscet?
594 2047 748 2126 Agnoscit
768 2063 847 2127 ergo
879 2055 911 2110 et
933 2045 1034 2109 Filios
1056 2053 1088 2109 at
1115 2046 1254 2129 Spiritus

155 2144 273 2213 Sanctus
287 2168 419 2213 sensum
436 2146 575 2223 Domini,
598 2156 629 2211 et
650 2148 684 2224 ii,
701 2148 819 2228 quibus
842 2148 985 2212 voluerit
1007 2148 1108 2212 Filius
1129 2148 1257 2211 recela-
1330 2160 1334 2167 '

155 2266 190 2311 re.
209 2249 302 2327 Quod
318 2253 346 2314 si
367 2248 511 2330 agnoscit
526 2246 629 2311 Filius
650 2266 779 2313 seusum
802 2248 873 2325 diei,
890 2256 939 2313 est
958 2266 1037 2329 ergo
1058 2256 1091 2313 et
1105 2250 1252 2313 consilia·

154 2351 208 2414 n‘us
221 2352 301 2434 ejus.
318 2352 380 2418 Sed
396 2352 599 2415 consiliarius
614 2370 678 2413 non
699 2352 742 2413 ita
764 2350 969 2429 accipiendus
984 2357 1044 2427 est,
1060 2352 1152 2432 quasi
1168 2352 1258 2432 igno·

152 2454 220 2516 rand
239 2456 290 2531 ei,
315 2454 393 2535 quid
416 2462 502 2534 apat,
525 2452 697 2515 consitium
719 2451 773 2514 det
794 2448 914 2528 Filius,
939 2458 996 2515 aut
1017 2453 1156 2533 Spiritus
1178 2452 1257 2518 Sau-

153 2560 229 2632 etus;
248 2556 305 2618 sed
329 2554 417 2637 quod
438 2554 562 2618 consilii
583 2562 616 2615 ct
633 2553 807 2617 voluntatis
829 2552 900 2633 ejus
922 2554 1082 2634 particeps
1096 2561 1129 2617 et
1150 2555 1251 2617 sciens
1371 2605 1374 2611 ,

151 2656 183 2715 sit
203 2654 302 2720 Filius
324 2664 358 2718 et
377 2654 517 2737 Spiritus
531 2654 678 2719 Sanctus.
698 2674 715 2710 a
739 2652 773 2715 ln
789 2654 837 2716 bis
859 2670 937 2733 crgo
959 2654 1083 2717 occuito
1104 2652 1253 2735 Origenis

151 2758 367 2836 capacitatem,
398 2776 436 2820 ne
457 2754 541 2819 Filio
563 2757 636 2837 pius
657 2754 812 2818 concedat
844 2773 943 2834 quam
965 2752 1075 2832 Patri,
1097 2756 1192 2820 sicuti
1215 2774 1253 2819 ne

152 2854 226 2921 Patri
238 2860 382 2938 amptius
395 2858 570 2940 sapientiae
590 2863 621 2920 et
643 2856 767 2920 cousiiii
782 2856 933 2937 assignet,
949 2874 1047 2936 quam
1064 2856 1181 2921 babent
1204 2854 1256 2921 Fi-

148 2957 200 3022 tius
214 2969 245 3023 et
258 2960 401 3041 Spiritus
413 2960 574 3039 Sanctus3
589 2958 643 3022 sed
660 2966 773 3038 utpote
788 2977 829 3020 cs
843 2976 907 3020 una
930 2966 1045 3020 natura
1064 2958 1161 3022 simul
1176 2976 1252 3023 con·

150 3059 335 3137 sistentibus,
357 3079 462 3143 neque
486 3060 592 3134 Pater,
610 3062 666 3136 ait,
691 3061 796 3121 minor
816 3068 863 3122 est
886 3056 970 3122 Filio
989 3060 1019 3119 in
1041 3059 1187 3133 scicntia,
1202 3076 1255 3122 ue·

149 3178 202 3239 quc
222 3161 327 3227 Filius
352 3162 437 3225 Patri
460 3162 606 3236 interior,
629 3161 724 3226 sicuti
746 3176 806 3221 nec
819 3158 958 3240 Spiritus
980 3158 1126 3223 Sanctus.
1152 3158 1193 3223 Et
1213 3162 1255 3223 ob

150 3262 201 3325 boc
215 3264 420 3345 frequentius
439 3260 582 3327 Verbum
599 3262 741 3323 divinum
757 3256 920 3339 Sapientia
938 3256 995 3321 nei
1012 3268 1148 3323 vocatur
1161 3258 1255 3330 ἀυτο-

149 3360 234 3457 cepis
252 3365 326 3446 ipsu
347 3361 528 3445 Sapientia,
550 3363 630 3426 aiios
648 3362 787 3442 perfeeto
807 3357 971 3441 Sapientia
993 3359 1257 3441 Patrimonione

149 3468 434 3546 nuncupationibus
456 3466 585 3530 nulium
608 3462 831 3527 interioritatis
853 3462 1004 3525 indicium
1027 3460 1209 3544 concipitur
1225 3466 1254 3528 iu

149 3561 220 3630 Filio
240 3565 303 3631 Dei
324 3568 428 3632 relate
448 3566 487 3629 ad
512 3566 649 3628 Patrem.
1296 3620 1300 3629 .

214 3668 246 3733 Si
270 3688 352 3734 vero
372 3670 547 3749 aliquando
570 3668 700 3730 ridetur
726 3667 883 3749 Origenes
906 3666 1009 3731 Patris
1031 3668 1254 3731 exceltentiam

148 3770 234 3850 capia
257 3770 381 3836 Filium
411 3770 581 3833 admittere
605 3770 646 3831 ob
668 3768 748 3832 iliud
772 3770 972 3849 potissimum
1000 3766 1190 3850 Scripturas
1213 3764 1257 3833 tess

148 3878 324 3939 stimonium
350 3874 445 3938 Peter
465 3873 569 3953 major
590 3890 637 3931 mc
657 3882 720 3945 cst,
744 3875 791 3935 uti
814 3871 908 3935 docet
930 3867 963 3931 in
982 3868 1134 3934 deuncem
1153 3868 1255 3934 Tomo

148 3971 228 4039 itti·
248 3975 302 4042 95.
330 3985 363 4039 et
385 3973 519 4038 xxxii.
543 3971 604 4039 18:
636 3973 843 4035 nibilominus
867 3971 1032 4036 iatcndum
1055 3992 1186 4053 quoquc
1208 3980 1256 4035 est

149 4076 215 4138 stibi
237 4079 288 4141 his
308 4076 471 4139 contraria
495 4076 625 4147 dixisse,
649 4082 706 4136 aut
728 4077 835 4152 potius
857 4074 956 4155 hujus
978 4072 1178 4136 differentiae
1200 4092 1254 4136 cx·

150 4178 288 4254 placasse
317 4194 458 4239 sensum.
491 4173 691 4239 conteratur
719 4171 814 4235 Liber
844 4170 915 4236 vti.
946 4170 981 4235 in
1012 4172 1188 4251 Epictetum
1213 4174 1256 4233 od

149 4272 295 4341 Romanos
316 4298 346 4340 n.
368 4275 398 4342 5.
422 4278 477 4339 ubi
505 4276 600 4339 rerba
624 4276 773 4338 diluensa
796 4285 873 4337 tune
891 4284 919 4337 et
946 4272 1012 4353 ipse
1033 4272 1135 4336 Filius
1155 4272 1254 4353 subje-

147 4388 204 4440 ctus
225 4380 286 4443 erit
314 4381 344 4442 ci
369 4388 424 4441 etc.
450 4379 583 4442 scribit:
608 4399 623 4436 s
646 4374 687 4439 Et
710 4378 764 4440 bte
793 4380 877 4441 euim
903 4376 1057 4457 subjectus
1078 4392 1139 4437 non
1162 4376 1254 4454 quasi

148 4480 274 4545 interior
289 4483 420 4545 dicitur.
442 4478 615 4556 Quomodo
638 4480 719 4541 enim
743 4478 879 4541 inferior
899 4478 960 4541 dici
984 4484 1099 4556 potest,
1123 4478 1179 4555 qui
1204 4473 1254 4537 Fi·

148 4580 201 4645 lius
221 4594 282 4658 est,
304 4582 457 4645 etomnin
480 4586 527 4643 est
547 4597 632 4659 quae
656 4578 779 4644 Pater?
800 4576 917 4643 Omnia
932 4576 1026 4655 enim,
1050 4578 1168 4657 inquit,
1192 4575 1252 4638 Po-

268 4680 329 4745 Voi.
353 4680 400 4745 11,
1093 4677 1133 4743 ta
