3375 5567
256 812 312 877 ‘rit
331 812 586 894 uuiuscujusque
612 811 799 885 absmarus,
827 807 899 872 iilic
919 807 979 872 crit
999 819 1027 870 st
1046 825 1109 871 cor.
1138 807 1244 888 Siquis

292 935 303 967 s
320 914 536 977 recondiderit
549 917 581 976 in
597 923 697 987 terra,
713 931 754 974 nx
768 915 850 991 ipso,
873 911 960 990 quod
978 910 1155 974 recondidit
1179 911 1245 971 tire·

324 1024 423 1090 'crra,
445 1034 486 1077 ex
508 1015 638 1078 internis
659 1013 814 1091 cfficitnr3
836 1014 884 1075 sin
902 1031 979 1074 roro
1002 1013 1170 1074 thesauros
1194 1029 1242 1072 re·
1305 1002 1311 1014 '

382 1116 493 1186 coelis
509 1119 653 1178 nascitur
665 1135 683 1178 e
697 1116 857 1192 supernis,
874 1121 905 1176 et
920 1115 1052 1176 assumit
1075 1111 1244 1191 imaginem

402 1225 464 1280 etc.
488 1237 505 1275 u
529 1216 857 1294 (incrementulum,
882 1217 1010 1296 iuquam
1036 1231 1108 1294 ego,
1134 1223 1244 1296 typum

428 1338 440 1362 ο
456 1318 651 1396 excogitavit
672 1318 703 1378 in
720 1315 881 1379 vocabulo
894 1313 1035 1395 dejectio,
1047 1315 1125 1393 quio
1141 1322 1246 1374 tumen

455 1427 584 1498 putaret
617 1419 856 1480 translationem
879 1417 918 1478 de
947 1416 1046 1478 coelis
1064 1415 1098 1476 in
1129 1423 1250 1476 terram

367 1521 582 1598 ..sgnndarum
602 1521 645 1582 ob
665 1527 795 1598 peccata
818 1519 849 1578 in
871 1517 1065 1580 coelestibus
1088 1522 1223 1596 patrata.

275 1637 392 1684 ereren
421 1629 458 1684 nt
485 1623 653 1701 peregriua
683 1620 843 1682 babeatnr
873 1620 1120 1699 interpretatio,
1150 1634 1248 1696 qnam

195 1741 362 1807 „rouymns
377 1722 610 1802 irugitOrigeui
631 1723 718 1784 circa
734 1721 916 1784 animarum
938 1721 1103 1784 bominum
1125 1719 1255 1781 descen·

158 1841 220 1886 snm
233 1830 289 1886 ant
308 1823 520 1904 dejectionem
535 1823 668 1902 proprie
688 1831 849 1900 sumptam
871 1837 911 1882 er
935 1818 1105 1899 Apostolos
1120 1818 1204 1880 sicut
1226 1838 1255 1880 e·

155 1922 220 2002 legit
231 1941 287 1985 uos
304 1922 341 1986 in
363 1921 433 2002 ipso
451 1932 525 1987 oute
537 1923 649 1990 mundi
666 1920 932 1994 contitutionem,
945 1919 1156 1984 conterantur
1175 1937 1256 1998 qno-

156 2041 210 2102 que
229 2041 313 2103 quae
333 2023 374 2085 de
395 2023 580 2104 huiusmodi
603 2024 784 2085 testimonio
804 2022 884 2084 alibi
900 2023 1050 2100 exposuit
1064 2021 1201 2084 luctor.
1221 2018 1255 2082 ln

157 2121 243 2186 libre
261 2125 298 2186 dc
321 2122 473 2187 Oratione
501 2143 532 2186 n.
556 2121 586 2187 5.
609 2124 666 2187 ubi
687 2131 870 2205 propugnat
902 2123 1038 2184 bominis
1059 2121 1255 2194 arbitrium,

155 2223 259 2303 inquit,
281 2226 361 2287 nibil
382 2234 494 2287 contra
517 2225 578 2287 boc
598 2241 696 2303 agere
716 2224 856 2286 divinam
880 2222 1124 2302 praescientiam
1145 2220 1185 2282 de
1208 2218 1258 2282 lu·

158 2327 228 2387 turis
248 2327 333 2389 circa
355 2336 497 2389 nostram
526 2327 716 2389 electionem
737 2335 811 2387 ante
839 2323 950 2388 mundi
981 2325 1254 2388 constitutionem.

157 2422 270 2500 Quibus
293 2435 381 2490 reete
401 2429 567 2507 expositis,
589 2443 724 2507 prorsus
744 2426 818 2489 silet
839 2426 879 2488 do
899 2429 1081 2487 animarum
1103 2425 1258 2486 bumana·

158 2543 221 2589 rum
242 2529 406 2591 creatione
427 2526 458 2589 iu
475 2528 597 2591 mundo
612 2527 774 2602 turisindi,
792 2543 830 2589 sc
851 2526 923 2588 inde
942 2529 972 2590 in
994 2527 1082 2589 bunc
1103 2524 1259 2587 mundum

157 2627 304 2691 risibilem
326 2627 526 2708 dejectarum
544 2629 587 2691 ob
608 2638 777 2709 peccatum
799 2629 831 2690 in
853 2627 911 2690 illo
932 2626 1118 2690 admissum.
1142 2624 1259 2694 Simili·

160 2732 202 2790 ter
218 2728 253 2790 iu
278 2726 444 2792 Canticum
467 2726 671 2791 canticorum
693 2725 791 2790 libro
812 2726 852 2790 ll.
878 2728 989 2790 eadem
1014 2728 1109 2791 verba
1131 2728 1261 2790 eodem·

157 2845 321 2906 qneseosu
335 2830 581 2908 interpretatur,
604 2829 749 2909 inquiens
769 2827 1031 2891 aconstitntione
1054 2827 1164 2889 mundi
1188 2826 1259 2888 iuu-

157 2929 253 2994 datam
275 2949 345 2993 esse
362 2929 551 3004 Ecclesiam,
574 2932 754 3010 quinimmo
767 2939 841 2993 ante
857 2931 966 2992 muudi
983 2929 1257 2991 constitutionems

158 3047 222 3093 cum
243 3051 283 3096 es
308 3031 517 3111 praescientia
549 3049 663 3110 nempe
692 3048 751 3093 sua
776 3027 863 3093 licus
886 3030 1002 3094 viderit
1023 3031 1054 3090 in
1082 3027 1258 3091 Ecclesiam

157 3147 240 3194 suan
271 3131 513 3210 congregandos
533 3129 665 3203 ddeles,
696 3137 824 3194 sanctos
844 3140 877 3191 et
908 3130 1131 3192 immaculatos
1141 3149 1152 3208 3
1182 3129 1260 3206 quin

160 3229 237 3293 ultra
260 3238 354 3311 putet
381 3232 422 3292 de
442 3232 609 3294 animabus
629 3249 647 3292 a
668 3232 763 3294 coelo
783 3232 813 3290 in
835 3230 922 3292 bunc
952 3231 1136 3312 dejiciendis
1169 3245 1261 3289 mnu·

159 3327 227 3392 dum
246 3331 288 3396 ad
305 3332 618 3410 praerartcrttuua-
638 3327 774 3394 suarum
796 3347 950 3409 porum,
967 3347 1048 3410 quas
1070 3329 1100 3388 iu
1118 3327 1264 3390 coelesti·

160 3427 213 3491 bns
230 3431 312 3494 locis
333 3429 545 3506 admisissent,
567 3448 604 3492 ea
626 3449 696 3493 csse
716 3431 823 3493 diuina
847 3431 1014 3494 miscenda
1034 3429 1141 3492 rerba.

232 3528 389 3607 Quamvis
411 3551 512 3611 porro
532 3530 700 3611 Origenes,
718 3540 754 3594 nt
774 3531 854 3606 dixi,
876 3532 937 3596 sub
957 3529 1082 3594 orimur
1105 3530 1264 3594 vocabulo

160 3647 262 3693 onnes
281 3632 500 3709 intelligibiles
520 3641 554 3695 et
574 3633 748 3694 rationales
771 3641 940 3695 creaturas
961 3631 1262 3711 comprehenderit;

161 3737 293 3796 attamen
315 3734 373 3796 bas
391 3740 577 3812 opportuna
596 3733 816 3812 distinguitur
838 3733 978 3812 propriis
990 3751 1103 3796 earnm
1126 3732 1265 3811 quatita«

165 3829 254 3907 tibus,
276 3833 407 3896 dotibus
420 3843 453 3896 et
468 3834 656 3908 ministerio,
672 3849 712 3894 ac
725 3833 840 3896 deinde
860 3851 901 3896 ex
918 3835 1068 3913 praemiis
1088 3843 1121 3898 ot
1142 3833 1263 3913 poenis,

161 3931 282 4011 meur,
303 3951 368 3998 uon
388 3935 511 3996 animas
531 3942 657 3997 nostras
677 3933 731 3995 sed
753 3933 885 4012 angelos
900 3941 931 3996 et
952 3933 1123 3995 daemones
1146 3932 1185 3993 ab
1207 3932 1265 3994 illu

162 4033 305 4100 inuisibili
320 4035 453 4108 muodo,
470 4035 548 4096 istos
569 4033 650 4096 idest
664 4033 836 4094 daemones
856 4033 899 4095 ob
919 4050 1010 4094 snam
1026 4049 1043 4094 a
1061 4031 1198 4092 Domino
1212 4031 1266 4094 de-

164 4129 348 4211 lectionem,
380 4144 439 4199 ant
460 4135 670 4199 rebellionem
702 4135 732 4196 in
755 4135 841 4196 bunc
864 4133 1019 4198 risibilem
1052 4131 1207 4194 deductos
1228 4150 1267 4194 ac

164 4232 324 4300 damnatos
344 4237 385 4297 ad
406 4237 541 4299 luendas
561 4253 700 4316 poenas,
723 4236 804 4298 alios
828 4235 909 4296 idest
934 4233 1065 4314 angelos
1088 4233 1206 4314 probos
1227 4233 1266 4295 de

162 4337 253 4400 melis
271 4339 336 4402 buc
350 4338 463 4400 missos
484 4338 516 4398 in
530 4347 674 4400 nostram
689 4337 869 4400 custodiam
883 4344 916 4398 et
931 4336 1136 4398 tumulatum.
1160 4331 1266 4410 Quam

164 4443 262 4502 tamen
283 4439 494 4514 mtentiam,
526 4437 834 4519 quomodocumque
863 4437 903 4500 de
928 4455 965 4499 ea
990 4436 1192 4499 sentiendum
1216 4435 1269 4508 sit,

166 4539 278 4622 qnippe
298 4543 428 4606 roseric
447 4540 662 4621 scriptoribus
680 4547 879 4619 accceptam,
906 4540 986 4603 siem
1010 4555 1073 4601 non
1095 4538 1233 4619 placeat,
1250 4538 1274 4598 i-
