3375 5567
180 801 314 860 eamus,
338 789 395 848 aut
422 781 599 847 iaciamusr
627 781 659 844 in
687 781 882 847 coelestibus
904 798 983 846 sero
1011 797 1171 862 quaenam
1192 773 1312 861 potest*

180 887 321 950 immissa
342 886 464 966 speeies
486 883 527 945 sb
547 901 586 946 eo
608 900 722 959 eursu,
745 883 801 962 qui
823 879 945 945 mondo
966 881 1055 945 utilis
1068 889 1129 955 eat,
1148 878 1299 945 avertere

177 1009 216 1054 ae
237 986 428 1052 dimovere?
449 985 530 1050 Com
554 985 680 1066 singnis
702 986 799 1048 etiam
821 984 902 1048 oitra
924 983 1044 1048 horum
1066 1001 1198 1051 eausam
1213 983 1300 1065 ejus·

179 1089 267 1153 motii
289 1089 430 1151 animam
452 1085 591 1148 habeant
611 1086 674 1148 sub
696 1087 821 1149 ratione
842 1084 1040 1162 ordinatam,
1062 1094 1094 1148 oi
1118 1093 1207 1149 tanto
1227 1103 1300 1148 eor·

180 1209 260 1272 poro
281 1191 436 1252 aethereo
457 1196 490 1251 et
512 1190 685 1265 purissimo
708 1196 854 1250 utaoinr.
880 1206 897 1245 s

260 1290 394 1354 iuterim
417 1290 560 1369 primum
579 1290 743 1364 advertas,
766 1309 805 1354 eo
826 1307 975 1352 sermono
995 1289 1169 1369 origenem
1191 1291 1223 1351 in
1244 1308 1300 1353 eos

180 1409 339 1474 pugnare,
363 1399 516 1470 tanquam
537 1387 740 1469 superfluum
755 1388 858 1453 Deum
879 1389 1052 1453 obsecrare
1065 1391 1300 1469 existimantes,

179 1495 304 1574 quiquo
332 1493 416 1555 inter
444 1499 552 1554 cetera
579 1491 640 1552 isto
663 1490 879 1571 objiciebant:
908 1511 926 1550 s
952 1489 1115 1554 Credibile
1136 1499 1185 1554 est
1213 1493 1298 1554 enim

182 1595 287 1659 Deum
301 1612 363 1658 ooo
386 1593 576 1674 praesidere
600 1600 725 1655 tautum
747 1611 832 1672 quoe
849 1592 961 1656 ioinro
979 1602 1067 1664 sont,
1083 1592 1138 1656 sed
1160 1601 1193 1655 ei
1207 1610 1300 1672 prae·

181 1696 354 1772 ordinare,
377 1712 436 1758 nec
458 1693 635 1774 quidquam
657 1693 805 1756 accidere
826 1704 958 1772 praeier
977 1711 1039 1768 aa,
1061 1712 1146 1774 quae
1167 1694 1300 1774 abipso

181 1798 272 1878 prius
293 1797 441 1860 ordinaia
462 1802 547 1858 suut.
572 1791 614 1856 Ut
634 1794 735 1872 igitur
747 1795 851 1873 siquis
872 1795 954 1857 oriri
975 1795 1077 1858 solem
1093 1802 1298 1874 precoreiur,

180 1901 303 1964 siuiins
326 1898 515 1972 traheretur,
538 1913 613 1959 oum
635 1895 666 1958 id
687 1896 753 1958 suis
776 1897 926 1976 precibus
946 1895 1028 1960 efflei
1050 1906 1186 1975 peteret,
1208 1897 1297 1978 quoi

184 2003 282 2066 etiam
303 2002 371 2064 sine
393 1997 544 2080 precibus
567 1996 717 2061 intusum
738 2005 891 2062 ernisto.
915 2016 932 2055 a
955 1995 1082 2061 Horum
1112 2000 1222 2079 itaque
1242 1999 1300 2060 ois-

179 2105 353 2186 jeotiooem
374 2101 500 2163 diluens
523 2096 663 2171 Aunios,
684 2098 794 2178 incipit
813 2106 848 2161 ei
869 2099 998 2178 proisi,
1013 2099 1074 2161 soii
1095 2100 1189 2162 siouti
1212 2106 1299 2162 oete·

181 2208 226 2269 ris
248 2204 343 2267 astris
363 2201 549 2276 arbitrium,
570 2201 640 2263 sive
655 2207 847 2278 potestatem
869 2201 971 2264 inesse
985 2200 1107 2281 aliquid
1130 2200 1304 2281 apennini

181 2307 227 2370 sio
248 2322 266 2366 a
288 2302 395 2366 divino
418 2301 620 2381 providentio
643 2300 830 2364 ordinatum
852 2319 942 2376 esse,
961 2311 998 2364 ot
1019 2301 1101 2365 iilud
1129 2300 1302 2364 invariabi-

183 2408 260 2471 iiior
281 2404 473 2487 pertinerent
494 2405 526 2466 in
548 2402 678 2466 muodo.
693 2402 740 2466 Ao
762 2402 834 2466 ideo
856 2402 887 2464 in
910 2403 970 2477 his,
993 2404 1089 2468 sicuti
1110 2400 1302 2466 oCroaioro

182 2513 342 2571 statutum
365 2510 425 2577 est,
448 2512 640 2582 poiesiatem
662 2503 794 2568 inditum
811 2521 893 2580 esso,
916 2522 981 2584 qua
1004 2523 1138 2569 cursum
1152 2521 1249 2568 snum
1270 2521 1305 2568 a·

182 2614 315 2690 gereni,
338 2605 480 2681 orbitus,
504 2611 536 2667 et
562 2607 789 2669 conversiones
811 2614 1031 2685 congruenter
1061 2607 1206 2670 ordinis
1233 2602 1302 2668 Deo

181 2715 325 2783 siatoto,
347 2715 523 2788 ceteraque
544 2706 738 2785 periioerent
755 2707 851 2788 josto
875 2707 944 2770 flnis
965 2708 1160 2789 analogiam,
1174 2727 1242 2789 qno
1263 2724 1302 2771 oa

179 2816 350 2874 creaverat
372 2807 458 2872 Dens
469 2828 481 2888 3
504 2807 582 2888 quin
605 2816 710 2870 tameo
730 2826 860 2871 sonsum
882 2810 1084 2875 eontrarium
1107 2811 1184 2874 inuio
1214 2808 1303 2873 oroi·

180 2911 300 2976 notioni
324 2911 548 2989 perciperent,
564 2927 581 2971 e
603 2926 762 2972 oooverso
779 2927 832 2972 es.
856 2927 887 2988 g.
903 2912 1026 2973 orbitas
1049 2911 1302 2988 percurrerem

179 3031 232 3090 eo,
254 3011 342 3094 quod
363 3010 410 3073 sis
431 3009 616 3089 impositum
639 3016 696 3072 est.
722 3009 755 3071 in
778 3011 839 3072 hoo
854 3012 938 3072 enim
960 3012 1111 3074 mandato
1126 3014 1300 3091 explendo,

181 3133 240 3178 neo
262 3115 292 3174 io
313 3131 348 3175 so
370 3111 604 3190 oppositionem
625 3111 768 3174 sentiunt
789 3129 830 3174 os
852 3111 1014 3174 arbitrato
1033 3130 1093 3176 soo
1112 3122 1232 3193 ortam3
1249 3131 1304 3175 ne·
1387 3140 1392 3150 ·

180 3233 247 3298 qno
258 3216 322 3278 sim
334 3213 531 3276 contrariom
546 3213 763 3290 experiuntur
778 3213 838 3275 isia
850 3229 989 3290 oon-pora
1005 3213 1105 3275 reiuti
1123 3232 1304 3293 repugnan-

184 3325 248 3380 iem
271 3315 335 3394 legi
358 3313 471 3374 meotis
491 3328 580 3374 snae.
605 3311 640 3373 it
662 3311 769 3374 abeis
791 3311 901 3389 obest3
924 3318 957 3374 oi
980 3311 1166 3392 hujusmodi
1193 3332 1303 3394 perce·

183 3417 307 3498 ptiones
329 3431 391 3476 oon
414 3413 558 3492 ospioot,
581 3412 701 3491 quippe
724 3413 754 3473 in
776 3413 926 3476 omnibus
948 3410 1053 3477 Deum
1067 3425 1249 3480 creatorem
1271 3423 1306 3479 et

182 3517 405 3580 ordinatorem
427 3531 468 3576 ox
491 3514 681 3575 necessitate
701 3522 898 3592 sequuntur.

243 3615 465 3694 Quapropter,
477 3613 503 3676 si
515 3613 746 3678 discussionem
758 3615 797 3677 iio
810 3616 996 3696 hujusmodi
1007 3618 1188 3681 animarum
1202 3620 1304 3682 sarie·

187 3727 266 3791 tate,
289 3725 422 3782 exteros
445 3717 638 3779 documento
658 3715 777 3796 iosnre
799 3727 945 3795 possunt,
966 3719 1111 3782 arbitror
1132 3721 1193 3783 hoo
1214 3737 1307 3800 prae·

187 3822 266 3886 stari
295 3817 494 3893 aTstinno,
516 3817 755 3898 oujns'soripts
777 3820 943 3883 ooosuiuit
971 3820 1137 3902 Origenes.
1163 3821 1191 3885 is
1220 3824 1305 3885 enini

187 3931 302 3985 eontra
323 3917 467 3984 Graecos
487 3917 646 3981 disserens
668 3935 697 3978 n.
720 3914 770 3982 tu.
793 3919 849 3980 ait:
874 3916 980 3982 «Duo
999 3921 1174 4000 spirituum
1194 3922 1336 3985 uisuri·-

186 4026 270 4088 miua
286 4024 436 4087 novimus
458 4037 600 4100 qnorum
619 4019 704 4082 niter
724 4019 815 4110 ψυχὴ
837 4019 947 4082 animo
964 4032 1113 4098 voratur,
1134 4024 1219 4086 eiter
1240 4025 1307 4084 oni·

186 4141 237 4186 ma
260 4123 476 4203 praestaniior
501 4119 556 4184 Dai
578 4119 682 4200 imopo
703 4130 731 4183 rt
751 4118 940 4184 simititodo.
956 4120 1103 4204 Uterque
1125 4125 1235 4204 primis
1250 4126 1308 4186 ho·

186 4227 325 4288 minibus
355 4225 481 4299 inerat,
513 4231 550 4285 ut
581 4223 699 4300 pnrtim
733 4240 773 4284 ex
797 4224 931 4284 motoria
959 4232 1165 4300 constarent,
1189 4225 1304 4305 partim
1348 4283 1351 4288 .

187 4327 323 4389 materis
346 4327 598 4406 praestantiores
619 4331 744 4390 esseni.
760 4370 767 4384 .
785 4369 791 4383 .
808 4368 814 4383 .
832 4323 969 4388 (loeium
992 4327 1093 4407 igitur
1114 4334 1146 4390 ei
1168 4344 1253 4407 quae
1273 4329 1305 4390 in

186 4445 226 4489 oo
246 4426 362 4490 atoiioo
381 4435 469 4502 suot,
492 4447 534 4490 ex
556 4427 689 4488 materia
712 4434 875 4499 constant,
897 4426 992 4489 sicuti
1014 4437 1046 4491 et
1067 4437 1173 4492 cetero
1196 4446 1213 4490 o
1236 4427 1305 4492 Deo

185 4535 295 4593 oresio
318 4529 464 4592 eamdem
488 4529 640 4594 habentes
662 4527 936 4593 constitutionem.
961 4525 1113 4593 Attamen
1127 4533 1159 4593 io
1182 4531 1230 4595 iiis
1247 4531 1309 4594 dis-
