3375 5567
428 759 461 813 et
480 749 582 814 stium
604 749 644 814 dc
664 750 788 826 libera,
804 769 886 832 qens
906 758 981 814 suet
996 769 1055 832 per
1075 748 1260 832 sticqors'ssm
1280 749 1383 824 dicto,
1405 767 1458 816 nec
1476 769 1526 814 es·

428 851 533 918 cludit
552 853 682 917 litterae
703 871 843 917 sensuro.
861 851 1093 918 Verumtamen
1106 864 1138 916 et
1160 856 1244 920 istud
1269 855 1385 928 soluit,
1397 853 1523 919 studuit·

428 974 493 1036 qne
514 965 625 1020 contra
647 959 767 1020 amicos
787 959 888 1022 soiius
909 959 1050 1034 litterae,
1070 959 1252 1040 disquirere
1273 975 1358 1039 qnae
1378 959 1408 1020 in
1428 959 1525 1022 litters

429 1057 614 1122 abscondita
635 1067 728 1122 eraut
749 1059 912 1143 mysteria.

510 1162 624 1243 itaque
645 1163 677 1224 in
698 1159 839 1224 Romilia
863 1159 919 1224 itt.
941 1180 972 1224 ιι.
994 1161 1034 1228 3:
1058 1181 1126 1226 sse
1150 1181 1249 1240 vero,
1264 1163 1386 1244 inquit,
1408 1179 1468 1226 nou
1486 1179 1528 1224 so-

428 1265 498 1327 tum
519 1262 697 1327 secundnm
718 1264 881 1337 litteram,
903 1266 958 1327 aed
981 1265 1103 1346 ntiquid
1129 1276 1161 1328 et
1181 1266 1360 1328 secundum
1390 1265 1526 1345 spirituus

429 1369 588 1444 attingere
601 1374 664 1430 etc.
679 1386 696 1423 a
712 1367 760 1429 Ac
776 1367 875 1446 paulo
891 1377 962 1447 post
985 1365 1123 1430 Romilia
1140 1365 1228 1430 Xili.
1252 1385 1282 1428 u.
1299 1363 1331 1430 3.
1357 1366 1453 1446 hujus
1465 1383 1529 1428 coo·

431 1469 611 1558 suetudinis
634 1470 792 1532 rationem
815 1469 943 1544 reddit,
966 1469 1005 1533 de
1028 1471 1132 1549 puteis
1155 1469 1312 1532 disserens
1325 1509 1337 1540 ,
1359 1486 1440 1548 quos
1461 1467 1531 1530 indit

433 1570 531 1634 isaac.
547 1567 664 1632 Scribit
679 1570 775 1632 enims
800 1590 817 1628 ι
831 1568 892 1634 Sed
917 1572 1140 1651 unusquisque
1156 1580 1319 1645 uestrum,
1336 1573 1393 1650 qui
1410 1569 1530 1632 rerbuu

431 1668 491 1732 Rei
512 1671 693 1745 ministrat,
715 1655 850 1750 puteum
880 1668 980 1744 indit,
1002 1681 1034 1734 et
1055 1689 1173 1751 aquam
1198 1671 1304 1734 risam
1334 1672 1478 1750 quaerit,
1498 1687 1532 1731 cs

429 1788 493 1850 qua
506 1769 630 1834 reiiciat
650 1771 827 1835 auditores.
846 1770 878 1834 Si
900 1790 979 1853 erqo
994 1772 1143 1850 incipiam
1165 1781 1197 1834 et
1216 1790 1275 1853 eqo
1301 1780 1446 1834 aeterum
1460 1770 1532 1834 dictt

431 1870 615 1944 discutere,
637 1879 667 1932 et
689 1888 818 1935 sensnm
839 1871 871 1932 iu
892 1872 937 1934 eis
958 1889 1118 1952 quaerere
1138 1871 1320 1950 spiritalem
1332 1893 1345 1951 ;
1367 1873 1392 1934 si
1414 1880 1534 1934 conatus

432 1974 528 2039 inere
540 1974 686 2038 velamen
696 1971 787 2054 begis
799 1991 953 2036 emerere
963 1984 997 2038 et
1010 1975 1179 2038 ostendere
1189 1975 1368 2055 allegorica
1383 1991 1450 2038 esse
1463 1990 1535 2054 quse

430 2077 550 2155 scripta
571 2083 659 2150 sont,
675 2075 763 2138 fodio
784 2075 915 2154 quidem
928 2083 1055 2154 puteca;
1076 2077 1131 2138 scd
1146 2076 1255 2138 statim
1277 2077 1359 2138 mibi
1376 2073 1536 2138 mosebust

431 2178 610 2242 calumnias
636 2176 730 2242 amici
752 2177 903 2252 litterae,
927 2187 958 2241 et
987 2176 1224 2242 insidiabuntur
1244 2179 1325 2240 mibi
1336 2197 1349 2258 3
1373 2175 1535 2240 inimicitias

434 2281 588 2341 continuo
609 2286 641 2341 et
658 2277 898 2358 persecutiones
919 2279 1095 2357 parabunt,
1113 2277 1282 2342 veritatem
1299 2285 1451 2359 negantes
1462 2284 1536 2340 stara

434 2399 540 2461 posse,
561 2382 621 2443 nisi
641 2397 741 2460 super
763 2389 894 2444 terram.
917 2398 934 2436 n

515 2481 597 2545 Com
620 2500 700 2546 rere
720 2485 762 2545 ita
788 2482 920 2546 discutit
939 2483 1096 2564 Origenes
1108 2503 1119 2562 ;
1142 2489 1321 2564 puteorum
1351 2501 1391 2546 ue
1411 2477 1537 2546 eiinssic·

435 2585 483 2646 ots
505 2585 674 2646 veritatem
695 2580 824 2648 diruit?
843 2601 1060 2665 nequaquem.
1078 2583 1119 2647 Et
1139 2584 1182 2646 ob
1197 2585 1259 2647 boc
1281 2583 1452 2656 meditare,
1466 2595 1538 2661 quse
1597 2667 1598 2670 Ἴ

433 2685 502 2765 ipse
522 2685 634 2747 scribit
654 2685 768 2748 deiude
788 2687 820 2747 iu
843 2682 983 2748 Romilia
1006 2682 1075 2747 XV.
1092 2702 1124 2746 tt.
1146 2682 1176 2750 t.
1195 2684 1235 2746 de
1257 2701 1397 2747 ascensu
1412 2683 1538 2746 biicruts

436 2784 540 2851 iacob
553 2786 595 2848 ab
607 2785 766 2869 Aegypto:
790 2807 808 2845 s
824 2785 917 2861 Quae
931 2786 1185 2860 observationes,
1202 2787 1259 2860 ait,
1276 2784 1453 2848 ostendunt
1468 2781 1538 2848 Scri·

435 2898 566 2969 pturem
587 2887 727 2950 divinem
749 2905 826 2959 non,
848 2894 886 2950 ot
899 2887 1048 2966 plurimis
1072 2886 1215 2962 ridetur,
1230 2887 1399 2950 inerudito
1418 2894 1539 2960 ctaqre·

434 2989 475 3052 ati
495 3006 645 3052 sermone
671 2988 896 3066 compositam,
918 2988 972 3050 sed
1000 2987 1178 3052 morandum
1202 2986 1408 3068 disciplinam
1429 2986 1539 3048 dirime

435 3088 627 3152 eruditionis
647 3095 802 3167 aptatam,
825 3105 931 3168 neque
954 3095 1077 3152 tantum
1108 3087 1269 3152 historicis
1291 3085 1539 3154 narrationibus,

435 3198 594 3268 qnantum
611 3188 708 3252 rebus
723 3197 757 3250 et
776 3188 922 3252 sensibus
938 3189 1079 3270 mysticis
1093 3189 1300 3252 servientem.
1319 3205 1336 3244 a
1354 3184 1442 3250 Raec
1455 3199 1540 3266 pcrro

435 3307 500 3354 oon
519 3289 627 3353 sotum
651 3292 760 3353 vatent
780 3291 821 3353 da
842 3293 948 3371 puteis
963 3291 1004 3352 ab
1026 3289 1213 3354 Abrabamo
1226 3288 1366 3364 edessio,
1391 3287 1472 3352 node
1486 3283 1539 3348 Ru·

436 3391 578 3455 ststbius
607 3392 780 3473 Origeoeru
801 3393 938 3474 corripit
949 3413 960 3472 ;
982 3393 1037 3456 sed
1059 3401 1092 3456 et
1112 3410 1172 3472 pro
1194 3393 1255 3468 tis,
1277 3410 1366 3471 quae
1386 3391 1541 3453 sdtersou

435 3494 586 3558 eumdem
603 3495 745 3573 congerit
764 3495 923 3569 eserieie,
945 3496 1039 3574 quasi
1055 3513 1114 3575 per
1136 3497 1199 3556 sim
1215 3495 1424 3574 deturpasset
1442 3507 1478 3554 ac
1489 3488 1540 3548 dis·

438 3596 582 3658 torsisset
600 3593 790 3675 Scripturae
804 3597 1023 3658 narrationem
1037 3593 1078 3658 de
1092 3593 1203 3660 isaaco
1224 3605 1257 3660 et
1270 3594 1430 3659 Rebecca.
1446 3590 1541 3669 Quare

436 3695 482 3758 ita
503 3694 653 3775 loquitur
673 3693 833 3776 Oriqcucs
855 3698 895 3759 de
927 3713 1031 3776 puero
1052 3697 1202 3762 Abrabec
1224 3704 1422 3762 occurrente
1437 3691 1542 3758 Rebec-

437 3813 496 3862 cae
516 3814 559 3860 es
580 3794 721 3862 Romilia
744 3795 783 3859 X.
805 3815 837 3861 n.
861 3793 893 3864 ds
918 3799 949 3861 in
971 3798 1116 3862 camdem
1138 3796 1303 3863 Geneseos
1324 3795 1526 3877 scripturam.

519 3895 631 3961 «Nou
651 3899 707 3960 dat
734 3899 885 3975 inaures,
908 3917 972 3964 unu
998 3900 1192 3964 bracchiatis
1217 3899 1386 3963 Rebeccae
1406 3891 1541 3976 (psteri-

439 3993 551 4059 liauet
569 3999 794 4078 incomposita,
816 3998 992 4074 inerudita,
1014 4000 1090 4080 quia
1113 4011 1207 4079 peter
1228 3997 1409 4072 Rebeccae,
1440 3995 1487 4056 sir
1504 3989 1543 4052 ti·

438 4114 495 4160 ass
515 4115 579 4160 oon
600 4098 740 4162 babebat
768 4099 965 4165 breccbiaiia
987 4108 1020 4164 et
1042 4101 1193 4175 inaures,
1217 4117 1298 4181 quas
1324 4100 1498 4178 imponeret
1515 4087 1544 4152 d·

438 4195 504 4259 iise
522 4195 629 4262 suasi
649 4195 749 4262 Teuta
771 4198 843 4281 ejus
864 4200 1056 4280 neqttqeutia
1077 4208 1171 4277 erat,
1194 4207 1253 4262 ant
1275 4197 1436 4266 avaritia,
1457 4198 1491 4256 ut
1514 4186 1543 4248 fl·

438 4295 504 4360 lise
530 4307 719 4362 nmmauts
744 4315 809 4363 ooo
829 4297 949 4364 daret?
975 4299 1035 4366 Sed
1060 4299 1206 4364 Rebecca
1229 4315 1293 4364 uon
1324 4295 1396 4358 suit
1416 4293 1454 4356 de
1471 4303 1543 4352 auro

442 4395 610 4462 Ratbuetis
629 4401 752 4464 ornari.
781 4399 855 4465 Nou
875 4409 951 4464 suot
971 4402 1001 4464 ei
1022 4400 1178 4482 condigna
1210 4405 1400 4464 ornamenta
1421 4389 1541 4458 bominis

441 4499 573 4564 barbari
592 4509 627 4565 et
639 4501 790 4582 imperiti.
815 4500 863 4566 Re
877 4503 974 4566 domo
992 4501 1145 4567 Abrabae
1160 4501 1299 4582 requirit
1315 4494 1456 4570 monitis,
1476 4489 1541 4572 quia
