3375 5567
432 782 491 839 en,
514 772 563 840 ut,
585 764 644 845 qut
664 766 755 831 illam
784 766 971 833 immensam
996 768 1194 835 oonslderarl
1225 776 1325 851 atque
1344 771 1455 837 iutusrl
1473 790 1525 841 non

430 873 578 945 possent,
595 868 677 931 bane
698 868 854 948 ridentes,
870 869 960 934 illam
980 872 1145 938 sevidisse
1166 870 1408 950 oonllterentnr,
1423 892 1477 956 pro
1489 896 1523 941 eo

429 965 517 1045 quod
539 968 645 1029 omnia
662 969 884 1033 membrorum
900 979 934 1033 et
948 972 1060 1035 vultus
1074 972 1268 1036 lineamenta
1289 972 1342 1035 rel
1356 974 1451 1055 ipsam
1468 992 1527 1055 sps·

429 1067 524 1146 dem,
547 1072 783 1151 materiamque
802 1070 1012 1137 similitudine
1031 1086 1165 1155 prorsus
1186 1074 1358 1139 indisereta
1382 1083 1523 1141 artemi.

430 1164 501 1233 Tali
516 1170 658 1250 quadam
678 1172 889 1236 similitudine
910 1173 1096 1239 exinaniens
1116 1194 1151 1239 se
1166 1174 1270 1240 Filius
1292 1173 1350 1238 Dei
1371 1175 1411 1239 dn
1426 1194 1532 1257 amna·

428 1269 522 1334 litate
537 1270 654 1350 Patris,
678 1282 712 1338 et
730 1275 813 1336 riam
834 1274 926 1337 nobis
946 1276 1136 1355 cognitionis
1152 1276 1224 1358 ejus
1238 1276 1420 1351 ostendens,
1441 1276 1532 1354 beura

429 1390 584 1453 expressa
612 1375 813 1439 substantiae
842 1376 915 1457 ejus
935 1376 1097 1441 efficitur:
1131 1378 1246 1457 nt'qui
1268 1379 1300 1440 in
1332 1379 1533 1457 magnitudine

430 1473 558 1537 deitatis
580 1492 658 1537 snas
679 1476 816 1555 positam
837 1476 976 1555 gloriam
997 1479 1099 1541 mirae
1118 1478 1202 1542 lueis
1223 1494 1286 1541 non
1308 1488 1489 1558 poteramus
1507 1496 1536 1539 a·

430 1575 568 1654 spicere
584 1593 644 1656 per
664 1576 727 1639 boo
740 1576 827 1656 quod
851 1577 941 1640 nobis
961 1576 1116 1658 splendor
1130 1576 1282 1653 edicitur,
1306 1579 1475 1641 intuendae
1493 1578 1536 1639 ln·

429 1676 476 1739 eis
497 1676 625 1741 divinae
646 1678 729 1741 riam
750 1695 811 1758 per
829 1677 1011 1757 splendoris
1026 1681 1192 1760 capiamus
1213 1686 1393 1759 nspemum.
1415 1678 1536 1758 Compa-

287 1795 292 1801 ·
428 1780 515 1845 ratio
534 1796 612 1843 sune
631 1778 672 1843 ds
692 1780 821 1855 statuis,
838 1781 930 1860 quasi
952 1783 984 1844 iu
1006 1781 1103 1846 rebus
1125 1780 1350 1843 materialibus
1371 1782 1483 1860 posita,
1501 1776 1536 1843 ad

429 1880 510 1961 nibil
530 1879 620 1943 aliud
643 1880 812 1961 recipitur,
836 1897 934 1959 quum
957 1881 996 1943 ad
1021 1882 1094 1957 boo,
1112 1880 1199 1961 qnod
1224 1880 1328 1945 Filius
1350 1878 1410 1945 [lei
1431 1881 1537 1945 brevis·

428 1983 530 2046 simne
549 1985 690 2046 insertus
711 1984 844 2046 bomani
865 1984 1013 2062 eorporis
1035 1982 1161 2047 lormae
1176 2002 1219 2046 ex
1239 2000 1382 2063 opernm
1402 1984 1538 2047 etrirtu·

431 2086 471 2147 tis
489 2082 713 2160 similitudine,
729 2082 835 2148 Patris
858 2085 890 2153 in
907 2102 945 2149 se
959 2084 1147 2149 immensam
1169 2101 1207 2149 ae
1222 2084 1418 2153 invisibilem
1434 2084 1539 2165 napol-

431 2183 574 2247 tuiioem
587 2184 776 2264 designabat
797 2202 857 2263 per
871 2185 944 2258 boc,
961 2183 1049 2263 quod
1065 2182 1192 2247 dicebat
1206 2182 1246 2247 atl
1262 2182 1440 2263 discipulos
1459 2200 1536 2257 snos,

430 2286 507 2365 quia
522 2283 581 2363 qui
599 2283 683 2347 sidet
702 2302 764 2359 me,
777 2283 863 2349 sidet
877 2293 905 2347 rt
921 2282 1048 2347 Putrem
1061 2304 1072 2345 .·
1086 2294 1130 2349 etr
1152 2302 1207 2365 epo
1219 2292 1249 2347 st
1263 2283 1361 2349 Potor
1375 2302 1474 2351 unum
1491 2303 1537 2351 ss·

429 2400 513 2447 mue.
536 2402 553 2443 n

511 2506 529 2545 s
543 2483 689 2551 Multum
703 2484 904 2571 Hieronymo
919 2487 929 2567 i
938 2486 1089 2567 inquiunt
1101 2485 1273 2563 Editoros)
1287 2486 1454 2568 displicuit
1472 2487 1540 2549 base

428 2589 786 2670 eomputatio„qnem
808 2589 895 2652 iuter
924 2606 1056 2653 errores
1079 2588 1226 2653 vitandos
1255 2592 1388 2670 reponit
1408 2586 1541 2670 Epistola

429 2690 575 2773 ejusdem
596 2690 635 2754 ad
660 2690 793 2755 Auitum
815 2691 864 2754 bis
886 2688 1013 2755 verbis:
1046 2691 1187 2754 deornm
1207 2698 1390 2755 statuorum
1420 2686 1541 2769 maioris

427 2802 455 2856 et
467 2791 637 2873 purvulos}
651 2790 765 2866 onius,
783 2810 864 2872 quoe
884 2792 1038 2855 mundent
1055 2790 1198 2871 implent,
1214 2801 1243 2855 et
1258 2791 1477 2872 mopsuestiae
1489 2808 1541 2855 sus

426 2893 656 2974 montedo
670 2889 843 2955 invisibilis
864 2889 918 2965 sit,
934 2900 963 2953 st
983 2889 1131 2966 ulterius,
1151 2910 1232 2972 quor
1251 2892 1308 2955 sub
1323 2893 1433 2957 neuim
1447 2892 1540 2961 estid·

425 2992 521 3075 penit
541 2992 880 3075 exemploratores»
896 2990 1013 3073 priori,
1025 2990 1196 3073 posteriori
1211 2991 1335 3059 Filium
1350 3010 1540 3074 comparens.

428 3094 539 3161 Cruda
561 3094 673 3175 itaque
693 3100 727 3157 et
748 3093 904 3173 indigesta
928 3091 960 3157 in
981 3110 1099 3173 praeeo
1121 3110 1251 3157 neeesse
1270 3093 1451 3170 asseruerit
1473 3093 1543 3155 baeu

432 3196 634 3277 comparatio
643 3215 655 3275 3
678 3196 733 3259 sed
756 3204 866 3275 postea
893 3212 912 3257 a
940 3192 1071 3259 Rnffiuo
1093 3194 1261 3271 emollito,
1283 3201 1317 3257 et
1345 3194 1388 3260 ed
1411 3210 1543 3257 eommo-

429 3299 556 3363 dlorem
570 3316 713 3373 sensnm,
730 3298 926 3378 quibusdam
939 3294 1068 3373 additis,
1084 3295 1278 3376 quibusdam
1300 3296 1486 3371 destruetis.
1502 3310 1544 3355 rs·

429 3409 556 3466 roesta.
578 3420 596 3460 s

510 3501 552 3566 Et
572 3501 703 3583 quidem
731 3502 810 3583 jure
843 3500 1034 3566 Editoribus
1058 3501 1123 3565 risa
1146 3506 1195 3565 est
1224 3500 1325 3565 eredo
1343 3509 1375 3565 st
1394 3496 1544 3579 iudipssts

428 3603 636 3684 rumperetis,
660 3622 722 3667 eeu
743 3604 895 3679 tradidit,
919 3604 1138 3687 exposuitque
1158 3599 1381 3685 Hieronymus
1402 3604 1435 3665 in
1456 3602 1543 3665 dnn

430 3703 576 3786 Epistola
590 3702 631 3767 ad
654 3704 807 3785 Aritnm3
826 3722 870 3768 ae·
884 3704 958 3768 ideo
972 3722 991 3766 a
1006 3702 1138 3769 Holllno
1151 3700 1356 3765 emendatam
1380 3700 1479 3765 inisse
1492 3712 1543 3775 pn·

431 3810 551 3872 tarnat.
568 3803 720 3869 Attamen
740 3822 819 3869 unm
835 3802 999 3880 Rullluns,
1012 3821 1052 3866 an
1067 3802 1176 3883 potins
1190 3798 1246 3865 alil
1260 3800 1301 3863 do
1315 3800 1379 3865 bae
1396 3800 1544 3863 varietate

429 3906 636 3970 insimulandi
656 3907 740 3980 aiot,
763 3906 828 3969 boe
847 3910 919 3968 erat
939 3907 985 3967 eis
1007 3902 1225 3984 probandum.
1255 3899 1347 3963 Patet
1367 3915 1467 3973 snos,
1489 3910 1545 3959 non

430 4006 490 4069 nisi
504 4024 638 4070 seosuur
650 4006 838 4085 praebuisse
852 4004 1089 4089 Hieronymum
1096 4022 1110 4082 3
1125 4022 1164 4067 ao
1181 4000 1329 4067 tamaius
1344 4002 1467 4081 ipsntu.
1486 3998 1547 4061 sint

429 4108 580 4187 quemvis
602 4106 747 4171 volneris
767 4106 1028 4170 abbreviatorem
1049 4104 1230 4173 sermonis,
1258 4100 1341 4165 adeo
1363 4098 1546 4179 exposuisse

432 4216 562 4273 ortum
576 4205 726 4287 Origeuis
748 4224 915 4287 pransum,
931 4215 969 4270 ut
991 4208 1118 4286 penitus
1136 4201 1302 4267 varietab
1322 4220 1376 4278 eo,
1392 4216 1491 4280 quens
1507 4196 1548 4257 lu

433 4317 631 4389 terpretatns
643 4317 693 4371 ost
706 4308 866 4373 Hnliinns.
879 4308 931 4372 Ex
946 4306 1137 4391 Hieronymi
1153 4308 1300 4369 versione
1314 4303 1460 4376 eruitur,
1474 4298 1547 4360 dnn·

432 4408 495 4471 bus
514 4410 629 4472 statuis
650 4410 706 4473 nni
727 4409 857 4490 majori,
875 4409 970 4473 alteri
993 4408 1109 4472 minori
1129 4408 1358 4487 aequiparasse
1377 4403 1546 4481 Origenon

434 4507 566 4575 Patrem
586 4516 621 4572 et
641 4507 779 4573 Filium:
809 4510 898 4575 unde
918 4508 1145 4577 dissimilitudo
1174 4514 1313 4589 apparet
1331 4498 1545 4571 immensitas!
