3375 5567
446 782 582 842 ‘riorum
605 779 753 861 origenis
772 782 807 844 ia
825 775 1021 847 Munitorum
1042 777 1168 846 tidelem
1189 783 1334 864 exegerit
1350 785 1550 864 transcriptis

456 899 548 959 aem;
572 883 649 944 etsi
674 881 821 946 Rudinus
852 889 923 963 pari
944 885 1128 948 sinceritate
1151 885 1345 948 verbotenus
1365 885 1436 947 iude
1453 883 1553 964 Orige

457 983 628 1046 dissensus
643 983 740 1047 latine
755 988 968 1065 expresserit,
985 988 1128 1066 inspecta
1147 988 1302 1050 varietate
1313 987 1459 1050 codicum
1474 1005 1551 1066 grae·

455 1101 582 1158 uorum,
600 1101 681 1162 quus
700 1087 795 1147 vertit
817 1083 973 1161 Herelius,
987 1087 1029 1148 ab
1045 1087 1293 1166 antiquissimis,
1310 1105 1393 1166 quos
1408 1089 1553 1150 obmuluit

456 1203 480 1246 s.
499 1183 637 1269 Martyr‚
654 1195 686 1248 et
709 1185 857 1250 Rudinus
873 1187 1181 1266 interpretatorem,
1199 1189 1331 1251 indubia
1347 1191 1472 1251 eruitur
1490 1207 1552 1250 con

456 1288 635 1365 sequentia,
653 1287 890 1351 commentaria
908 1305 1023 1368 graeca
1039 1290 1104 1350 sub·
1117 1288 1266 1369 (trigenis
1287 1294 1414 1353 nomine
1427 1291 1466 1352 ab
1478 1288 1553 1352 line

460 1388 504 1450 tio
528 1388 625 1463 edita,
651 1387 706 1448 alii
736 1407 837 1467 quam
859 1387 993 1468 Origeui
1011 1389 1071 1468 ipsi
1093 1407 1162 1455 esse
1182 1390 1402 1453 adscribenda.
1427 1388 1553 1466 Quinim-

461 1505 514 1550 rne
528 1489 697 1569 cujusdam
712 1490 810 1568 ignoti
833 1487 1030 1552 Glossatoris
1046 1490 1220 1552 tenendum
1235 1508 1303 1552 esse
1318 1508 1414 1570 opus,
1429 1490 1482 1569 qui
1493 1488 1555 1552 0ri·

461 1590 547 1668 genis
568 1589 712 1671 ejusdem
731 1573 854 1670 scripta
876 1591 1104 1666 transcribens,
1121 1608 1181 1671 pao
1202 1589 1310 1654 lubitu
1330 1592 1474 1667 adauxit,
1495 1592 1554 1654 bre

463 1693 573 1766 viavit,
596 1692 820 1772 corrupitque.

543 1790 737 1870 Praeterea,
770 1811 845 1857 eum
867 1792 1006 1872 amplius
1027 1810 1068 1855 ex
1099 1794 1265 1874 proposito
1289 1793 1426 1856 velimus
1453 1791 1556 1856 codicis

462 1912 487 1954 s.
505 1890 661 1974 Martyris
677 1901 709 1955 et
722 1894 794 1956 binc
812 1891 975 1955 Versionis
991 1890 1192 1954 llnilinianae
1207 1892 1376 1972 praeferre
1391 1893 1556 1964 lectionem,

461 2003 493 2056 ct
513 1992 648 2056 alterius
671 2000 740 2056 tum
762 1993 1068 2072 interpolationem,
1092 2002 1163 2055 tum
1183 1993 1305 2055 adserti
1325 1993 1493 2056 falsitatem
1511 1990 1557 2052 ad·

462 2102 611 2172 struere3
634 2093 781 2156 omnibus
803 2094 834 2154 in
857 2093 968 2171 primis
988 2102 1128 2166 constet,
1149 2095 1440 2174 quantulumque
1454 2092 1557 2174 perspi·

462 2197 583 2258 cultata
603 2211 710 2256 sermo
726 2193 842 2256 incedit
866 2191 986 2256 Rudini
1009 2195 1039 2255 in
1065 2195 1222 2257 versione.
1245 2193 1404 2274 Origenes
1423 2196 1501 2256 cuin
1519 2209 1560 2254 re·

255 2345 263 2398 ἰ
335 2377 337 2380 ¹
463 2313 593 2357 censam
614 2295 818 2357 ethnicorum
840 2294 961 2356 somnia
984 2294 1024 2356 de
1039 2294 1222 2358 animarum
1246 2295 1516 2375 transmigratione
1532 2292 1558 2352 iu

463 2397 552 2457 varia
574 2395 784 2458 animantium
799 2413 951 2476 corpora,
975 2395 1180 2486 ita0dispenit
1200 2397 1517 2474 argumentationem,
1530 2401 1559 2456 ut

464 2496 607 2560 notiones
629 2497 794 2576 generales
808 2497 849 2559 de
871 2497 931 2558 bac
952 2513 989 2558 re
1006 2502 1098 2558 antea
1117 2497 1313 2574 praemittat,
1329 2497 1487 2576 inquiens,
1506 2492 1560 2554 tui

464 2615 531 2659 mas
553 2598 708 2660 bumauas
731 2597 907 2660 universim
935 2597 1030 2677 Juxta
1053 2596 1214 2677 cujusque
1235 2615 1350 2659 earnm
1377 2600 1480 2660 varias
1498 2612 1558 2676 pra

466 2698 602 2774 vitales,
636 2698 669 2760 iu
689 2698 817 2762 diversa
838 2716 974 2779 quoque
1004 2697 1194 2760 animalium
1224 2715 1366 2778 corpora
1395 2695 1556 2760 transient

464 2797 592 2864 Sciebat
612 2817 751 2878 namque
766 2817 807 2862 ex
829 2800 1020 2863 eorumdem
1039 2799 1243 2861 ethnicorum
1266 2797 1387 2862 tabulis
1408 2798 1560 2878 Origenes,

468 2916 527 2980 pro
551 2902 705 2962 varietate
718 2907 751 2961 et
771 2900 929 2979 qualitate
951 2899 1159 2972 delictorum,
1176 2899 1346 2960 animabus
1361 2907 1434 2978 post
1453 2899 1560 2962 obitura

467 2999 625 3078 eorporis,
650 2999 738 3061 varia
761 3000 910 3078 deputari
925 3000 1137 3062 animantium
1159 3016 1309 3078 corpora.
1335 2997 1377 3062 Et
1396 3001 1429 3062 iu
1450 3001 1495 3062 bis
1511 3003 1563 3062 stet

468 3100 614 3162 dictionis
634 3099 728 3163 ordo.
764 3098 803 3161 lit
822 3101 870 3162 sic
889 3100 921 3161 iu
941 3101 1153 3180 sequentibus
1185 3100 1395 3163 uniformiter
1415 3099 1562 3181 praelatis,

468 3198 562 3262 doum
584 3199 746 3261 bominem
767 3215 825 3278 per
845 3199 1085 3278 negligentiam,
1108 3207 1166 3261 ant
1188 3199 1383 3278 imperitiam
1403 3200 1435 3261 iu
1455 3199 1564 3262 actibus

468 3301 534 3364 suis
548 3298 617 3361 fleri
640 3315 702 3362 nun
718 3301 852 3379 proprie
864 3300 919 3361 sed
943 3317 1002 3378 per
1016 3298 1280 3362 assimilationem
1298 3299 1404 3362 veluti
1417 3318 1511 3379 pecus
1528 3300 1563 3359 ir

469 3399 648 3462 rationale:
671 3399 965 3478 quemadmodum,
984 3401 1069 3478 siqui
1090 3400 1294 3462 irrationales
1314 3400 1488 3480 aliquando
1507 3399 1564 3460 luc·

470 3501 534 3561 rint
554 3507 586 3561 et
607 3499 758 3578 imperiti,
782 3499 853 3562 deri
875 3499 989 3562 deinde
1011 3501 1186 3563 rationales
1206 3510 1240 3562 et
1261 3501 1450 3580 prudentes.

548 3597 600 3662 Ex
614 3599 751 3660 adverso
772 3609 881 3662 autem
899 3600 1115 3680 bis-loquitur
1130 3608 1163 3662 et
1184 3602 1309 3663 excutit
1324 3600 1452 3663 Auctor
1472 3607 1565 3661 textus

470 3701 576 3778 graeci
597 3700 638 3760 ab
660 3697 780 3761 fluctio
795 3699 893 3780 editi3
915 3703 972 3780 qui
995 3703 1138 3763 notiones
1154 3700 1319 3779 generales
1341 3702 1381 3763 de
1401 3703 1565 3764 saimamm

471 3801 748 3878 transmigratione
779 3801 948 3864 contundit
977 3800 1256 3880 peculiaribus-ac
1288 3800 1426 3864 definitis
1455 3806 1565 3867 eontra,

470 3917 551 3978 quas
574 3899 721 3961 tenebant
742 3900 945 3981 philosophi,
977 3901 1184 3964 adsertiones.
1207 3900 1326 3965 Scribit
1351 3903 1437 3963 euim
1462 3901 1567 3962 animas

471 4007 540 4079 post
568 4019 761 4080 corporeum
785 4002 954 4065 decessum
986 3998 1178 4064 transiretis
1204 4018 1335 4080 corpora
1354 4001 1475 4064 reniae
1489 4011 1568 4078 peaes

470 4101 612 4162 malitiae
629 4100 830 4178 pravitatem,
845 4103 932 4183 quud
956 4102 1073 4164 falsum
1094 4111 1152 4164 cst.
1169 4099 1242 4164 Nun
1263 4102 1348 4162 euim
1367 4103 1410 4161 itn
1429 4099 1569 4180 putabant

473 4211 609 4264 veteres.
634 4201 744 4276 Plato,
767 4205 871 4282 iuquit
884 4203 1037 4277 Servius,
1057 4209 1248 4281 perpetuam
1272 4208 1358 4264 tenet
1377 4204 1521 4271 animam,
1540 4200 1567 4256 et

470 4301 508 4362 ad
526 4301 652 4364 diversa
674 4319 813 4382 corpora
837 4303 1006 4366 transitum
1024 4302 1130 4364 lacere
1149 4301 1256 4362 statim
1279 4318 1339 4380 pro
1360 4302 1481 4365 meritis
1499 4299 1569 4358 vinc

473 4402 589 4480 prioris
599 4421 610 4479 3
627 4412 659 4464 et
680 4403 752 4464 binc
775 4403 958 4477 iracundas,
973 4412 1007 4464 et
1029 4401 1167 4464 turtoms
1185 4410 1218 4463 et
1241 4418 1372 4480 rapaces
1385 4402 1513 4471 animas,
1525 4394 1567 4455 ln·

478 4516 593 4579 porum
616 4501 799 4564 etiannum
822 4501 1128 4580 curpurainduere.
1159 4497 1252 4576 Quae
1275 4518 1353 4566 vero
1374 4503 1569 4580 intemperan-
