3375 5567
162 743 308 807 emssrlts
327 751 465 808 noturus
478 744 590 809 siletis
611 763 675 809 non
696 748 899 810 ministrant:
919 754 952 811 et
973 753 1069 811 erunt
1090 744 1224 825 eogendi
1239 745 1280 807 su

162 845 289 925 nuptias
308 863 431 923 omnes,
451 849 509 928 qui
529 848 707 912 seeundum
730 847 900 928 Evangelii
912 847 1012 928 teges,
1033 847 1208 926 semetipsos
1228 865 1280 908 eo·

161 955 341 1010 urserunt
358 958 487 1029 propter
505 967 638 1030 reprom
661 949 737 1024 oet,
768 950 920 1014 nubentes
941 951 1081 1030 exempti
1104 950 1203 1030 huius
1222 965 1281 1012 nu·

163 1057 288 1112 etorem
309 1067 384 1114 enm
407 1053 527 1116 multos
547 1049 629 1115 otios
648 1061 857 1128 sanctornm,
874 1059 944 1116 tum
970 1054 1069 1114 etism
1090 1053 1196 1131 ipsum
1218 1048 1283 1113 lio·

164 1152 286 1214 minnm
297 1150 409 1216 Iesum
432 1164 493 1216 ete.
504 1173 520 1210 r
532 1153 582 1218 nx
599 1156 771 1234 tristisque
787 1156 958 1235 percipies,
974 1153 1104 1234 qualem
1120 1152 1282 1217 dominico

164 1253 251 1315 dieto
269 1250 327 1332 qui
339 1271 371 1316 ss
384 1265 605 1319 eostrooersnt
616 1267 747 1336 proptor
767 1274 900 1337 repetem
921 1254 981 1319 Dei
1000 1256 1193 1320 concesserit
1211 1271 1283 1316 sen·

163 1371 235 1417 sum
256 1353 429 1435 Origenes:
449 1359 534 1420 untle
555 1359 609 1421 rix
625 1358 824 1421 eredendum
839 1367 900 1433 esi,
917 1358 1021 1438 ipsum
1036 1354 1214 1420 seeundum
1230 1355 1281 1417 lii·

165 1460 267 1515 terem
289 1456 486 1536 quandoque
499 1456 582 1520 illuri
602 1458 927 1534 animadvertentem,
943 1457 1031 1521 serni
1052 1473 1131 1520 sune
1154 1456 1216 1520 lroe
1237 1458 1283 1518 in·

167 1554 279 1618 tulisse
300 1558 428 1620 vitium.

243 1653 303 1718 llis
314 1660 509 1736 praemissis,
533 1660 618 1723 unte
638 1661 774 1740 digressi
791 1678 920 1737 sumus,
942 1670 1150 1724 revertemur
1168 1658 1209 1720 sd
1222 1657 1286 1722 To·

166 1772 254 1818 mum
275 1755 347 1821 XV.
370 1777 401 1820 n,
424 1759 448 1820 t.
471 1761 526 1823 ubi
548 1780 611 1822 non
632 1763 750 1838 obiter,
768 1764 823 1827 setl
844 1771 1000 1826 seeurste
1020 1761 1061 1824 ult
1081 1761 1151 1840 ipso
1171 1759 1285 1838 Orige-

168 1872 205 1916 ne
224 1855 426 1936 disputatum
447 1870 496 1924 est
515 1862 556 1925 (te
578 1864 668 1924 rsrio
688 1863 918 1942 eunuchorum
940 1879 1073 1942 genere,
1097 1877 1158 1924 uun
1182 1863 1285 1923 eonsi-

169 1953 316 2021 ‹ternntes
338 1962 456 2023 veteris
474 1961 594 2024 tnttnee
618 1960 894 2041 interpretationis
918 1961 1107 2024 rsrieistem
1132 1975 1285 2038 ngrneeo

167 2052 271 2120 'lexin
283 2077 296 2136 3
318 2077 356 2121 se
377 2061 518 2140 emptius
539 2063 698 2140 seruitii,
722 2079 799 2124 num
822 2079 865 2124 ex
888 2062 950 2124 hoe
972 2059 1082 2122 (tisino
1104 2059 1287 2122 testimonio

168 2155 323 2236 Origenes
350 2170 557 2241 praetextum
589 2164 763 2226 deduxerit
784 2162 844 2225 sibi
868 2162 995 2226 seesndi
1017 2160 1187 2240 genitalis,
1217 2161 1287 2222 sire

168 2257 227 2318 stis
249 2264 376 2325 rstione
397 2266 543 2342 corporis
571 2267 623 2327 sni
644 2263 894 2343 pessumdsndi,
926 2263 1026 2325 vetuti
1048 2261 1133 2323 isms
1155 2262 1195 2326 tle
1215 2263 1286 2339 ipso

170 2367 245 2423 tune
263 2362 420 2437 invaluit,
442 2373 476 2426 et
497 2383 602 2444 nsque
623 2367 719 2427 mutto
740 2363 918 2426 invatescit.
952 2361 1000 2425 ne
1021 2364 1149 2426 iuterim
1170 2361 1286 2426 tentori

170 2461 363 2538 niterentur,
383 2482 468 2544 quse
489 2467 587 2528 trudit
609 2475 701 2530 vetus
725 2466 910 2546 interprete
928 2485 945 2524 r
962 2474 1038 2527 sorst
1059 2462 1211 2538 eunuchi,
1231 2466 1288 2545 qui

172 2577 209 2622 rx
227 2571 318 2626 utere
335 2564 449 2630 notris
478 2585 554 2630 tuoe
573 2565 645 2628 noti
665 2576 743 2629 sust
763 2565 823 2628 sie.
847 2565 890 2629 Et
909 2575 986 2629 sunt
1006 2563 1152 2640 ernusti,
1174 2564 1232 2645 qui
1250 2565 1290 2628 ott

170 2661 342 2728 inminibus
355 2665 436 2747 loeti
455 2675 541 2730 sunt.
566 2666 694 2730 litrssst
713 2664 851 2729 ernusti
870 2663 927 2746 qui
945 2663 1062 2746 seipsos
1079 2664 1234 2726 ensurius
1246 2666 1291 2746 se·

171 2773 277 2826 rerunt
286 2774 419 2844 prepter
433 2783 565 2846 reperim
584 2767 750 2828 coelorum.
768 2762 833 2839 Orsi
844 2775 943 2843 potest
962 2783 1073 2844 sopore
1086 2761 1201 2844 copim.
1220 2763 1289 2826 Pri·

174 2879 308 2943 usquem
328 2885 531 2945 exponemus
551 2884 637 2948 quse
657 2868 749 2929 nobis
762 2866 957 2929 ridentnrln
969 2865 1056 2941 ineu,
1078 2873 1190 2927 notum
1213 2863 1290 2927 luet·

174 2965 408 3030 mundussesse
417 2970 632 3047 expositiones
642 2967 706 3031 lost
718 2969 820 3030 istius.
830 2965 1057 3042 Quorumdam
1067 2965 1198 3045 quidem
1208 2963 1290 3027 (iuss

173 3068 454 3130 nunuetsirstiones
474 3069 622 3131 ceruales
641 3068 850 3147 uspicientes,
873 3069 965 3146 qussi
988 3075 1222 3147 consequenter
1243 3066 1288 3126 di·

173 3181 243 3228 sere
262 3170 496 3243 existimatos,
520 3169 590 3231 eust
612 3179 688 3232 sunt
711 3172 809 3231 etism
834 3170 962 3231 tertium
986 3168 1287 3231 eunuchizationem

174 3266 278 3331 tlieere
299 3269 517 3347 serpentem,
536 3276 667 3349 utpute,
681 3271 706 3331 si
730 3278 866 3349 propter
887 3271 1034 3332 timorem
1057 3264 1114 3329 net
1135 3283 1290 3345 corporo·

175 3365 246 3428 iiter
265 3371 504 3448 eunuchizent3
519 3378 551 3432 et
572 3369 764 3451 objecerunt
783 3389 819 3434 se
839 3370 1022 3451 opprobriis
1042 3377 1075 3430 st
1095 3365 1290 3430 confusioni·

176 3465 232 3530 bns
251 3486 315 3531 non
335 3471 442 3532 sotum
470 3471 558 3549 sputi
580 3472 702 3534 stienos
723 3471 815 3546 unet,
836 3472 895 3534 snit
918 3471 1014 3534 etism
1035 3467 1120 3548 spuit
1143 3487 1210 3542 eos,
1233 3471 1290 3547 qni
1311 3509 1320 3526 .

176 3567 369 3646 ignorentine
391 3571 556 3635 hominum
577 3578 745 3651 ignoscere
764 3574 880 3635 soient.

252 3675 345 3736 oniti
360 3685 470 3737 sutem
485 3682 517 3736 et
532 3675 685 3753 plerique
699 3675 745 3736 sie
758 3672 991 3735 intellexerunt
1007 3688 1070 3732 non
1085 3672 1291 3732 discutientes

178 3771 303 3835 nudum
325 3776 573 3852 consequentiae
590 3775 788 3836 verborum:
807 3775 887 3836 dnos
902 3772 1031 3851 quidem
1048 3771 1289 3834 eunuchizatio·

178 3884 228 3932 ties
241 3875 366 3951 priores
379 3875 529 3937 similiter
549 3874 969 3954 prioribus-expositoribus
992 3872 1137 3934 carnutes
1159 3891 1228 3933 esso
1242 3871 1288 3932 di·

179 3983 304 4050 xerunt,
327 3983 359 4038 et
374 3975 453 4037 nihii
473 3977 663 4054 spirituliter
684 3975 927 4056 intelligendum
943 3976 973 4035 in
995 3975 1061 4036 eis:
1080 3975 1207 4035 tertium
1230 3991 1287 4035 su·

179 4075 237 4133 iem
265 4076 567 4140 sunnebiretionem
589 4078 744 4140 dixerunt
773 4097 813 4139 ex
837 4077 959 4149 verbo,
982 4093 1045 4136 nun
1068 4075 1287 4153 corporalem,

181 4177 304 4250 quantu
323 4195 380 4255 spe
411 4179 501 4256 regui
526 4178 675 4241 eoelestis
696 4195 713 4239 s
745 4179 949 4240 severissimo
972 4175 1071 4238 verbo
1101 4175 1291 4252 praecidunt

181 4280 450 4357 concupiscentiae
470 4279 661 4359 passionem.
677 4277 717 4341 Et
740 4279 834 4358 primi
857 4278 986 4357 quidem
1011 4276 1085 4336 laeti
1106 4283 1182 4337 sunt
1204 4291 1291 4335 smn-

183 4381 263 4439 tores
282 4380 488 4458 evangelicoe
517 4381 667 4454 titterse,
695 4389 727 4441 et
748 4397 811 4441 non
832 4377 1046 4456 intelligentes
1075 4376 1162 4454 quod
1193 4375 1288 4436 etism

183 4472 255 4538 ttnee
275 4481 307 4542 iu
328 4483 490 4562 pnrsbotis
510 4482 641 4545 locutus
662 4487 711 4544 ost
730 4479 845 4555 lesus,
869 4484 1104 4558 consequenter
1124 4475 1289 4556 prioribus
