3375 5567
478 668 498 731 8

437 668 541 835 ²eiiam
562 774 816 853 intelligentiam.
833 773 875 838 Et
890 776 1026 841 fortasse
1041 779 1071 841 iu
1090 781 1138 843 bis
1153 782 1216 841 erit
1238 780 1362 860 aliquid
1378 784 1533 862 reprobes·

438 874 575 937 dandum
589 873 606 939 'l
621 871 758 951 Quando
772 880 857 940 enim
881 884 1091 959 praemittens
1104 898 1138 942 se
1156 882 1310 945 historiae
1334 900 1458 947 sensum
1477 903 1533 946 ser·

438 994 525 1052 vare,
544 980 733 1058 priusquam
750 979 788 1041 ed
804 980 1018 1060 allegoricum
1032 990 1064 1043 et
1080 983 1236 1045 moralem
1251 991 1402 1058 trsnseat,
1413 984 1483 1064 jure
1495 1004 1535 1047 ss-

436 1082 626 1160 pionterque
651 1098 824 1159 exegeseos
846 1081 982 1144 biblicae
996 1082 1083 1161 leges
1097 1082 1272 1145 custoditil
1287 1083 1535 1164 irreprebensibi-

436 1182 512 1243 liter
527 1185 557 1244 in
573 1184 632 1245 bac
648 1194 679 1245 ct
695 1180 725 1244 in
747 1185 863 1245 celeris
885 1182 1046 1247 Homiliis.
1066 1185 1209 1264 ideoque
1229 1204 1305 1247 curn
1321 1188 1402 1249 baec
1414 1187 1536 1250 obteste-

437 1293 504 1356 tur,
524 1286 596 1362 quis
611 1294 722 1346 contra
740 1302 813 1346 eum
832 1285 960 1346 veniens
977 1286 1133 1349 mendacii
1156 1285 1361 1365 redarguerit
1372 1286 1389 1349 'l
1402 1285 1537 1368 Eumque

437 1386 634 1463 corripuerit
659 1387 703 1448 uti
727 1403 896 1449 sacrarum
919 1386 1165 1466 Scripturarum
1187 1389 1465 1467 depravatorem?

516 1485 644 1562 Quanto
669 1505 746 1549 vero
765 1488 841 1569 jure
863 1488 1019 1551 adversus
1040 1490 1122 1552 banc
1143 1489 1366 1553 dimicavimus
1386 1510 1412 1553 s.
1437 1489 1539 1553 Eusta-

439 1588 495 1649 tbii
526 1588 778 1650 criminationem
802 1589 832 1649 in
862 1586 1036 1667 Origenem
1057 1591 1181 1666 letam,
1204 1593 1386 1654 constiterit
1411 1592 1537 1670 amplius

437 1707 539 1767 quum
555 1689 593 1748 ad
610 1706 645 1749 ea
661 1690 935 1765 contenderimus,
950 1708 1035 1770 qnae
1050 1689 1163 1755 Celsus
1183 1694 1367 1755 christianis
1379 1693 1538 1773 objiciebat

437 1789 477 1850 de
499 1789 629 1851 historia
655 1787 918 1853 Patriarcburum
939 1810 980 1854 ex
1003 1787 1101 1853 Libro
1122 1789 1255 1856 Genesis
1263 1811 1274 1870 3
1298 1810 1444 1873 qnorum
1464 1799 1538 1872 gesta

439 1892 495 1951 ille
524 1888 636 1954 Celsus
658 1890 821 1964 refulans,
851 1909 911 1954 ceu
933 1889 1013 1953 laisa
1040 1893 1277 1965 contemnebat,
1299 1912 1340 1957 ex
1369 1892 1468 1956 Libro
1494 1889 1542 1955 ll.

440 2010 469 2053 n.
491 1989 542 2055 ct.
566 1992 711 2071 inquiens
725 2015 734 2052 s
750 1990 886 2069 judaeos
911 1988 1011 2070 [uisse
1032 2010 1137 2055 servos
1156 1990 1331 2072 fugitiuos,
1352 2012 1394 2055 ex
1418 1994 1541 2073 Aegypto

435 2109 585 2169 sprersos,
607 2087 708 2153 nuliis
731 2108 874 2171 capuam
894 2090 984 2153 rebus
1004 2090 1098 2172 pestis
1120 2090 1275 2172 insignes,
1298 2093 1390 2155 atilio
1409 2092 1447 2157 ist
1472 2095 1540 2165 loco,

438 2192 528 2255 nullo
548 2190 584 2253 its
605 2208 735 2253 numero
748 2189 878 2253 labiim.
900 2189 940 2255 Et
955 2193 1055 2271 paulo
1076 2202 1193 2271 postu.
1213 2191 1255 2258 33
1270 2191 1341 2268 lttr',
1362 2196 1479 2276 inquit,
1497 2212 1542 2273 ag·

438 2292 538 2372 gressi
557 2311 645 2357 suam
665 2310 764 2373 espec
783 2313 804 2355 a
820 2291 939 2371 primis
957 2292 1178 2373 impostoribus
1197 2304 1226 2356 ct
1239 2293 1406 2357 emonibass
1422 2304 1542 2376 repetere

438 2391 605 2472 originem,
626 2394 788 2466 obscuras,
809 2392 985 2472 crabt'ptsas,
1008 2393 1141 2457 tenebris
1161 2394 1322 2459 menium
1345 2414 1435 2459 ancer
1457 2395 1491 2460 s'r
1508 2404 1543 2456 tr·

438 2494 617 2558 stimonium
637 2496 814 2567 odducmd,
834 2512 947 2575 casque
968 2493 1123 2575 imperitia
1143 2506 1171 2558 ct
1190 2495 1323 2559 rudibus
1348 2496 1545 2576 interpretra-

440 2608 513 2670 terr,·
535 2596 681 2677 quemuis
701 2598 738 2659 de
757 2596 912 2678 ejusmodi
931 2615 964 2657 rc
984 2598 1094 2663 meltis
1114 2609 1188 2661 osse
1208 2598 1322 2662 reculis
1342 2601 1437 2663 nella
1458 2593 1545 2679 {serit

441 2698 664 2763 controversia.

521 2800 602 2865 Cum
625 2805 656 2863 in
681 2803 739 2865 ista
766 2802 941 2867 inlidelinm
964 2803 1108 2866 convicia
1142 2811 1292 2882 surgeret
1316 2801 1419 2865 fidelis
1441 2800 1545 2881 Orige-

443 2922 497 2965 nes
520 2902 686 2967 relellendi
702 2922 812 2980 causa,
828 2922 867 2967 ac
882 2922 945 2968 nna
962 2904 1163 2967 mendacium
1185 2902 1387 2979 confutandi,
1403 2915 1435 2968 et
1454 2902 1543 2983 probe

441 3007 543 3069 aciens
564 3023 627 3069 non
650 3016 725 3070 tnnc
746 3006 804 3069 sibi
827 3008 896 3085 pios
918 3005 1122 3070 instruendos
1147 3022 1230 3081 ease,
1252 3023 1312 3069 nec
1332 3006 1501 3069 reseranda
1519 3007 1546 3067 in

442 3108 585 3171 ecclesiia
610 3110 761 3192 mysteria
779 3105 942 3171 Historiae
963 3108 1136 3181 mosaicae,
1154 3105 1203 3167 bis
1223 3108 1477 3186 praetermissis3
1491 3103 1546 3169 sol·

442 3210 551 3273 licitus
580 3210 737 3273 adversus
759 3211 858 3292 bajus
883 3210 1036 3272 historiae
1063 3207 1320 3283 obtrectatores,
1343 3208 1415 3289 eius
1442 3208 1545 3270 verin-

444 3324 506 3375 lem
529 3321 710 3393 propugnat
732 3311 873 3386 lorliter,
895 3312 1038 3375 scribens
1062 3332 1093 3375 o.
1116 3310 1155 3377 al
1170 3334 1179 3374 ε
1196 3334 1214 3371 s
1230 3312 1272 3375 At
1294 3311 1433 3392 iudaeos
1453 3324 1545 3387 oeque

442 3432 554 3477 servos
578 3414 751 3495 fugitivos,
775 3430 880 3492 neque
910 3415 1076 3498 aegyptios
1097 3413 1209 3487 luisse,
1231 3410 1287 3477 aed
1315 3412 1484 3485 hebraeos,
1496 3407 1545 3488 qni

443 3518 474 3577 in
495 3516 677 3599 Aegyptum
693 3524 929 3588 concesserant,
949 3515 1016 3595 jam
1031 3523 1123 3577 antea
1145 3515 1298 3577 diximus.
1318 3513 1351 3578 Si
1365 3510 1545 3577 autemillos

444 3614 536 3679 nulio
558 3618 588 3677 in
610 3616 707 3693 loco,
730 3617 822 3678 nullo
844 3617 875 3677 in
897 3634 1034 3679 numero
1056 3616 1182 3680 babilas
1204 3616 1302 3679 luisse
1332 3615 1408 3678 inde
1428 3610 1545 3695 pmbari

444 3726 549 3795 putat,
562 3719 648 3797 qnod
665 3736 781 3781 eorum
804 3718 957 3781 historiae
973 3735 1035 3780 non
1056 3717 1171 3781 crebra
1187 3717 1364 3781 admodum
1387 3716 1468 3779 lacta
1487 3716 1545 3775 ios·

445 3819 488 3882 rit
518 3837 535 3879 a
564 3818 776 3899 scriptoribus
805 3821 930 3899 graccis
961 3819 1104 3897 mentio;
1128 3819 1285 3882 dicemus.
1313 3818 1347 3884 Si
1372 3820 1457 3881 enim
1482 3814 1544 3895 quis

444 3920 651 3983 coustitutum
673 3938 787 3984 eorum
809 3920 850 3982 ab
873 3919 963 3983 initio
984 3920 1182 4000 reipublicae
1203 3920 1364 3993 sormam,
1386 3919 1545 3998 legumque

443 4019 683 4099 dispositionem
705 4022 894 4099 inspexerit,
917 4022 1058 4084 inveniet
1072 4020 1170 4085 inisse
1192 4022 1350 4095 bomines,
1367 4020 1424 4099 qui
1443 4021 1474 4079 in
1493 4026 1547 4077 ter·

444 4136 480 4181 ra
502 4120 675 4185 coelestem
699 4121 796 4185 tilam
818 4130 1118 4202 repraesentarent,
1142 4124 1199 4202 qni
1220 4139 1284 4184 non
1313 4122 1440 4193 alium,
1459 4132 1545 4198 qnam

444 4239 610 4289 summum
632 4221 735 4286 Deum
757 4230 1000 4303 cognoscerent,
1022 4225 1081 4302 qni
1101 4241 1213 4286 omnes
1232 4222 1410 4303 imaginum
1422 4216 1546 4285 artitiocs

445 4322 645 4402 ablegarent.
670 4344 687 4381 a

527 4423 648 4489 Deinde
668 4425 776 4505 quoad
796 4426 971 4490 secundam
991 4426 1205 4490 accusationis
1221 4434 1345 4507 partem
1366 4443 1397 4488 a.
1418 4420 1465 4487 33.
1478 4415 1542 4483 sab

446 4525 542 4590 debat
562 4525 730 4607 Origenes:
753 4547 769 4587 a
790 4524 855 4591 Hic
875 4529 953 4591 mibi
974 4529 1113 4594 obscure
1134 4529 1264 4592 omuino
1284 4544 1379 4592 suam
1391 4522 1541 4605 apernisse
