3375 5567
235 654 288 723 iiio
306 660 442 734 aretin
463 658 576 724 transit
596 655 836 725 aimonium
858 654 1065 721 rationaitnrn
1094 656 1262 738 moisio

152 779 226 841 ‚pan
242 762 381 825 boninus
399 761 580 837 constituit,
600 758 645 826 ita
658 760 815 825 reubero:
838 757 913 823 «itt
936 777 1028 835 rero,
1042 762 1101 839 qni
1121 757 1162 824 ie
1173 766 1261 823 atain

174 862 274 942 prinae
292 862 498 927 beatitudinis
519 863 598 928 rnoti
611 861 743 945 quidem
761 867 852 937 aunt,
867 879 931 924 noa
953 870 1058 925 tamen
1073 860 1262 925 irremedia-

172 962 260 1025 tttiter
278 963 368 1038 aneti,
391 962 468 1041 iiiia,
483 981 567 1043 quoe
586 980 686 1043 snpra
700 960 947 1042 descripsimus,
962 960 1078 1024 saneti·
1092 960 1261 1041 beatisque

171 1062 315 1127 ordinibus
334 1063 538 1145 nomenonii
557 1063 695 1144 anbjeeti
715 1070 791 1127 sunt
810 1079 850 1127 ao
871 1060 1012 1142 repenti.
1036 1057 1187 1151 Quorum
1207 1062 1264 1125 ai·

168 1164 273 1243 intorto
292 1163 355 1240 noi,
376 1172 412 1227 et
424 1164 679 1229 institutionibus
697 1180 737 1227 ao
749 1161 925 1244 iiaeipliois
946 1160 1145 1231 salutaribus
1157 1163 1260 1227 reior-

171 1262 250 1340 nai,
270 1264 378 1329 retine
398 1281 439 1328 ae
459 1266 586 1330 reatttoi
606 1265 647 1328 att
660 1271 782 1332 oraton
800 1281 881 1331 onae
902 1263 1108 1329 beatitudinis
1129 1266 1260 1345 poooint.
1283 1264 1290 1279 '
1326 1270 1372 1297 “⁸

169 1363 211 1428 Er
226 1365 340 1446 quibus
359 1367 534 1443 existimo,
556 1373 654 1449 prout
673 1384 735 1447 epo
754 1367 874 1431 oentire
895 1384 1046 1448 mann,
1068 1366 1156 1431 bnon
1176 1366 1264 1433 ortti-

170 1484 227 1531 ω
243 1467 373 1532 bomani
388 1470 515 1549 pererio
536 1469 732 1543 institutum,
747 1467 804 1550 qni
824 1470 941 1549 ntique
954 1466 986 1529 in
1008 1465 1124 1532 tuturo
1134 1468 1261 1545 nonio,

171 1569 210 1631 ret
232 1569 533 1651 supervenientibus
552 1570 693 1647 neentis,
714 1584 791 1634 enan
822 1568 951 1633 eoelum
973 1586 1094 1633 eornm
1114 1577 1148 1633 et
1173 1577 1265 1633 terra

172 1686 238 1734 nora
254 1671 435 1734 motura
457 1667 572 1735 tentare
592 1671 677 1746 erit,
698 1670 892 1735 restituetur
912 1670 944 1732 in
975 1668 1065 1733 ittam
1085 1670 1264 1747 unitatem,

171 1786 250 1848 qoam
269 1773 432 1852 promittit
452 1768 608 1835 Dominna
622 1768 719 1837 teano
733 1770 856 1836 dieenor
872 1788 937 1833 eoa
954 1790 1015 1853 pro
1027 1768 1099 1835 irtio
1118 1789 1194 1853 rope
1214 1790 1265 1835 no-
1287 1808 1290 1813 -

171 1871 234 1950 ton,
251 1874 303 1935 sed
329 1880 359 1935 et
381 1890 444 1953 pro
462 1869 619 1948 mrbus,
638 1871 698 1953 qut
716 1870 871 1937 meteri
892 1880 969 1937 cotti
987 1890 1049 1954 per
1070 1872 1196 1939 verbum
1214 1892 1263 1937 en·

172 1988 230 2033 nrt
245 1969 280 2034 ita
301 1990 375 2049 ene,
398 1980 434 2035 ut
454 1988 558 2034 oroneo
583 1988 685 2033 naum
701 1972 793 2044 rint,
815 1968 900 2035 dant
920 1989 975 2053 epo
995 1970 1031 2035 ia
1051 1980 1079 2036 te
1099 1970 1208 2051 Peter,
1235 1982 1265 2035 et

172 2070 245 2135 teio
262 2092 329 2137 one:
348 2072 401 2137 t'to
420 2082 451 2135 et
468 2070 523 2137 tati
543 2071 580 2135 ia
598 2070 688 2135 noto
707 2092 809 2137 enom
828 2071 895 2137 aiot
914 2080 976 2139 ete.
998 2094 1015 2135 a

232 2174 273 2239 lit
284 2179 317 2240 in
332 2177 396 2241 boo
408 2192 523 2242 rerera
536 2182 599 2251 eat,
613 2192 681 2254 qno
695 2173 836 2239 otienans
849 2172 1080 2259 Hieronymo,
1094 2176 1164 2241 oire
1177 2178 1265 2260 qub-

172 2279 228 2356 roio
244 2278 327 2344 atter
347 2276 449 2358 bnjna
469 2276 641 2357 pericopae
661 2277 833 2357 interpres,
856 2276 1042 2341 existimant
1068 2279 1265 2347 robotanttao

172 2378 310 2458 uertitur
329 2378 377 2443 ibi
397 2376 674 2459 comprehendere
694 2376 936 2443 Adamantinm.
955 2374 1045 2454 Qnao
1065 2381 1158 2460 quast
1179 2380 1266 2447 ieet·

173 2478 262 2545 tenter
280 2498 299 2544 a
319 2481 422 2555 bono,
443 2480 477 2541 in
495 2496 596 2558 quoa
617 2474 687 2544 Deo
701 2478 849 2543 conditae
868 2486 956 2557 eunt,
973 2486 1072 2561 atque
1087 2482 1119 2543 io
1135 2481 1267 2549 inemo·

172 2594 213 2641 ae
226 2598 329 2645 reraaa
343 2570 530 2662 potaverit:
545 2586 579 2642 et
592 2578 791 2662 quandoque
807 2581 835 2643 oi
859 2578 1034 2658 notuerint,
1056 2583 1178 2645 reverti
1194 2600 1268 2664 poe-t
1298 2614 1303 2625 ·

173 2698 198 2743 re
213 2682 248 2743 ai
269 2682 444 2764 pristinum
465 2681 496 2743 in
517 2679 604 2745 bono
623 2689 757 2758 atatem,
779 2681 866 2750 onie
885 2681 1082 2765 deciderint,
1098 2700 1136 2749 ao
1157 2684 1267 2751 denno

173 2783 283 2863 suom
309 2783 384 2847 tieri
404 2782 488 2847 eneti
509 2781 691 2863 participer.
712 2781 813 2847 Sienti
844 2791 878 2846 et
897 2782 1046 2847 similiter
1066 2783 1106 2847 rie
1127 2784 1268 2851 homrnt-

172 2882 218 2947 bon
236 2886 384 2951 intnrnm
405 2903 475 2949 eaeo
495 2884 553 2960 ait,
577 2894 614 2948 nt
634 2885 667 2948 io
689 2885 844 2966 angelon,
867 2903 926 2949 seu
947 2885 1118 2951 daemones
1141 2895 1266 2952 routen-

174 2990 216 3048 tnr
230 2995 288 3052 ete.
310 2986 415 3051 reloti
435 2985 574 3067 legimns
595 2986 626 3049 in
647 2987 743 3050 eitota
767 2984 924 3068 Epistola.
1045 2990 1050 2997 '

237 3086 467 3153 Verumtamen
487 3087 529 3149 ab
551 3088 612 3151 bae
625 3087 890 3168 interpretatione
911 3087 1007 3169 longe
1018 3090 1145 3169 penitus
1165 3108 1201 3155 ae
1213 3093 1269 3154 ba·

174 3184 215 3251 bet
229 3188 375 3270 (trigenis
397 3205 496 3251 meno.
519 3184 668 3268 Namque
685 3188 780 3270 juxto
802 3189 1001 3271 propositam
1016 3189 1055 3255 ie
1076 3191 1184 3258 mundi
1204 3192 1268 3257 bon

174 3294 397 3367 toutonem,
421 3290 514 3357 bone,
527 3288 618 3353 initio
637 3291 774 3355 similem
794 3310 876 3365 ease,
898 3290 955 3368 ait,
979 3298 1129 3373 oportet,
1152 3302 1186 3359 et
1206 3295 1270 3361 boe

174 3405 221 3467 par
236 3389 353 3457 Cirriati
376 3391 592 3471 triumphum,
615 3392 752 3473 eiusque
772 3392 805 3455 in
826 3390 975 3456 omnibns
996 3392 1267 3479 dominationem

118 3568 119 3581 ἵ
175 3491 243 3554 note
262 3502 368 3559 morte
389 3493 567 3571 destructo,
579 3510 619 3557 ae
634 3512 696 3558 ona
716 3494 790 3575 eino
810 3511 921 3569 eausa,
935 3502 1079 3575 peceato,
1094 3509 1268 3565 creaturae

118 3650 120 3671 ,
175 3594 373 3660 reatitoentur
392 3596 425 3657 in
446 3594 580 3669 bonnm,
602 3597 635 3659 in
655 3614 723 3674 qno
742 3598 850 3660 ornnia
871 3614 890 3657 a
912 3595 981 3661 lieo
1002 3606 1109 3661 ereata
1132 3610 1218 3665 aaut:
1241 3612 1270 3663 ot

118 3672 120 3761 i
174 3690 239 3755 aiii
255 3695 341 3759 neus
358 3704 488 3768 ennete,
506 3714 587 3775 patae
604 3696 738 3773 lecerat,
759 3706 788 3761 et
806 3706 898 3761 erant
916 3697 1007 3761 vaide
1026 3696 1115 3761 toan
1137 3698 1271 3781 Propte-

176 3808 218 3855 rea
237 3796 266 3859 in
285 3796 442 3876 praetatis
463 3798 569 3861 verbio
595 3797 800 3863 eonoitterans
820 3797 994 3881 Origenes,
1019 3800 1196 3866 mnndum
1219 3822 1270 3867 ra·

177 3893 325 3962 tiooaiinm
347 3914 448 3979 penno
469 3896 552 3964 idest
570 3898 717 3963 bomineo
738 3899 771 3963 in
793 3898 931 3976 Artemo,
961 3918 1004 3965 ex
1025 3904 1158 3983 proprio
1186 3906 1271 3967 orbi·

117 4007 118 4072 t
177 3999 248 4059 tratn
265 4008 392 4064 amotos
405 4016 475 4063 eaeo
494 3998 536 4061 ab
549 3998 701 4081 originali
722 4000 928 4067 beatitudinis
944 4007 1032 4066 atain
1048 4012 1182 4083 propter
1196 4024 1270 4085 poo-

117 4083 118 4178 t
178 4101 280 4174 tatum,
301 4099 398 4165 ‹ioeet
417 4118 473 4165 eoo
494 4106 600 4166 tannen
622 4100 708 4165 band
732 4101 1017 4167 irremediabiliter
1036 4104 1208 4168 ieeesoioae
1229 4106 1271 4167 ab

116 4205 121 4292 p
180 4210 210 4257 oo
226 4207 326 4282 otato3
347 4200 404 4265 aei
426 4220 519 4284 ponae
537 4221 598 4267 een
617 4203 714 4267 eitino
732 4204 802 4267 aire
814 4203 938 4269 tordius
959 4204 1078 4274 iterum
1092 4206 1270 4269 restaurari

180 4295 359 4368 aientem
380 4304 586 4371 beabtnffinio
598 4305 828 4385 conditionem,
848 4305 934 4371 node
947 4306 1149 4381 deciderant.
1167 4304 1201 4370 ii
1216 4325 1275 4372 ao·

181 4400 231 4459 ten
247 4401 382 4471 obtineri
402 4404 479 4471 nteit
500 4406 660 4497 mediante
680 4406 873 4488 angelornm,
896 4407 1096 4499 coelestium
1118 4410 1279 4495 diapenta,
