3375 5567
166 761 230 824 licta
243 780 311 824 coro
329 772 357 826 et
379 761 514 844 ronpuir
528 781 659 843 reanum
683 761 740 826 Dei
758 761 915 844 moriame
936 777 1000 824 mota
1017 770 1164 842 porrum,
1192 779 1257 826 non

167 866 231 928 rerti
248 873 367 930 tautum
390 866 430 926 ad
452 865 623 930 beatorum
644 874 765 928 sortem
789 869 820 929 iu
843 865 998 928 Paradiao
1019 862 1090 940 uer,
1106 865 1160 928 sed
1184 865 1255 929 nni·

166 968 259 1028 rersim
279 966 407 1031 allicere
428 973 461 1030 el
480 975 668 1030 sanctorum
692 985 830 1048 corpora
854 975 886 1030 ct
907 967 1137 1048 reproborum3
1159 966 1257 1030 aliter

165 1067 270 1147 reprobi
289 1086 352 1130 non
368 1053 587 1154 resurgerent.
609 1066 730 1133 Omnes
745 1086 885 1150 namque
906 1067 1256 1149 incorruptibilemim·

164 1169 295 1232 mortales
315 1176 381 1234 lam
406 1171 447 1250 pii
469 1189 568 1251 qnam
590 1171 680 1250 impii
702 1171 733 1232 in
756 1187 856 1250 regno
870 1170 989 1234 Christi
1011 1169 1258 1232 norissimoex·

164 1272 257 1332 iunii
268 1279 378 1336 eruut:
392 1281 424 1335 et
439 1272 500 1334 lanc
514 1281 697 1354 propugnat
711 1291 752 1334 ea
768 1268 871 1334 Paulo
883 1268 1118 1334 Tertullianus.
1133 1267 1257 1356 Verum

164 1380 190 1434 ut
206 1374 470 1438 resurrectionem
492 1377 694 1456 pertingant,
717 1374 841 1438 devicta
868 1382 987 1446 morte,
1010 1373 1155 1436 omnium
1171 1374 1260 1453 poni·

166 1483 204 1537 tua
220 1492 352 1557 corpore
388 1475 657 1556 redintegranda,
679 1494 737 1538 scu
768 1473 986 1554 regeneranda
1011 1473 1081 1538 lore
1113 1473 1192 1536 dicit
1218 1472 1258 1534 ad

164 1574 234 1638 illam
262 1585 401 1640 naturae
432 1576 670 1650 conditionem,
693 1593 758 1658 qua
780 1576 878 1639 homo
900 1577 1027 1656 primus
1054 1581 1185 1640 creatus
1210 1582 1261 1638 cst

165 1678 333 1740 immortalis
354 1683 389 1740 ct
411 1676 681 1758 incorruptibilis;
705 1684 741 1740 ut
761 1677 808 1738 sic
825 1677 1003 1740 substantia
1026 1676 1132 1738 carnis
1147 1675 1263 1739 leubilis

164 1775 300 1841 afficiatur
329 1792 433 1858 reguo
455 1775 525 1841 Dei.
549 1798 566 1838 r
590 1776 719 1842 Erimus
749 1777 857 1854 euim,
878 1776 1019 1851 scribit,
1041 1777 1072 1838 iu
1093 1775 1194 1840 Libro
1223 1774 1263 1838 V.

164 1889 254 1941 rantra
272 1877 471 1942 Marcionem
501 1897 530 1942 c.
552 1876 592 1942 X.
614 1881 698 1942 sicut
728 1880 844 1960 augeli.
868 1877 958 1944 Haec
989 1881 1053 1942 erit
1080 1878 1262 1942 demutatio

164 1983 259 2056 cornu,
279 1982 335 2044 sed
360 1982 583 2044 resuscitatae.
609 1981 721 2044 Aulai
744 1981 941 2057 calluerit,
965 1980 1131 2063 quomodo
1153 1980 1265 2044 induet

164 2082 400 2166 incorruptelam
422 2093 453 2146 et
476 2081 768 2147 immortalitatem?
790 2082 889 2149 Aliud
913 2082 1109 2164 igitnriecta
1134 2100 1193 2165 per
1210 2082 1265 2146 do·

163 2188 371 2262 mutationem,
389 2195 465 2250 tuuc
480 2195 700 2268 consequetur
722 2183 780 2248 Dei
797 2203 934 2266 reguum
951 2186 1021 2269 jam
1033 2205 1096 2248 uon
1117 2204 1267 2249 caronec

162 2289 293 2367 sanguis,
315 2287 374 2351 sed
406 2287 493 2369 quod
515 2288 563 2350 illi
595 2306 717 2368 corpus
740 2287 826 2350 Dens
852 2286 992 2351 dederit.
1014 2287 1057 2352 Et
1077 2288 1152 2352 itleo
1179 2294 1268 2352 recle

161 2385 339 2466 Apostolus:
360 2406 438 2450 coro
459 2398 488 2450 et
507 2385 639 2468 sanquis
654 2405 787 2467 raparum
803 2384 859 2452 Dei
875 2405 942 2449 noa
958 2389 1268 2471 commessationum

164 2489 314 2551 matationi
337 2488 424 2552 illud
445 2489 644 2563 adscribens,
665 2506 751 2568 quac
772 2487 898 2551 accedit
920 2490 1162 2553 resurrectioni.
1184 2507 1203 2548 a
1226 2487 1268 2554 Et

164 2587 212 2650 loa
222 2598 278 2660 est,
288 2587 382 2669 quod
397 2589 525 2669 saepius
536 2589 649 2654 statuit
664 2587 827 2672 Nyssauus
840 2595 872 2652 el
886 2591 1061 2673 praecipue
1073 2591 1105 2653 in
1118 2587 1265 2654 ecXVl.

163 2697 188 2752 et
204 2687 300 2754 xttt.
326 2689 373 2754 De
393 2688 531 2754 hominis
554 2688 699 2772 opificio,
723 2690 911 2766 ostendens,
934 2692 1166 2773 deplorandam
1188 2693 1271 2754 hanc

163 2801 280 2855 naturae
306 2792 474 2856 humanae
494 2787 716 2894 ταλαιπωρίαν
737 2808 953 2868 aerumnam,
975 2811 1181 2876 nequaqnam
1205 2810 1271 2856 res-

163 2895 286 2971 pondere
306 2891 353 2986 τῇ
377 2893 605 2990 μακαριότητι
630 2895 690 2976 τῆς
712 2888 857 2972 ἅπαθδυς
876 2896 1069 2963 beatitudini
1093 2895 1273 2977 opossibili·

164 2999 233 3071 tatis,
254 2999 285 3061 iu
306 3021 377 3083 qua
404 3004 544 3082 primum
565 3003 714 3066 conditus
743 3012 792 3066 est
812 3003 924 3082 homo;
946 2998 1080 3062 acideo
1102 2997 1180 3060 dicit
1201 2997 1272 3060 uui·

165 3103 264 3164 tersior
286 3105 373 3168 hanc
397 3115 541 3168 nostram
576 3104 788 3170 substantiam
817 3119 1011 3185 corpoream
1039 3101 1147 3164 denuc
1168 3098 1199 3160 io
1220 3116 1272 3162 rc·

162 3207 353 3270 surrectione
377 3207 607 3272 denotandam
629 3226 668 3272 ac
690 3206 939 3287 restaurandum
963 3205 1032 3269 loro
1054 3201 1271 3284 inpristiuum

161 3314 280 3383 statum,
305 3319 344 3373 ut
368 3310 562 3374 immortalis
584 3309 649 3373 liat.

228 3407 353 3474 Exilis
376 3429 477 3490 porro
509 3411 691 3490 praemissis
712 3412 751 3475 do
773 3410 952 3492 apostolico
985 3406 1166 3472 sententiar
1197 3419 1272 3465 caro

161 3509 322 3591 aromatis
338 3530 474 3591 repnum
497 3509 556 3574 liri
565 3512 722 3592 possidere
744 3531 807 3576 oon
818 3521 974 3592 passuum·
996 3525 1093 3590 arque
1107 3500 1271 3585 corruptio

161 3603 397 3692 incorruptelam
415 3609 603 3693 possidebit,
628 3613 673 3676 uti
696 3611 801 3676 illatio
824 3613 1027 3686 necessaria,
1050 3626 1135 3690 quae
1162 3607 1273 3670 sultsc·
1365 3680 1368 3684 A

163 3723 310 3791 quantor,
327 3714 416 3776 idem
439 3714 628 3778 riderentur
648 3716 831 3794 pertingere
852 3719 1104 3792 argumentum:
1125 3729 1204 3784 ecee,
1220 3705 1270 3769 ia·

163 3807 239 3885 pttt't,
260 3812 449 3894 mysterium
470 3813 557 3878 uobis
578 3814 672 3878 dico:
703 3834 807 3880 ornnes
828 3815 956 3896 quidam
978 3830 1200 3894 resurgemus,
1220 3810 1273 3872 aad

163 3927 216 3974 aon
227 3933 331 3978 omues
349 3914 598 3980 immutabimur.
618 3915 655 3980 la
678 3929 844 3994 momento,
860 3919 896 3981 itt
916 3914 981 3980 ictu
996 3914 1095 3988 oculi,
1117 3912 1153 3976 ia
1167 3910 1273 3976 monia·

163 4011 230 4078 omo
250 4017 347 4082 ruta.-
362 4028 453 4082 caact
472 4015 554 4082 cuim
576 4019 664 4096 tuto,
686 4029 714 4084 et
736 4018 852 4082 mortui
870 4027 1035 4098 resurpent
1049 4012 1273 4092 incorruptior

166 4131 211 4176 aas
226 4116 475 4183 immutabimur.
494 4119 712 4186 Nihilominus
727 4139 801 4184 cum
823 4138 939 4201 parum
955 4119 1113 4182 clarescat
1132 4115 1174 4178 ilri
1192 4111 1273 4178 Vul-

167 4229 226 4294 pata
249 4219 378 4303 Euttt03
402 4241 543 4304 cumque
557 4224 697 4303 amplius
718 4243 759 4286 ex
780 4222 947 4287 codicibus
967 4219 1091 4302 graecis
1111 4225 1144 4280 et
1163 4216 1273 4279 latinis

169 4324 264 4388 rariae
284 4335 318 4388 et
344 4325 510 4390 discordes
532 4328 615 4391 inter
643 4344 677 4390 ae
698 4333 769 4390 cta
793 4322 932 4406 Vulgata
966 4324 1138 4402 hucusque
1158 4337 1273 4400 perre-

170 4427 263 4490 oeriol
280 4429 462 4508 lectiones;
493 4445 588 4491 nemo
609 4425 793 4490 oilcndatur
804 4469 817 4502 ,
838 4426 864 4489 si
886 4442 903 4486 a
926 4421 1068 4504 Vulgata
1093 4419 1272 4499 interprete

171 4525 254 4591 uolo
273 4529 350 4592 milri
373 4528 589 4594 recedendum
610 4531 661 4592 sit.
684 4527 719 4592 ltl
734 4533 845 4594 autem
867 4544 930 4592 uon
950 4523 1196 4600 interemoto
1218 4538 1273 4582 vc·
