3375 5567
429 816 518 879 titior
532 816 691 880 exbauata
711 817 918 880 concretione
935 817 1102 890 vitiorum,
1124 818 1271 896 eorporis
1293 815 1421 881 babitus
1441 818 1470 881 in
1483 838 1527 883 rc·

427 918 630 980 surrectione
645 916 816 982 formatur.
833 936 850 976 n
875 916 916 981 Et
929 919 960 980 in
975 918 1168 1003 Symbolum
1190 917 1424 998 Apostolorum
1437 921 1524 985 cidit:

427 1040 444 1075 «
468 1016 502 1080 in
525 1020 583 1081 iilo
603 1019 715 1099 itaque
734 1019 787 1083 ‹iie
807 1038 883 1083 cura
905 1030 993 1083 actas
1023 1019 1122 1083 inerit
1145 1037 1207 1083 una
1236 1028 1529 1096 cunctaremur

426 1125 498 1181 ctae
518 1126 552 1181 et
572 1126 725 1199 peccator
744 1127 843 1183 erant
862 1120 960 1185 aimtii
983 1122 1222 1185 rusurrectione
1244 1120 1389 1200 perfecti.
1405 1120 1470 1199 Nec
1488 1124 1529 1185 iu·

427 1224 479 1280 ter
497 1238 532 1282 ec
553 1219 731 1284 variabunt
751 1228 899 1302 temporo
920 1240 979 1285 nec
999 1230 1126 1301 eetetc;
1148 1220 1202 1285 scd
1226 1222 1309 1287 eiius
1335 1223 1375 1283 nd
1399 1224 1529 1305 praemia

425 1327 571 1392 aeterna,
593 1328 627 1383 et
647 1322 680 1384 ia
700 1322 890 1401 centuplum
909 1323 990 1387 bona
1013 1324 1209 1403 recipientia,
1222 1325 1307 1389 aliua
1327 1325 1367 1388 ad
1384 1334 1528 1405 perpetue

424 1422 582 1504 supplicia
600 1425 821 1503 pertrahetur.
839 1444 856 1479 a
873 1422 961 1487 Haec
977 1434 1087 1489 entem
1100 1427 1198 1489 rerba
1209 1444 1271 1491 non
1285 1427 1455 1491 Ambrosio
1470 1436 1529 1489 tan·

427 1531 509 1598 turn,
531 1533 690 1603 quantam
710 1522 844 1604 Origeni
866 1524 1025 1588 credentia
1048 1536 1135 1589 eant.

508 1623 605 1702 Quot
633 1636 744 1691 autem
765 1628 938 1707 bucusque
969 1626 1090 1693 trustra
1112 1628 1153 1690 de
1174 1628 1368 1710 corporibus
1389 1628 1532 1693 aetberiir

424 1730 457 1791 in
476 1728 650 1809 Origenem
665 1737 850 1793 caneertnm
872 1737 920 1791 cst
934 1730 975 1791 ab
989 1730 1197 1807 adversariis,
1215 1730 1424 1812 repetendum
1444 1738 1488 1794 cat
1501 1731 1531 1792 in

424 1829 483 1903 iia,
504 1847 590 1909 quoe
610 1828 651 1893 ie
671 1829 791 1893 eieticm
812 1831 1007 1911 corporibus
1029 1834 1264 1896 resurrecturis
1286 1840 1442 1912 putarunt
1467 1850 1532 1893 cen-

422 1932 500 1995 rieae
521 1932 721 2011 Auctorem3
739 1932 831 2012 qnasi
855 1931 993 1995 rotunda
1008 1949 1046 1995 ac
1067 1932 1168 1995 instar
1182 1932 1340 2014 cpbnercc
1359 1936 1428 1999 eine
1441 1950 1532 1995 mem·

381 2044 384 2048 ’
424 2033 560 2096 brorum
585 2035 766 2097 secretione
794 2032 1012 2097 resuscitanda
1043 2034 1107 2097 rint
1126 2052 1277 2115 corpora.
1301 2032 1427 2099 Nuiiibi
1451 2036 1530 2098 enim

422 2134 569 2216 Operum
583 2152 721 2199 enorum
736 2135 808 2199 talis
822 2135 987 2214 reperitur
1001 2152 1097 2199 error
1110 2142 1168 2199 eut
1180 2136 1334 2216 auipinin,
1346 2136 1405 2199 niai
1419 2138 1451 2199 in
1465 2134 1533 2199 Ser·

422 2252 516 2299 mone
533 2232 576 2296 Dr
597 2233 748 2299 Oratione
768 2253 796 2299 c.
818 2232 870 2299 31.
896 2236 950 2299 ubi
971 2234 1147 2313 apostoliea
1170 2236 1266 2299 verbe
1281 2235 1378 2317 injur
1398 2234 1445 2299 rei
1462 2254 1533 2315 pra

421 2335 468 2400 tia
479 2336 567 2416 ticcio
578 2354 684 2417 praua
704 2356 772 2401 mea
784 2337 828 2400 ad
851 2336 975 2401 Patrem
988 2347 1044 2401 eta.
1060 2339 1237 2418 interprete
1243 2346 1293 2401 tua
1307 2337 1425 2419 inquit:
1438 2336 1531 2418 «Spi-

424 2440 576 2502 rituaiem
605 2446 716 2503 autem
736 2436 994 2518 genuflexionem
1024 2440 1070 2503 sic
1092 2440 1210 2503 dictem
1232 2458 1272 2503 co
1293 2440 1380 2520 quod
1407 2441 1531 2516 omnia,

423 2557 508 2619 quae
527 2547 626 2613 aunt,
650 2536 756 2603 Deam
776 2538 914 2603 adorent
935 2539 968 2601 ia
991 2540 1120 2603 nomino
1139 2539 1219 2604 sesa
1231 2560 1244 2620 3
1267 2542 1392 2622 ipsique
1413 2560 1447 2605 ee
1477 2542 1533 2605 bu·

423 2642 545 2705 militer
565 2639 750 2722 subjicient,
775 2640 946 2707 ostendere
969 2642 1046 2705 mibi
1070 2642 1200 2707 ridetur
1221 2638 1398 2723 Apostolus
1420 2643 1451 2707 in
1472 2644 1531 2709 bis:

420 2752 458 2806 nt
477 2741 515 2804 in
535 2741 660 2806 nomine
675 2740 750 2805 Jeaa
770 2760 860 2805 omar
879 2762 962 2823 pena
974 2744 1119 2824 flectatur
1133 2742 1325 2816 coelestiam,
1341 2743 1534 2809 terrestriam

419 2854 449 2907 rt
468 2843 679 2924 infernarum.
703 2842 819 2925 Neque
839 2846 923 2909 enim
942 2846 1013 2909 nilo
1034 2845 1130 2909 modo
1152 2845 1331 2925 putendum
1352 2856 1401 2913 eet
1423 2848 1533 2928 (grec-

419 2946 567 3009 canicnm
587 2963 770 3009 sermonem
792 2949 935 3026 prescius
949 2946 1083 3026 aequor)
1105 2946 1197 3010 natio
1212 2947 1296 3011 enim
1319 2947 1417 3013 modo
1431 2949 1532 3027 curpi-

421 3047 570 3112 ciendum
593 3056 652 3122 cet,
674 3047 838 3111 scnemata
869 3048 937 3111 aive
960 3048 1080 3111 inrmaa
1102 3048 1306 3129 praeseferre
1328 3051 1533 3131 supercoele-

418 3148 518 3213 attam
530 3165 683 3227 corpora,
697 3148 779 3211 adeo
801 3154 838 3212 nt
853 3157 885 3211 et
906 3166 1009 3229 genna
1026 3149 1165 3211 babeant
1185 3149 1256 3229 ipsi,
1273 3168 1314 3214 ex
1336 3169 1403 3231 qno
1418 3150 1532 3233 aphae-

423 3251 489 3312 rica
512 3250 553 3311 ab
573 3252 623 3324 iia,
644 3254 700 3332 qni
723 3251 762 3313 de
784 3251 849 3313 iilic
870 3258 1024 3315 accurato
1046 3258 1239 3325 tractarunt,
1262 3253 1454 3317 ostendetur
1468 3272 1534 3317 erec

422 3354 558 3416 illoram
578 3372 729 3436 corpora.
753 3352 818 3430 Qni
839 3361 950 3417 eutem
972 3353 1114 3417 noluerit
1136 3353 1197 3416 bae
1218 3352 1414 3433 adprnbnrc;
1435 3364 1534 3435 atquc

420 3473 536 3519 coram
558 3455 874 3538 (supercoelestium)
897 3455 1072 3535 unicnique
1102 3472 1184 3533 opus
1205 3473 1274 3519 csse
1297 3456 1472 3534 membris,
1496 3474 1533 3519 ne

423 3553 546 3619 frustm
567 3555 598 3616 iu
619 3556 666 3618 eis
686 3555 810 3637 aliquid
833 3555 956 3621 iactum
978 3555 1056 3618 sita
1082 3552 1169 3631 Deo,
1193 3555 1251 3618 nisi
1274 3554 1479 3635 impudenter
1501 3574 1534 3619 re

420 3664 514 3735 gerat
534 3665 645 3720 contra
669 3658 839 3732 rationem,
864 3658 1018 3737 utrinque
1032 3655 1207 3721 offendens:
1230 3658 1298 3721 aire
1314 3656 1410 3730 dicct,
1434 3676 1534 3720 mem·

421 3757 479 3819 bre
501 3758 649 3838 corporis
682 3758 801 3821 trustra
823 3766 856 3821 et
878 3776 941 3821 uon
962 3757 1001 3819 ad
1022 3776 1104 3837 opus
1126 3759 1294 3837 proprium
1317 3757 1443 3820 condita
1469 3756 1533 3819 iliis

421 3858 739 3938 (supercoelestibus)
762 3859 859 3922 inisse
881 3876 898 3921 e
922 3857 1002 3938 Deo;
1025 3866 1082 3922 aut
1104 3858 1187 3923 dicct
1211 3862 1332 3923 viscere
1355 3868 1388 3922 ct
1412 3860 1532 3923 intesti-

419 3976 498 4021 num
514 3970 654 4033 rectam,
671 3978 765 4023 nsum
788 3959 956 4039 propriam
969 3958 1129 4023 conficere
1141 3960 1236 4022 ctiam
1254 3962 1287 4022 iu
1302 3960 1411 4025 cuciis.
1430 3958 1535 4025 Porro

420 4059 609 4123 stultissime
631 4070 717 4140 aget,
736 4061 762 4121 ci
783 4068 968 4126 statueram
991 4060 1091 4123 instar
1104 4061 1177 4141 quie
1199 4061 1404 4141 cogitaverit,
1419 4080 1533 4143 super·

416 4160 526 4225 -ticiem
547 4163 649 4225 roiam
671 4180 741 4225 csso
762 4162 899 4226 bominis
919 4164 1083 4241 epactam,
1104 4179 1167 4225 noa
1188 4169 1297 4226 autem
1320 4181 1455 4243 qnoque
1477 4181 1532 4237 ee,

421 4280 506 4343 qnae
526 4264 615 4326 intua
634 4272 719 4327 eant.
743 4261 785 4325 lit
807 4261 886 4325 baec
906 4281 925 4325 a
948 4263 1179 4338 medicentur,
1200 4262 1458 4343 genuflexionem
1475 4264 1535 4325 dis·

419 4364 562 4443 quirenti
583 4373 616 4428 ct
635 4363 873 4429 consideranti:
897 4363 933 4425 in
956 4362 1081 4426 nomiae
1107 4361 1182 4427 Jesu
1202 4383 1292 4427 omne
1315 4364 1536 4445 praeficeretur

416 4461 607 4540 carlutium,
628 4462 825 4527 terrestriam
845 4474 873 4527 et
895 4463 1106 4545 infernorum:
1128 4461 1188 4527 Sed
1211 4474 1244 4529 ct
1264 4465 1328 4530 boc
1348 4465 1534 4531 dictumest

421 4565 452 4627 in
474 4563 657 4647 Propheta:
681 4563 760 4629 miii
779 4561 1005 4631 incurvabitur
1026 4582 1113 4629 amne
1132 4582 1226 4645 pena.
1250 4586 1267 4625 u
