3375 5567
448 644 613 765 cst³

524 796 627 860 Porro
648 814 688 859 ex
711 796 920 875 sequentibus
936 794 968 856 id
983 794 1122 873 amplius
1145 796 1288 867 eruitur,
1309 794 1361 861 ubi
1377 796 1413 858 de
1427 796 1531 863 duabus

447 900 479 961 io
493 895 622 961 Chmsto
635 896 760 959 naturis
774 897 905 959 locutus
920 896 965 959 alt
977 913 1006 957 u.
1022 892 1068 959 3.ι
1083 917 1099 955 ιι
1113 892 1202 959 Unde
1220 905 1252 959 et
1268 896 1380 960 merito
1394 898 1465 977 lipsa
1479 902 1533 963 aui·

449 998 590 1078 scalpro
610 1016 650 1061 eo
674 998 725 1060 sel
745 996 833 1077 qnod
854 1003 918 1061 tota
940 1006 1022 1059 essct
1042 996 1075 1058 in
1091 995 1175 1059 Filio
1196 994 1272 1071 liei,
1290 998 1339 1059 sel
1359 1007 1453 1061 totum
1466 1001 1493 1061 ln
1506 1018 1534 1061 se

447 1108 578 1180 caperet
603 1098 721 1163 Filium
744 1098 815 1173 liei,
837 1097 934 1161 etiam
956 1097 1022 1177 ipss
1046 1114 1120 1161 cnm
1142 1114 1192 1174 ea,
1215 1116 1314 1178 uuam
1329 1109 1534 1179 assumpserat,

445 1218 555 1279 carne,
578 1200 637 1265 Oei
660 1201 762 1265 Filius
782 1209 817 1265 et
838 1199 895 1265 Dei
920 1195 1054 1274 Virtus,
1074 1196 1242 1275 Christus,
1265 1209 1297 1263 et
1319 1198 1377 1264 Dei
1397 1199 1535 1281 Sapientia

446 1305 645 1387 appellatur:
661 1313 694 1365 et
711 1320 843 1367 rnrsnm
860 1302 917 1368 ilci
935 1304 1049 1379 Filius,
1068 1320 1125 1384 per
1139 1320 1235 1383 quem
1250 1302 1356 1365 omnia
1372 1301 1448 1365 iacta
1464 1311 1536 1377 sunt,

445 1406 542 1471 iesus
563 1404 713 1471 Christus
732 1406 919 1486 appellatur
940 1415 972 1470 et
1000 1404 1101 1468 Filius
1129 1405 1277 1468 hominis.
1301 1401 1384 1468 Nam
1405 1411 1435 1469 et
1454 1402 1538 1468 Filius

448 1508 505 1571 [lei
528 1516 678 1571 mortuus
698 1526 768 1571 esse
788 1508 910 1571 dicitur
931 1525 990 1588 pro
1011 1524 1049 1570 ca
1070 1507 1193 1570 scilieet
1214 1513 1345 1579 natura,
1368 1522 1448 1585 quae
1467 1524 1538 1569 mor·

446 1621 511 1673 tem
532 1611 646 1690 ntique
676 1610 821 1688 recipere
841 1617 990 1689 poterat:
1014 1619 1045 1672 ct
1069 1604 1171 1671 Filius
1194 1606 1331 1670 hominis
1352 1607 1538 1687 appellatur,

446 1712 504 1792 qui
527 1719 685 1774 venturus
705 1712 737 1773 in
759 1708 818 1774 llei
840 1710 944 1773 Patris
965 1710 1068 1790 gloria
1091 1728 1165 1773 cum
1186 1710 1304 1773 sanctis
1327 1709 1446 1788 angelis
1464 1726 1540 1789 prac-

447 1815 585 1877 dicatur.
611 1810 653 1875 Et
674 1813 734 1875 ime
755 1810 913 1876 decanea
936 1830 994 1892 per
1015 1826 1143 1875 omnem
1166 1811 1371 1891 Scriptorum
1394 1819 1458 1873 tam
1475 1810 1540 1871 disi·

444 1932 484 1976 na
507 1924 623 1976 natura
645 1914 794 1975 humanis
818 1912 984 1977 vocabulis
1005 1914 1207 1992 appellatur,
1229 1930 1328 1994 quam
1352 1915 1486 1976 hnmana
1500 1930 1542 1974 na·

445 2026 519 2079 tura
535 2016 661 2077 divinae
678 2016 926 2093 nuncupationis
941 2016 1117 2093 insignibus
1133 2014 1346 2079 decoratur.»
1362 2016 1402 2081 lit
1416 2016 1475 2080 hoc
1489 2024 1543 2079 un·

443 2116 612 2179 tummcdo
635 2115 769 2179 intendit
790 2113 947 2194 Origenes
969 2117 1000 2177 in
1022 2117 1117 2179 citata
1141 2117 1315 2196 pericope,
1335 2120 1416 2197 quin
1437 2116 1542 2196 aliquid

444 2218 602 2281 iudicaret
615 2217 655 2280 de
676 2218 888 2281 incarnationi
904 2216 1031 2280 divinae
1053 2220 1184 2297 praesia
1199 2218 1279 2285 lesu
1295 2217 1419 2284 Christi
1439 2220 1546 2283 animae

444 2318 626 2382 existentia.

524 2418 559 2481 ln
581 2420 661 2483 llaec
683 2436 774 2494 sero,
796 2436 882 2499 qnae
902 2419 1075 2483 statuimus
1097 2438 1159 2483 non
1183 2418 1260 2485 iacit
1282 2438 1345 2502 pro
1367 2421 1544 2487 adversariis

441 2520 537 2600 longa
560 2518 710 2599 Origenis
733 2519 923 2600 disceptatio
944 2529 1056 2584 contra
1084 2520 1213 2585 Celsum
1239 2522 1271 2583 in
1294 2521 1396 2587 Libro
1412 2522 1438 2586 Ι.
1458 2540 1486 2584 n.
1503 2520 1544 2587 33

442 2617 494 2685 33.
519 2621 575 2684 ubi
601 2620 767 2699 speciatim
790 2629 898 2684 teuent
918 2623 968 2701 agi
990 2622 1030 2684 de
1058 2620 1139 2685 lesu
1160 2622 1285 2685 animae
1310 2624 1546 2703 praeexistentia

442 2742 483 2787 ex
506 2722 660 2788 Auctoris
680 2741 788 2787 sensu.
807 2721 854 2785 lbi
876 2740 1015 2803 namque
1030 2722 1186 2804 Origenes
1206 2724 1250 2786 ud
1262 2723 1431 2800 dominere,
1455 2726 1496 2788 uti
1510 2722 1547 2785 di·

442 2822 541 2900 citur,
557 2833 670 2887 contra
692 2842 767 2887 enm
782 2823 963 2899 decertans,
985 2828 1041 2904 qui
1055 2821 1134 2889 Iesu
1158 2825 1276 2888 mirum
1291 2842 1329 2888 ac
1346 2826 1489 2889 divinum
1505 2840 1548 2887 or·

443 2935 513 2988 tnm
534 2926 735 3005 nequissimis
756 2943 794 2987 ac
816 2924 1009 3005 turpissimis
1030 2928 1218 2989 commentis
1240 2926 1464 3001 dedecoravit,
1484 2940 1545 2988 con·

445 3026 529 3089 intat
547 3045 590 3089 ex
612 3027 714 3106 ipsius
733 3025 950 3106 philosophia,
973 3042 1071 3105 qnam
1092 3026 1171 3087 diclt
1194 3024 1355 3101 Platonis,
1379 3029 1545 3089 animarum

443 3129 637 3209 corporibus
658 3127 915 3208 praecedentiam
946 3129 977 3189 in
998 3130 1163 3191 creatione
1184 3124 1407 3199 admittendo,
1429 3128 1495 3191 sire
1512 3143 1544 3187 es

442 3230 691 3311 metempsychosi
711 3229 856 3291 docendo
877 3231 999 3293 animas
1015 3238 1087 3307 post
1107 3228 1230 3294 obitum
1248 3230 1392 3311 migrare
1413 3232 1444 3292 in
1458 3229 1547 3291 aliena

443 3350 596 3411 corpora,
619 3352 671 3396 ca.
689 3350 718 3411 g.
743 3332 935 3411 ignatorum
951 3332 1074 3394 animos
1095 3330 1126 3393 in
1146 3347 1285 3411 corpora
1300 3332 1487 3407 muliebria,
1502 3330 1548 3391 lro·

443 3432 634 3495 micidarum
657 3434 689 3494 io
711 3432 856 3495 ferarum
878 3448 1030 3510 corpora,
1052 3430 1300 3495 libidinosorum
1321 3433 1354 3493 in
1377 3452 1474 3496 sunm
1494 3430 1549 3492 lur-

444 3550 512 3595 mas
532 3542 594 3595 etc.
615 3550 675 3597 sen
695 3533 792 3594 aliter
811 3532 1004 3612 explicando
1027 3534 1108 3595 lianc
1133 3534 1258 3595 animae
1280 3533 1506 3597 immissionem
1523 3531 1550 3589 in
1590 3594 1591 3601 χ

443 3651 596 3715 corpora,
608 3636 677 3697 sire
691 3634 858 3697 decessum
873 3634 914 3696 alt
928 3652 994 3698 uno
1008 3634 1048 3695 ad
1064 3634 1205 3697 alterum
1227 3651 1368 3713 corpus:
1386 3654 1404 3693 a
1420 3633 1551 3711 Quone

444 3738 500 3811 dn,
516 3738 621 3817 inquit
640 3734 809 3815 Origenes,
833 3736 967 3816 cogitari
990 3742 1107 3817 potest,
1121 3734 1235 3799 Iesum
1257 3753 1297 3797 es
1319 3735 1485 3799 adulterio
1505 3748 1550 3795 na·

447 3850 517 3902 tum
544 3848 609 3900 tam
631 3837 790 3901 mirabilia
819 3836 971 3917 aggredi,
996 3844 1043 3900 tot
1064 3836 1217 3913 erudire,
1240 3845 1272 3899 et
1295 3844 1360 3900 tasn
1392 3836 1509 3899 multus
1535 3850 1550 3890 a

444 3941 601 4003 citiorum
624 3938 775 4018 proluvie
791 3936 976 4001 revocare?
992 3936 1104 4003 Nonne
1121 3938 1237 4001 melius
1252 3936 1366 4001 luisset
1385 3938 1482 4018 juxta
1500 3932 1552 4014 1³5-

445 4041 617 4119 tlragoram
639 4050 672 4101 et
688 4038 917 4117 Empedoclem
939 4057 1009 4103 eam
1025 4040 1162 4102 animam
1186 4038 1387 4117 promeritis
1408 4036 1475 4099 suis
1490 4049 1552 4098 eor·

443 4148 516 4224 pori
531 4143 692 4205 addictam
709 4140 807 4204 inisse
826 4159 889 4203 non
900 4140 1007 4203 solum
1020 4139 1165 4221 perlecto
1175 4139 1229 4203 sed
1243 4130 1550 4218 etpuriectissimois

522 4241 644 4307 Deinde
667 4242 707 4305 de
733 4243 822 4304 sario
843 4246 1025 4308 animarum
1048 4259 1177 4320 genere,
1204 4241 1322 4321 quibus
1344 4255 1484 4319 corpora
1506 4252 1551 4297 va·

445 4349 492 4409 ria
514 4352 680 4426 aptantur,
704 4362 745 4406 aa
766 4343 879 4407 eadem
901 4342 1102 4423 philosophia
1126 4341 1296 4413 disserens,
1319 4356 1380 4419 pru
1407 4338 1553 4401 serietate

446 4450 514 4510 tum
534 4447 681 4526 eorporis
702 4456 770 4509 tum
785 4448 911 4509 animae
925 4451 1073 4520 naturae,
1090 4444 1152 4506 ella
1177 4443 1230 4505 alil
1250 4446 1436 4522 praestante
1454 4432 1553 4517 «quid

447 4555 553 4621 vetat,
575 4546 682 4621 addit,
706 4545 776 4609 dari
796 4562 859 4610 non
882 4562 972 4627 posse
994 4547 1137 4627 aliquam
1159 4545 1310 4618 animam,
1334 4558 1421 4622 quae
1437 4552 1551 4604 norum
