3375 5567
439 767 633 831 iustissimus
664 765 775 834 Codex
797 789 934 854 grseeus
965 773 1145 840 bibliorum
1167 772 1357 850 immons,
1376 775 1531 857 Origenes,

438 867 602 951 Nysseuos
616 873 749 957 aliique,
766 885 798 938 et
820 879 1011 958 praesertim
1029 887 1214 956 contextus,
1230 879 1440 942 emendationi
1454 891 1534 957 pne·

437 973 551 1038 iterent
570 977 772 1060 suffragium.

516 1073 623 1142 Lectio
653 1081 763 1161 itaque
793 1080 920 1147 Codicis
951 1081 1098 1146 Vutiesni
1122 1087 1182 1150 istc
1206 1081 1320 1145 trudit:
1344 1103 1362 1141 s
1382 1077 1466 1149 *tiso
1484 1101 1535 1171 pu·

432 1179 568 1280 nosipsos
590 1169 673 1270 ὑμῖν
695 1180 784 1274 λέγω,
799 1181 910 1266 πάντες
924 1182 963 1254 od
980 1185 1272 1278 κοιμηθησόμεθα,
1295 1183 1406 1266 πάντες
1428 1177 1466 1251 bi
1485 1177 1535 1249 di·

329 1296 335 1305 '
431 1285 759 1378 λαγησόμεθα.“Εσσο
779 1287 959 1370 mysterium
978 1292 1065 1354 cobis
1083 1290 1175 1355 dico:
1201 1309 1304 1354 omum
1326 1309 1389 1353 ooo
1417 1285 1535 1352 ammte-

432 1409 520 1464 mus,
541 1409 646 1454 cruces
667 1399 771 1454 cutem
792 1391 1063 1456 commutabimur:
1084 1395 1122 1457 im
1141 1403 1314 1459 momsmo,
1329 1391 1365 1453 itt
1378 1390 1442 1453 ictu
1460 1385 1536 1450 oculi

354 1524 357 1530 ·
433 1491 468 1554 io
488 1490 658 1556 nouissimo
680 1493 763 1555 tubo.
790 1491 887 1557 Cooet
907 1494 992 1557 euim
1011 1495 1106 1571 tubo,
1127 1505 1155 1557 et
1173 1492 1293 1558 mortui
1316 1501 1476 1575 resurpertt
1494 1490 1535 1551 io·

434 1592 590 1674 corrupti,
610 1603 639 1656 et
657 1613 715 1657 nos
735 1596 1007 1660 commutabimur.
1025 1595 1106 1661 Vide
1126 1616 1206 1679 ergo
1226 1607 1385 1677 quantum
1405 1596 1480 1657 liaeo
1497 1594 1536 1654 ie·

430 1695 499 1756 ‘ctio
521 1713 538 1757 e
561 1693 700 1777 vulgate
723 1696 894 1777 discrepet.
931 1695 1094 1773 Proiecto,
1117 1701 1278 1781 porticula
1301 1693 1535 1779 negotiosius

436 1795 540 1874 primo
563 1797 763 1861 hemisticnio
786 1796 939 1861 trenslota
955 1800 994 1861 ad
1010 1801 1201 1876 seeundum,
1220 1808 1327 1868 totum
1343 1806 1537 1880 argumenta·

433 1899 528 1962 tionis
548 1900 693 1963 ordinem
718 1901 1014 1981 contentionique
1034 1912 1128 1966 extra
1148 1921 1282 1985 scopum
1304 1904 1395 1965 ducit
1410 1901 1536 1982 Aposto-

435 1998 515 2064 lum.
539 1999 610 2078 Quo
633 2021 709 2066 sane
732 2005 857 2066 ratione
878 2005 1115 2086 explicaretur:
1137 2005 1190 2068 sed
1203 2024 1267 2068 uon
1288 2023 1393 2066 omues
1412 2021 1537 2066 eommu-

434 2100 574 2166 tobimur
588 2103 605 2168 i
618 2123 692 2168 cnm
703 2105 740 2167 ¹in
761 2105 918 2169 orationis
932 2108 1017 2170 serie
1031 2107 1112 2171 illud
1137 2109 1347 2188 praecipuum
1370 2106 1448 2168 volit
1463 2105 1538 2184 dpu-

434 2204 551 2282 stolus,
573 2204 655 2270 idest
674 2207 896 2270 necessitatem
918 2209 1179 2272 commutationis
1201 2215 1330 2271 nostrae
1350 2206 1537 2271 substantioe

433 2317 612 2384 corporeae
632 2323 651 2368 a
671 2313 759 2370 stetu
780 2307 988 2387 corruptibili
1008 2307 1047 2370 ad
1070 2309 1361 2389 incorruptionem,
1385 2327 1448 2372 uon
1466 2323 1537 2387 quo

436 2405 584 2468 rumdam
609 2407 797 2486 homiuum,
820 2403 875 2472 sed
897 2417 1091 2475 cunctorum
1120 2410 1320 2486 universim,
1346 2408 1471 2473 nemine
1488 2427 1537 2471 ex·

433 2511 539 2590 cepto,
563 2507 607 2571 ite
630 2515 667 2572 ut
689 2529 798 2574 omnes
821 2521 1038 2593 assequantur
1058 2513 1341 2576 resurrectionem.
1361 2511 1445 2577 Cum
1464 2512 1537 2572 enim

434 2627 556 2687 omnes,
581 2611 671 2689 dicit,
687 2614 718 2674 in
734 2611 859 2676 Adnmo
880 2615 1056 2693 peccarint,
1071 2633 1109 2678 uo
1121 2616 1153 2677 in
1166 2614 1291 2678 lidumo
1304 2614 1537 2697 corruptionem

432 2711 688 2789 haerediterint,
710 2715 803 2792 ideo,
828 2726 864 2779 ut
890 2724 1083 2796 resurgant,
1097 2718 1142 2779 sit
1165 2736 1276 2780 omnes
1296 2716 1440 2798 indigere
1459 2731 1536 2778 com·

434 2815 611 2877 mutatione
633 2815 673 2878 ab
693 2815 880 2880 infirmitate
900 2818 1007 2881 carnis
1029 2819 1059 2879 in
1087 2819 1255 2889 virtutem,
1273 2819 1353 2881 utin
1377 2825 1536 2880 scientum

435 2916 555 2979 vivautss
571 2915 806 2999 Huiuscemodi
829 2937 929 2999 porro
944 2921 1155 2984 commutatio
1169 2938 1207 2984 eu
1222 2920 1356 3001 perinde
1372 2927 1436 2995 est,
1448 2925 1535 2999 quom

433 3015 658 3098 Evangelistue
672 3021 813 3099 primum
828 3021 983 3085 dixerunt
995 3021 1245 3103 poliupenesium
1262 3032 1291 3086 et
1303 3016 1538 3103 uporotostosim

436 3119 597 3198 proberis
618 3117 758 3201 Origene
779 3129 811 3184 et
832 3136 850 3184 a
872 3121 1019 3207 Nysseuo
1039 3125 1213 3204 expositos.

514 3219 637 3286 Verum
660 3231 696 3285 ut
716 3222 832 3286 melius
847 3223 1058 3303 dignoscetur
1072 3225 1198 3290 Codicis
1216 3223 1358 3288 Vsticsoi
1377 3240 1478 3305 supro
1494 3239 1540 3285 ce·

437 3327 674 3405 terosgeuuins
689 3325 800 3399 lectio,
822 3326 940 3406 scripta
963 3327 1177 3390 consuluntur
1194 3325 1420 3407 praelatorum
1434 3324 1538 3403 Origo

436 3426 482 3486 nis
502 3434 534 3486 et
555 3425 714 3510 Nysseni,
736 3440 774 3488 nc
797 3444 858 3488 unu
884 3445 1000 3489 eorum
1022 3429 1320 3508 interpretationem
1343 3429 1376 3489 in
1405 3428 1487 3490 dicta
1507 3441 1537 3484 n·

437 3527 612 3606 postoliee:
635 3544 720 3607 quse
741 3528 837 3590 sinim
862 3526 954 3591 Pauli
977 3539 1115 3591 mentem
1138 3529 1302 3591 illustrent
1328 3539 1538 3606 nostrumque

438 3630 650 3708 propesitum.
662 3628 818 3708 Origenes
829 3631 940 3711 iisque
953 3633 984 3693 in
1002 3629 1098 3693 Libro
1115 3630 1153 3694 tt.
1170 3625 1535 3694 calocetensium.

438 3739 564 3793 textum
586 3728 753 3810 Epistulae
773 3731 812 3792 ad
835 3730 1018 3795 Corinthios
1039 3731 1217 3794 secondum
1239 3730 1390 3796 Cedieem
1423 3729 1540 3790 Vatica-

436 3851 511 3895 num
528 3830 617 3913 iegit,
633 3831 769 3913 ejusque
791 3833 888 3895 menti
904 3842 1139 3912 consequenter
1153 3835 1398 3913 interpretatur:
1416 3853 1433 3888 α
1445 3827 1538 3905 Quod

438 3935 564 4014 utique,
594 3937 650 4008 nit,
674 3937 700 3996 si
732 3935 870 3997 erodunt
892 3934 1071 4016 Apostolo,
1098 3937 1174 4014 quin
1195 3950 1315 4015 corpus
1340 3935 1371 3995 in
1392 3934 1541 4014 gloriosi

438 4037 560 4099 uirtute
581 4045 613 4099 et
627 4037 935 4117 incorruptibilitate
958 4052 1141 4117 resurgens,
1154 4037 1299 4117 spiritale
1317 4037 1384 4118 jem
1396 4024 1540 4100 edoctum

434 4133 493 4214 s'it,
516 4137 693 4202 absurdum
717 4139 847 4202 videtur
868 4153 900 4202 et
921 4146 1032 4202 eosstrs
1055 4139 1202 4220 Apostoli
1222 4156 1349 4202 sensum
1376 4137 1495 4208 dicere,
1510 4132 1538 4194 id

433 4257 552 4305 rursus
574 4241 678 4304 cernis
700 4249 732 4304 et
753 4243 914 4320 sanguinis
931 4242 1094 4321 implicari
1116 4241 1327 4322 passionibus,
1350 4255 1425 4302 cum
1447 4236 1540 4300 mnni-

436 4343 514 4407 iestc
536 4343 620 4408 dicet
643 4341 831 4425 Apostolus:
855 4343 1008 4424 quonium
1028 4361 1105 4406 coro
1124 4351 1152 4404 et
1174 4340 1308 4421 soupuis
1327 4356 1459 4421 regnum
1488 4334 1539 4401 ilci

435 4461 500 4505 nou
517 4443 727 4524 possidebunt:
760 4464 861 4525 oeque
880 4443 1044 4525 corruptio
1070 4443 1340 4523 incorruptionem
1365 4436 1537 4523 possidebit·

343 4591 344 4599 κ
433 4545 498 4612 'Sed
514 4546 595 4610 illud
612 4548 776 4628 quomodo
792 4548 948 4629 accipient
963 4545 1050 4628 quod
1066 4546 1142 4609 dicit
1159 4545 1355 4628 Apostolasr
1368 4559 1473 4606 muse
1485 4557 1539 4602 ou·
