3375 5567
408 704 471 749 uou
494 683 660 762 volentes3
681 679 820 745 vanitati
847 680 960 762 quippe
981 691 1130 745 cremore
1150 681 1284 762 subjmu
1317 688 1362 741 eet
1382 695 1442 740 anu
1467 698 1512 740 oo·

408 789 490 860 leus,
507 786 560 847 sed
575 793 704 865 propter
723 801 809 858 eum,
822 781 881 864 qui
899 781 1029 864 subjecit
1045 783 1080 845 iu
1101 801 1166 864 epe,
1182 801 1247 863 qua
1269 783 1322 844 vel
1336 782 1385 845 sol
1409 783 1456 846 vel
1470 784 1514 844 ln·

410 906 464 963 nu,
488 888 539 949 vel
559 887 697 962 stellae,
722 884 772 948 vel
794 885 898 964 augeli
919 885 1089 964 explerent
1110 884 1301 965 obsequium
1324 882 1465 959 mundo,
1485 893 1513 945 et

412 993 461 1054 bis
480 989 661 1062 animabus,
683 1003 768 1066 qnae
788 986 831 1048 ob
855 987 969 1050 nimios
994 986 1139 1052 deieetus
1162 989 1286 1062 mentis,
1313 989 1515 1050 crassioribus

413 1094 481 1158 istis
495 1101 528 1154 et
541 1089 749 1153 solidioribus
769 1088 935 1168 indiguere
949 1090 1156 1170 corporibus;
1177 1098 1210 1152 el
1224 1096 1362 1171 propter
1375 1109 1445 1166 eos,
1456 1090 1519 1170 qui·

413 1195 473 1258 bus
497 1195 558 1256 boo
579 1190 902 1266 erat-necessarium,
926 1190 1065 1254 mundus
1087 1193 1145 1254 iste
1167 1195 1264 1255 etium
1288 1193 1423 1254 visibilis
1444 1195 1519 1256 insti·

351 1361 358 1374 ,
415 1305 505 1359 tutus
527 1302 584 1357 est.
607 1291 657 1356 Ex
679 1294 741 1356 boo
762 1309 841 1373 ergo
863 1294 1079 1356 communiter
1099 1294 1243 1356 omnium
1260 1312 1319 1374 per
1344 1296 1425 1357 bano
1439 1295 1521 1374 signi·

414 1398 588 1470 boantium,
610 1395 692 1458 idest
712 1411 770 1474 per
789 1383 982 1482 καταβολήν
1004 1393 1166 1457 rotovoliu
1193 1413 1210 1456 a
1240 1395 1466 1475 superioribus
1488 1397 1520 1458 ad

415 1496 569 1562 iuferiora
594 1494 722 1557 videtur
743 1495 876 1558 indicari
901 1494 1056 1558 nunerio.
1080 1493 1175 1576 Spem
1191 1513 1268 1558 sane
1289 1495 1451 1560 libertatis
1465 1497 1523 1559 nni·

419 1613 511 1661 versa
533 1604 684 1660 ereatura
706 1597 804 1674 gerit,
835 1603 870 1658 nt
892 1613 909 1657 s
932 1597 1101 1660 servitulis
1122 1600 1336 1677 corruptione
1363 1599 1522 1670 liberetur,

417 1717 493 1763 uum
514 1698 571 1759 lilii
593 1695 675 1772 Dei,
697 1698 755 1776 qui
779 1695 830 1758 vel
853 1696 996 1776 prolapsi
1019 1698 1071 1760 vel
1093 1697 1228 1779 dispersi
1249 1709 1350 1775 sunl,
1374 1703 1405 1762 in
1435 1717 1522 1763 unum

418 1798 539 1863 luerint
559 1798 743 1876 congregati
753 1816 764 1875 3
790 1796 842 1859 vel
863 1814 937 1859 cum
952 1806 1060 1862 cetera
1083 1797 1185 1864 ollleia
1201 1801 1410 1880 expleverint
1430 1802 1460 1864 in
1474 1801 1524 1862 boc

420 1899 552 1964 mundo:
575 1916 660 1979 quae
680 1897 770 1960 solus
800 1899 965 1978 cognoscit
989 1900 1132 1962 omnium
1154 1900 1271 1963 artilex
1297 1899 1397 1964 lleus.
1426 1899 1524 1964 Talem

422 2017 500 2064 vero
528 2016 568 2062 nu
588 2006 712 2061 tantum
740 1998 920 2078 putandum
942 2006 1010 2075 est,
1034 1999 1155 2063 lautum
1182 2019 1252 2063 essu
1274 2003 1456 2077 mundum,
1476 2005 1524 2082 qui

421 2103 472 2166 vel
487 2119 597 2164 omues
609 2117 663 2163 eas
685 2100 820 2171 animas,
835 2116 920 2178 qnae
941 2103 973 2162 iu
989 2100 1050 2163 boc
1065 2104 1186 2165 mundo
1197 2110 1342 2166 statutae
1357 2113 1431 2168 snut
1446 2121 1525 2168 eter-

420 2204 500 2278 oeri,
522 2209 665 2281 caperet,
683 2200 734 2262 vel
756 2217 866 2262 omnes
887 2217 941 2262 eus
964 2201 1114 2275 virtutes,
1130 2221 1215 2282 quae
1234 2205 1349 2267 adesse
1367 2207 1414 2268 eis
1434 2206 1527 2268 eldis·

422 2322 558 2386 pensare
578 2320 645 2376 eus,
667 2319 706 2365 uc
723 2301 842 2382 juvare
864 2309 997 2381 persiae
1014 2312 1100 2366 snut.
1125 2301 1225 2367 Unius
1248 2323 1392 2387 namque
1406 2315 1526 2368 naturae

423 2419 492 2466 esse
522 2418 631 2464 omnes
652 2399 859 2464 rationabiles
890 2411 1080 2477 creaturas,
1101 2420 1142 2463 ex
1165 2404 1275 2466 mullis
1306 2403 1527 2468 assertionibus

424 2500 680 2581 comprobatur:
704 2488 763 2580 per
782 2501 873 2580 quod
896 2499 1002 2564 solnm
1026 2499 1084 2564 bes
1111 2502 1236 2584 justitia
1259 2505 1289 2564 in
1316 2506 1466 2568 omnibus
1484 2521 1527 2564 ea·

425 2623 499 2666 rnm
520 2601 808 2682 dispensationibus
828 2601 956 2665 delendi
973 2610 1089 2683 polest,
1110 2604 1188 2666 dnm
1207 2622 1427 2686 nnuquueqne
1447 2606 1528 2666 inse·

424 2705 558 2783 metipso
580 2704 677 2766 babel
696 2713 832 2779 musas,
855 2702 942 2782 qnod
972 2704 1003 2764 in
1026 2703 1084 2766 illo
1107 2704 1157 2767 vel
1179 2706 1210 2766 in
1233 2706 1291 2769 illo
1313 2708 1431 2770 ordine
1453 2707 1523 2766 vitre

426 2807 529 2886 posita
548 2804 600 2867 sit.
624 2801 714 2866 lluou
734 2819 814 2881 ergo
834 2803 1074 2883 dispositionem
1096 2800 1167 2881 Dei,
1190 2823 1288 2885 quam
1321 2816 1434 2887 postea
1455 2805 1527 2868 ordi·

425 2908 526 2982 nevit,
545 2906 613 2988 jum
637 2915 713 2969 tuno
732 2905 773 2966 ab
794 2905 920 2984 origine
935 2905 1058 2979 mnndi,
1082 2906 1260 2970 rationibus
1277 2910 1451 2988 causisque
1470 2925 1529 2988 pev-

426 3008 543 3089 speutis
564 3025 692 3083 eorum,
714 3008 770 3086 qni
794 3006 845 3069 vel
863 3024 922 3086 pro
944 3006 1075 3070 delectu
1091 3011 1204 3071 mentis
1227 3011 1337 3073 venire
1360 3013 1528 3090 incorpore

426 3110 649 3185 tuerobantnr3
675 3107 726 3170 vel
746 3126 876 3180 eornm,
897 3109 953 3188 qui
979 3109 1151 3172 visibilium
1173 3111 1353 3191 cupiditate
1377 3113 1529 3193 reptabun-

430 3221 496 3283 tur‚
518 3211 620 3273 sedet
641 3209 788 3280 illorum,
804 3211 861 3288 qui
885 3209 936 3272 vel
954 3209 1110 3286 volentes,
1134 3211 1185 3273 vel
1201 3213 1292 3276 inviti
1314 3210 1529 3293 praestarent·

431 3313 501 3375 licia
522 3312 679 3392 quaedam
701 3310 762 3384 bis,
778 3311 833 3389 qui
850 3311 880 3370 in
902 3309 988 3372 buno
1008 3301 1128 3372 statum
1150 3310 1349 3389 deciderant,
1374 3311 1530 3393 compelle

433 3413 551 3473 bantur
571 3412 612 3472 ab
632 3428 691 3484 eo,
713 3411 770 3489 qni
790 3410 822 3470 in
842 3426 899 3488 spe
919 3408 1132 3489 subjiciebat,
1154 3428 1217 3472 uon
1239 3411 1453 3491 intelligentes
1471 3410 1531 3490 qui·

386 3574 391 3584 ,
432 3514 518 3586 dam,
542 3531 599 3574 nec
619 3513 823 3574 advertentes
844 3510 931 3588 qood
952 3529 994 3573 es
1017 3512 1281 3589 praecedentibus
1304 3513 1399 3576 liberi
1420 3509 1529 3576 arbitrii

433 3615 539 3678 causis
560 3614 703 3675 instituta
727 3611 838 3673 inisset
860 3627 878 3672 a
903 3608 970 3672 Deo
991 3611 1206 3691 dispositionis
1229 3613 1287 3675 ista
1314 3617 1470 3686 varietas,
1490 3629 1531 3672 av·

434 3718 541 3778 bitrati
562 3725 649 3788 suut,
673 3714 724 3777 vel
746 3712 888 3776 fortuitis
911 3713 1063 3786 motibus,
1085 3731 1143 3776 seu
1167 3713 1256 3776 intuli
1278 3716 1464 3778 necessitato
1489 3711 1530 3789 egi

434 3818 553 3889 omnin,
576 3833 659 3894 quae
682 3816 713 3876 in
735 3814 796 3876 boc
818 3813 938 3874 mondo
960 3812 1053 3889 liunt,
1076 3830 1134 3877 nee
1155 3832 1223 3876 esse
1244 3814 1369 3893 aliquid
1392 3815 1531 3876 innostro

435 3918 583 3980 arbitrio.
607 3913 696 3978 Unde
717 3933 776 3977 nec
798 3911 854 3977 llei
878 3914 1112 3994 providentium
1134 3913 1366 3995 inculpabilem
1385 3917 1530 3994 assignare

437 4025 626 4098 potnerunt.
650 4037 666 4072 s

544 4172 689 4236 Vereins.
714 4171 903 4253 Hieronymi
923 4191 962 4234 ee
986 4171 1130 4254 Epistola
1149 4173 1192 4235 od
1212 4172 1343 4238 Avitum
1364 4195 1394 4238 u.
1416 4173 1445 4240 9.

518 4320 747 4383 llabitaculnm
769 4319 943 4382 divinitatis
965 4329 997 4384 et
1021 4336 1130 4384 verum
1147 4318 1292 4397 requiem
1306 4320 1392 4399 apud
1412 4334 1529 4397 supero

437 4425 586 4488 existimo
608 4423 755 4502 intelligi,
778 4423 809 4484 in
829 4438 894 4501 qua
917 4430 1089 4484 creaturae
1113 4419 1319 4484 rationabiles
1346 4433 1527 4484 commoran-
