3375 5567
593 767 733 836 CAPUT
761 768 911 836 XXXlX.
1258 665 1318 736 505

181 971 264 1049 Ouo
286 990 379 1036 senen
399 943 568 1054 qenerirar
588 972 772 1053 accipiendo
793 974 874 1050 sint,
895 995 976 1058 quor
993 972 1143 1056 Oripenes
1158 976 1308 1041 discnssit

225 1077 269 1138 de
290 1074 381 1137 acrio
401 1075 616 1140 macenorum
645 1094 756 1156 ponere
776 1094 815 1139 :a
837 1075 1061 1157 Eeonpelistne
1085 1075 1236 1144 Meliboei
1268 1087 1312 1142 te·

227 1175 393 1240 alimonio.

180 1418 301 1545 Cum
321 1483 471 1560 superius
492 1483 524 1544 in
545 1486 607 1546 line
629 1485 752 1563 primae
775 1483 879 1549 Partis
899 1484 995 1566 longa
1017 1485 1215 1550 discussione
1243 1486 1312 1563 egi·

180 1603 263 1646 mus
287 1584 327 1648 de
347 1584 596 1663 interpolatione
617 1587 839 1650 commentarii
862 1587 969 1666 graeci
991 1584 1027 1649 ia
1047 1585 1243 1652 nareiacum
1270 1586 1311 1649 ab

179 1683 314 1748 Baetin
334 1685 495 1760 translati,
508 1694 691 1765 opportuna
714 1687 804 1750 uobis
822 1687 876 1750 btc
892 1686 978 1750 venit
990 1689 1139 1767 quaestio
1155 1689 1195 1751 de
1214 1687 1306 1750 varin

178 1786 420 1850 eunuchorum
435 1803 552 1866 genere
566 1786 608 1848 ob
622 1786 666 1861 id,
685 1788 771 1867 quod
787 1785 919 1867 Origeui
942 1788 1001 1867 ipsi
1017 1788 1211 1866 imputatum
1232 1787 1309 1864 luit,

180 1887 329 1962 lucinus,
343 1893 448 1950 stante
469 1885 548 1951 Jesn
570 1889 748 1950 sententia:
765 1897 794 1951 rt
807 1897 883 1951 sunt
898 1887 1117 1972 rnnncbi,qui
1135 1906 1167 1949 se
1188 1897 1311 1953 costro-

178 1995 305 2050 oemnt
323 1997 452 2067 propter
474 2005 606 2072 srqnuos
629 1989 796 2052 coelorum.
825 1987 951 2055 Verum
980 1989 1174 2070 priusquam
1201 1996 1310 2053 textus

180 2087 299 2168 graeei
317 2091 507 2164 varietatem
524 2108 542 2152 a
561 2097 670 2154 sotere
686 2088 867 2171 interprete
883 2091 1048 2172 proferam
1064 2091 1095 2153 in
1111 2092 1210 2173 hujus
1224 2090 1310 2156 Scrl·

180 2198 309 2271 pturse
329 2189 594 2266 illustrationem,
616 2192 746 2255 silentio
768 2194 868 2256 nolim
893 2195 1069 2273 praeterire
1082 2196 1115 2257 iu
1144 2194 1207 2257 lroc
1234 2193 1309 2257 loco

179 2290 323 2367 lamam,
338 2309 436 2371 qnae,
452 2292 561 2355 adbuc
575 2295 608 2355 in
624 2293 705 2356 siris
726 2293 862 2374 degente
877 2292 1032 2374 Origene,
1055 2293 1095 2357 de
1117 2312 1157 2357 en
1179 2311 1310 2373 perere·

178 2390 269 2467 buit,
283 2393 377 2469 quasi
387 2391 455 2470 ipse
467 2392 498 2455 iu
517 2410 637 2471 corpus
649 2411 747 2456 snum
760 2395 927 2471 saevisset,
942 2394 1033 2458 ferro
1045 2395 1238 2475 genitalibus
1250 2413 1307 2458 ex·

179 2492 270 2558 cisis.
289 2489 361 2556 Hoc
380 2498 490 2557 antem
505 2510 569 2556 nou
583 2494 690 2556 solnm
712 2495 753 2557 ab
774 2496 983 2584 adversariis,
999 2494 1054 2559 sed
1074 2495 1171 2558 etiam
1192 2495 1234 2560 ab
1255 2496 1306 2572 iis,

178 2594 240 2674 qul
261 2609 342 2658 suas
364 2599 470 2672 partes
489 2611 687 2674 suscepere,
712 2595 856 2660 traditur
875 2604 909 2661 et
930 2596 1122 2676 praesertim
1143 2597 1184 2658 ab
1205 2595 1308 2660 Euse-

178 2694 250 2772 bio,
278 2695 335 2773 qui
356 2695 389 2756 iu
410 2693 511 2759 Libro
525 2693 583 2758 Vl.
606 2713 634 2758 c.
656 2696 688 2761 ⁷.
711 2695 795 2761 ilict.
811 2695 939 2762 Eccles.
960 2697 1093 2762 scribit:
1111 2719 1128 2756 ιι
1144 2696 1307 2761 Paridem

177 2803 317 2876 tempus
334 2793 502 2875 Origenes,
519 2795 598 2858 dum
618 2795 758 2861 scholae
771 2796 1016 2874 alexandrinae,
1033 2815 1132 2877 quam
1149 2798 1305 2872 diximus,

177 2902 362 2978 praeerat,
385 2895 509 2959 lacinus
530 2896 693 2976 quoddam
715 2897 866 2961 admisit:
900 2896 988 2977 qnod
1011 2896 1143 2976 quidem
1165 2896 1243 2958 licet
1262 2914 1305 2960 ex

177 2997 297 3060 animo
310 2996 385 3060 rudi
401 3005 433 3060 et
451 2995 589 3077 juvenili
605 2996 774 3060 rideretur
794 3016 864 3060 esse
885 2997 1082 3078 proiectum,
1100 2995 1173 3059 ddei
1197 3005 1305 3060 temen

175 3106 210 3162 et
224 3096 441 3161 castimoniae
454 3096 615 3177 specimen
635 3097 815 3162 maximnm
830 3096 927 3160 dabat
939 3102 1001 3160 etc.
1015 3115 1032 3156 a
1045 3094 1167 3160 Narrat
1189 3095 1304 3160 delude

175 3197 361 3273 Eusebius,
384 3193 585 3262 Demetrium
602 3196 822 3262 Alexandriae
838 3199 1039 3277 episcopum,
1061 3197 1118 3276 qni
1142 3197 1201 3259 etsi
1227 3203 1305 3260 tnnc

180 3299 314 3363 lacinus
335 3316 397 3361 non
420 3298 628 3377 probaverit,
652 3308 757 3361 tamen
779 3298 858 3361 nilril
879 3305 993 3362 contra
1014 3297 1189 3376 Origenpm
1213 3293 1305 3358 moli-

181 3410 255 3464 tum
277 3417 371 3476 esse;
393 3400 452 3463 nisi
473 3399 574 3480 quod,
598 3400 683 3463 lama
704 3399 805 3478 ipsius
826 3400 859 3461 in
881 3399 948 3461 dies
974 3403 1179 3477 augescente,
1194 3415 1305 3462 eemu-

177 3501 306 3565 latione
321 3500 460 3580 quadam
475 3502 623 3564 incensus
644 3501 827 3581 episcopus,
848 3499 998 3564 iocinoris
1019 3498 1119 3579 hujus
1134 3515 1226 3561 reum
1248 3515 1306 3560 nn·

180 3612 255 3665 tare
276 3607 414 3665 conatus
435 3607 484 3665 est
504 3602 611 3682 palam
633 3600 907 3675 commendem,
930 3600 986 3679 qni
1008 3599 1036 3662 ei
1059 3615 1173 3662 manns
1200 3598 1303 3677 impo-
1384 3667 1388 3674 ,

179 3708 319 3766 suerent
339 3718 400 3782 pro
414 3702 607 3786 presbyterii
629 3719 776 3767 munere.
793 3700 836 3765 Et
854 3700 894 3764 de
910 3701 972 3764 boc
989 3699 1163 3778 Origenem
1180 3699 1306 3778 arquis·

179 3821 216 3866 se
231 3805 279 3867 ait
298 3801 461 3867 Eusebius
489 3802 712 3879 Demetrium,
732 3819 806 3866 cnm
825 3801 917 3865 nulla
937 3801 1000 3864 alia
1017 3801 1049 3862 in
1070 3800 1176 3880 ipsum
1196 3800 1302 3863 crimi-

180 3905 273 3968 natio
293 3903 353 3967 sibi
373 3910 572 3985 suppeteret.
593 3903 794 3985 Epipbadns
810 3920 889 3966 rero
911 3899 1048 3964 Haeresi
1067 3897 1119 3970 bl.
1134 3918 1164 3962 u.
1187 3897 1217 3964 3.
1242 3901 1305 3964 hoc

179 4003 270 4066 idem
293 4019 460 4066 recensens
489 4003 633 4080 lactum,
663 4003 796 4066 scribit:
821 3998 1011 4066 «Ceterum
1038 4001 1188 4064 eumdem
1210 3997 1304 4068 illum

178 4100 358 4182 Oripeuem
379 4109 513 4166 namant
533 4102 687 4184 quiddam
703 4103 735 4165 in
755 4100 992 4183 corpusculum
1006 4117 1105 4163 snum
1127 4085 1308 4180 excogitas·

178 4219 237 4281 se:
259 4204 328 4267 sire
350 4221 488 4268 nervum
509 4203 592 4280 sibi,
617 4209 654 4267 ut
675 4202 807 4284 qnidam
830 4202 1030 4276 existimant,
1053 4201 1214 4276 inciderit,
1237 4219 1304 4279 qno

177 4305 214 4363 'se
235 4302 469 4368 illecebrarum
493 4305 638 4368 molestia
659 4305 830 4382 liberaret,
853 4322 959 4383 neque
981 4301 1132 4381 turpibus
1154 4302 1304 4382 corporis

178 4403 325 4468 motibus
340 4405 432 4468 velut
446 4405 594 4469 incendio
609 4405 750 4486 quodam
765 4409 951 4468 aestuaret:
968 4403 1048 4478 sive,
1068 4403 1155 4481 qnod
1172 4402 1226 4465 alii
1239 4418 1306 4465 ma-

177 4500 266 4579 lunt,
282 4505 515 4571 medicamento
530 4506 641 4586 aliquo
663 4507 810 4586 partibus
824 4504 890 4568 illis
910 4503 1075 4584 imposito,
1095 4503 1302 4569 raucescit.»
