3375 5567
192 763 241 816 tam
258 753 515 822 immutabimur?
536 757 628 835 Quae
648 759 764 837 ntique
789 755 972 819 immutatio
992 755 1170 820 weosdnm
1191 757 1287 820 ittam

192 859 329 934 ordinem,
351 879 451 943 quem
473 861 625 941 superius
645 858 816 922 docuimus
838 858 1037 938 expectanda
1059 866 1107 921 est
1128 867 1190 921 ete.
1214 877 1243 922 u.

258 961 412 1024 Aduersus
444 959 566 1026 Celsum
597 979 697 1045 porro
729 959 827 1024 Libro
851 957 889 1021 V.
913 978 945 1022 n.
966 957 1006 1026 tt
1033 959 1119 1023 idem
1149 960 1291 1025 adstruit

191 1062 317 1125 tamdem
347 1065 479 1128 tradens
505 1065 677 1128 lectionem
699 1062 826 1126 oreoeuii
857 1063 1046 1142 apostotici:
1069 1083 1087 1121 u
1110 1061 1183 1126 Non
1205 1064 1290 1126 eoin

191 1164 403 1230 animadvertit
434 1167 590 1245 (Celsus)
621 1183 738 1228 arcuna
770 1165 910 1245 quadum
931 1164 1085 1243 supientia
1107 1163 1230 1228 diotnm
1251 1164 1293 1226 ab

192 1265 332 1346 Apostoto
345 1266 428 1332 iesu
444 1269 554 1343 tuisse,
572 1266 609 1338 iu
622 1268 735 1347 πάντες
748 1261 1041 1358 κοιμηθησόμεθα,
1056 1263 1175 1346 πάντες
1187 1262 1224 1333 ot
1235 1263 1294 1334 ui·

189 1363 389 1460 ληιισᾶμεθα
410 1387 475 1432 nou
496 1389 600 1433 ommes
620 1371 807 1435 dormiamus
815 1393 830 1446 ;
847 1390 952 1434 omues
971 1377 1074 1432 ouum
1094 1367 1297 1432 commutabi-

191 1485 249 1530 mur
260 1467 293 1532 iu
310 1482 476 1545 mamerto,
497 1473 533 1535 iu
548 1472 613 1536 iotu
627 1473 728 1550 orutt,
741 1474 776 1538 iu
797 1471 973 1538 uoeusima
986 1471 1086 1536 tubus
1109 1471 1293 1534 emmunim

190 1570 264 1645 tubo,
281 1582 308 1632 rt
320 1571 442 1636 mortui
456 1584 621 1656 rerurqeut
640 1573 832 1656 incorrupti,
848 1586 877 1638 et
889 1594 948 1638 mos
960 1571 1212 1642 immutabimur.
1226 1569 1294 1636 se-

193 1689 221 1734 re
238 1680 341 1735 temen
362 1673 457 1736 iilum
479 1678 647 1755 oportuit,
669 1677 747 1758 qnid
770 1679 801 1738 iu
821 1679 930 1740 animo
950 1675 1085 1739 haberet
1105 1676 1146 1750 is,
1167 1675 1224 1755 qui
1245 1675 1293 1737 sio

189 1773 325 1856 loquitur
347 1784 386 1839 ut
408 1777 474 1856 ipse
494 1795 700 1861 nequequam
722 1785 873 1842 mortuos
884 1797 896 1857 3
910 1778 968 1859 qui
980 1796 1016 1841 se
1035 1777 1153 1858 suique
1173 1774 1295 1838 simibus

190 1894 203 1937 a
222 1881 356 1942 mortuis
375 1888 544 1961 segregem
560 1882 616 1962 qni
639 1890 810 1962 pomqutm
833 1881 928 1955 dixit,
942 1887 972 1944 et
992 1877 1111 1942 mortui
1128 1886 1293 1958 resuroeut

190 1977 369 2060 iueorrupti,
385 1981 473 2044 addit
492 1991 522 2044 at
535 1999 591 2044 uas
605 1981 852 2046 immutabimur.
869 1981 977 2062 Atque
989 1981 1075 2045 huno
1088 1980 1292 2044 intellectum

190 2097 291 2144 eorum
311 2101 395 2159 esse,
417 2101 502 2166 quoe
523 2103 564 2148 ex
587 2085 696 2166 priore
717 2085 755 2146 ad
778 2081 965 2147 Corinthios
987 2081 1131 2163 Epistola
1154 2082 1290 2162 protuti-

191 2199 262 2259 mns,
283 2185 478 2248 confirmant
499 2204 549 2263 ea,
571 2205 656 2268 quae
678 2187 836 2267 inpriore
857 2186 897 2246 ad
916 2181 1216 2247 Thessalonioenses
1236 2183 1293 2244 he·
1359 2225 1365 2235 -

190 2281 305 2349 beatur.
330 2283 368 2348 lu
390 2287 450 2352 tna
472 2288 555 2350 enim
578 2288 701 2352 Paulus
729 2294 765 2352 ut
787 2289 881 2352 siens
901 2295 934 2350 et
955 2285 1089 2367 vigilans
1109 2291 1143 2347 et
1162 2284 1293 2348 omniun

190 2387 358 2450 amortuis
379 2388 528 2452 diuersos
543 2392 609 2453 uit:
632 2390 688 2452 bor
709 2386 792 2452 emim
814 2387 900 2451 uobis
920 2384 1057 2451 diaimur
1076 2383 1214 2448 imosrbo
1235 2383 1297 2448 ibe

188 2483 268 2561 mimi,
289 2486 369 2568 quia
390 2507 449 2552 uas
462 2490 519 2572 qui
538 2488 695 2567 uiuimus}
717 2491 774 2572 qui
795 2486 921 2553 residui
937 2507 1048 2551 tumtur
1068 2487 1105 2552 iu
1125 2488 1294 2552 mertum

191 2584 305 2653 domist
319 2597 377 2654 eta.
396 2611 412 2648 u
427 2589 518 2656 Unde
532 2610 640 2669 arnus,
663 2609 767 2674 quare
780 2591 939 2672 Origenes
952 2590 1035 2654 dioto
1055 2585 1231 2671 apeetoIies
1245 2587 1292 2652 le·

189 2693 270 2767 terit,
292 2694 644 2773 comprehenderimus
661 2695 765 2758 textui
787 2702 999 2757 consentanea
1014 2690 1143 2757 Codicis
1165 2689 1291 2754 Vatiae·

181 2793 215 2853 ui
232 2793 326 2858 sicuti
348 2805 380 2858 et
413 2797 514 2874 ipsius
541 2793 633 2859 Penii
664 2797 783 2860 snssui.
812 2794 969 2859 Similiter
988 2792 1025 2857 im
1053 2791 1231 2873 Epistulam
1249 2791 1290 2855 ed

190 2891 480 2961 Tbmselonieonses
495 2899 548 2976 (es
561 2895 690 2961 Litteris
705 2895 945 2980 tttarooyntad
957 2894 1155 2961 Minervium
1170 2903 1203 2958 et
1216 2893 1294 2958 tu-

189 2997 365 3077 sandram)
399 2999 446 3062 bis
467 3001 611 3063 eamdem
642 2997 814 3064 lectionem
837 2999 965 3082 protest
990 2998 1168 3079 Origenes:
1191 3005 1294 3061 otum

189 3114 243 3160 mom
262 3099 468 3178 domiturus,
491 3116 594 3166 omues
613 3112 717 3164 nutem
734 3099 987 3165 immutabimur.

257 3199 354 3263 flend
377 3219 479 3282 porro
501 3202 596 3266 utitor
624 3203 705 3283 legit
726 3219 763 3265 ao
786 3203 1018 3283 interpretetus
1038 3208 1087 3266 est
1107 3201 1291 3282 praeiotutn

192 3300 399 3366 testimoninm
416 3304 530 3367 aestus
552 3301 730 3384 Gregorius
752 3302 917 3389 nyssenus
932 3305 964 3366 iu
984 3302 1083 3366 libre
1099 3302 1143 3366 De
1156 3299 1292 3366 ursinis

191 3397 316 3481 opificio
336 3423 366 3468 o.
398 3403 451 3472 22.
481 3407 649 3486 persoieno
680 3406 850 3486 inquiens:
873 3425 893 3466 ι
912 3403 1022 3482 Quom
1043 3407 1145 3486 igitur
1164 3405 1295 3468 unirer·

191 3519 218 3565 se
231 3521 327 3583 genus
342 3512 492 3568 nostrum
509 3503 596 3568 Deus
612 3507 623 3584 t
632 3506 688 3584 qni
704 3513 818 3568 ouoote
834 3505 948 3568 ordine
965 3513 1056 3568 certo
1070 3503 1291 3580 administrat)

193 3609 384 3686 prospiceret
400 3625 490 3669 moro
506 3607 678 3670 brutorum
693 3607 902 3670 animantium
917 3609 1082 3670 oritorum
1090 3629 1103 3686 3
1118 3624 1223 3687 nequa
1238 3604 1293 3670 tie·

193 3707 215 3768 ri
234 3709 329 3772 aliter
350 3726 443 3790 posse
459 3709 666 3789 intelligeret,
676 3725 781 3790 onam
794 3719 833 3773 ut
855 3711 917 3773 troo
931 3710 1027 3772 mudo
1042 3718 1291 3791 mergeretur,

191 3817 344 3873 natureae
361 3821 469 3873 nostro
493 3812 700 3875 humiliorem
716 3812 754 3874 ed
777 3820 898 3876 statum
914 3812 1113 3886 demittente,
1128 3812 1213 3875 siout
1228 3811 1296 3890 ipsa

193 3910 286 3973 nnita
306 3921 382 3974 aute
405 3911 476 3974 iore
498 3912 725 3992 prasotserst,
752 3913 808 3992 qni
832 3911 962 3976 tuturos
982 3919 1120 3973 erentes
1142 3915 1295 3990 tanquam

193 4020 439 4099 repraesentes
460 4012 622 4086 intuetur,
652 4013 748 4076 etiarn
770 4029 889 4078 omnin
910 4011 1074 4092 quoddam
1104 4010 1296 4074 conveniens

195 4111 319 4188 opificio·
332 4114 477 4176 hnmano
496 4115 700 4194 praestituit,
725 4126 760 4178 ut
780 4115 962 4177 animarum
984 4129 1121 4176 numero
1143 4111 1297 4191 temporis

196 4209 315 4278 duratio
328 4214 558 4294 mamesdoret:
580 4223 679 4296 utque
701 4224 769 4279 tum
786 4216 916 4278 demum
937 4212 1049 4278 besue
1068 4212 1124 4275 ttta
1139 4213 1293 4293 tenpons

196 4323 291 4378 notos
302 4317 499 4396 quiesearet,
516 4334 618 4397 quum
632 4334 734 4397 genus
756 4318 935 4380 hamanum
950 4313 1125 4398 propagari
1137 4313 1292 4376 desiisset.

195 4407 290 4494 liujus
311 4416 449 4499 deniquo
470 4419 694 4499 procreatione
713 4417 878 4491 absoluta,
901 4417 1055 4498 temporis
1074 4416 1173 4480 etiem
1192 4417 1294 4478 eonti-

198 4517 294 4581 onrtio
308 4520 511 4601 essmrerets
527 4527 682 4600 sequente
706 4537 783 4584 vero
798 4535 911 4584 rernm
929 4517 1162 4582 instauratione
1176 4525 1207 4579 et
1221 4528 1294 4580 ιιι·
