3375 5567
455 795 496 857 de
510 794 667 875 episcopis
688 784 809 875 sugetis
825 788 1004 861 visibilibus
1026 794 1099 874 (sub
1113 796 1224 860 eedem
1244 796 1467 877 significetionn
1482 798 1531 880 que

456 898 562 959 utitur
583 895 787 979 Evangelistn
809 898 841 959 iu
857 898 1068 981 Apocalypsi)
1091 900 1146 981 qui
1168 900 1199 963 iu
1223 906 1310 963 terre
1333 910 1464 965 sunctum
1482 920 1532 967 me·

455 999 588 1061 dictoris
609 998 749 1064 odicium
772 1008 938 1078 exercent,
961 1002 1045 1065 iuter
1066 1001 1171 1065 neom
1191 1010 1224 1067 et
1246 1003 1387 1067 homiues
1405 1023 1457 1066 suo
1470 1007 1534 1084 repi-

454 1101 529 1162 mini
542 1100 699 1165 subditos.
718 1099 752 1164 lu
767 1120 834 1183 quo
854 1104 1033 1167 ministerio
1054 1121 1115 1184 per
1132 1105 1391 1168 assimilationem
1410 1107 1536 1186 sequipe-

453 1208 571 1264 rsutur
589 1201 755 1282 spiritibus
782 1202 976 1266 coelestibus
998 1204 1112 1269 lseiem
1137 1204 1240 1268 Petris
1264 1205 1436 1268 etdeotttos
1457 1205 1536 1267 veluti

453 1303 484 1363 in
498 1300 697 1383 scripturis:
719 1316 825 1366 corum
837 1302 901 1365 Dee
921 1302 1106 1370 omdulooit.
1125 1304 1231 1381 Quem
1248 1306 1396 1369 visionem
1416 1305 1484 1370 alies
1502 1308 1536 1367 stt

451 1404 604 1484 consequi
625 1403 735 1468 lideles
754 1421 865 1468 omues
887 1405 1040 1470 condect
1060 1407 1253 1471 conscientie
1277 1408 1420 1469 muudou
1441 1408 1535 1469 oties.

450 1520 480 1580 g.
502 1502 539 1566 in
569 1504 733 1568 Psolosum
764 1503 884 1568 xxttt.
908 1504 939 1573 6.
965 1504 1053 1571 Haec
1082 1517 1128 1571 est
1157 1504 1319 1589 peuerotio
1347 1506 1537 1588 quaerentium

448 1623 532 1682 eune,
545 1605 764 1688 quaerentium
772 1606 891 1687 ‘sociem
909 1606 965 1671 oet
976 1607 1095 1672 loculi.
1112 1632 1130 1670 n
1147 1610 1189 1673 At
1203 1626 1310 1682 nemo,
1335 1609 1446 1690 iuquit,
1457 1626 1538 1687 quee-

449 1726 524 1772 reus
552 1708 667 1772 ln‘ciem
689 1706 769 1785 Dei,
792 1710 844 1773 tric
866 1709 980 1774 iccium
1003 1709 1061 1775 llei
1085 1710 1226 1778 videbit:
1249 1708 1320 1776 Neu
1340 1710 1419 1773 euim
1447 1708 1538 1773 videdit

447 1808 538 1872 tomo
556 1807 671 1891 sociem
689 1829 799 1887 mum,
822 1821 852 1875 et
871 1810 966 1876 uiuet.
991 1812 1113 1877 Mutari
1135 1821 1164 1876 te
1185 1830 1314 1878 necesse
1329 1821 1388 1888 est,
1411 1820 1444 1876 ut
1457 1831 1537 1892 qure-

447 1929 520 1975 reus
541 1910 655 1976 taciem
678 1910 748 1990 Dei,
772 1914 862 1978 illum
886 1914 1003 1977 videos.
1026 1912 1176 1977 Humane
1197 1915 1304 1978 omnin
1328 1916 1382 1977 ttut
1412 1914 1540 1997 objicien-

447 2012 486 2075 do
512 2021 599 2082 suut.
624 2013 783 2094 Angelum
808 2021 839 2078 te
860 2015 925 2080 imo
946 2025 978 2081 et
1000 2012 1103 2079 Deum
1126 2016 1195 2079 lieri
1216 2024 1357 2096 oportet.
1390 2014 1466 2079 Nem
1484 2014 1540 2081 sat-

447 2124 541 2180 vetor
559 2118 616 2179 sit:
639 2133 678 2178 ue
697 2113 904 2180 contemnetis
926 2136 1025 2180 uuum
1045 2118 1082 2180 ds
1099 2116 1231 2198 pusillis
1252 2115 1322 2179 istis
1343 2127 1405 2181 etc.
1428 2138 1443 2175 s

525 2217 639 2282 Postea
656 2221 688 2283 in
707 2221 825 2283 uostris
844 2219 1095 2285 discussionibus
1116 2218 1284 2302 pergentes
1306 2221 1445 2283 silerum
1467 2236 1541 2299 repe·

445 2319 548 2382 rimus
568 2318 717 2398 Origenis
741 2320 958 2383 testimoninm
980 2319 1065 2381 circu
1091 2321 1212 2382 soriam
1234 2321 1425 2399 angelorum
1448 2321 1538 2382 besto·

444 2437 518 2483 enm
533 2428 567 2483 et
586 2420 780 2483 doemonum
796 2428 959 2496 ustorum,
982 2420 1185 2501 obsignatum
1208 2420 1238 2481 in
1262 2418 1362 2484 Libro
1380 2419 1434 2483 ΙΙΙ.
1455 2440 1482 2481 o.
1495 2417 1539 2483 tt.

444 2530 556 2585 contra
580 2519 758 2585 Celsumtu
781 2520 934 2585 Ceterum
951 2521 1105 2605 aegyptii,
1127 2522 1187 2595 nit,
1202 2522 1287 2586 docti
1313 2522 1483 2587 Antinoum
1500 2540 1541 2581 re·

443 2623 551 2686 uereri
566 2621 671 2685 les-eut
689 2623 784 2686 illum
810 2642 884 2685 cum
902 2622 1066 2702 Apolline,
1080 2630 1138 2688 sot
1152 2621 1170 2688 J
1175 2642 1236 2687 ove
1251 2624 1448 2704 comparari,
1463 2624 1541 2705 qoip·

442 2742 482 2806 pe
503 2724 575 2789 idco
589 2726 682 2789 illum
703 2725 828 2801 colunt,
844 2726 919 2806 quin
942 2725 1100 2791 incudem
1122 2742 1160 2787 uc
1178 2724 1251 2788 illos
1273 2742 1412 2789 numero
1428 2723 1539 2786 hebent.

441 2824 523 2891 Nom
544 2836 633 2892 certe
654 2826 768 2894 Celsus
789 2828 963 2903 mentitur,
981 2846 1055 2891 cum
1078 2827 1194 2909 iuquit,
1210 2844 1275 2889 unu
1293 2845 1446 2906 passuros
1467 2842 1543 2903 nepp-

437 2928 534 3010 ptios‚
555 2926 679 3010 siquis
699 2927 792 2991 illum
813 2946 886 2991 cuns
907 2926 1053 3010 Apolline
1072 2936 1129 2990 out
1148 2926 1222 2991 love
1252 2926 1488 3007 comparaverit.
1509 2926 1542 2986 dt

440 3032 629 3103 christiani,
651 3033 709 3110 qut
737 3029 920 3095 didtceruut
941 3039 1108 3095 ueternum
1129 3050 1164 3093 ss
1185 3048 1318 3095 munere
1340 3034 1438 3095 vitem
1453 3032 1481 3092 io
1500 3044 1544 3090 co-

441 3134 621 3214 pnoecendo
642 3135 713 3196 solo
729 3149 842 3197 rerum
863 3134 1008 3197 omnium
1035 3152 1113 3197 vero
1130 3131 1212 3210 beo,
1228 3140 1260 3197 et
1274 3151 1326 3209 eo,
1351 3150 1448 3213 quem
1461 3128 1543 3197 misit·

440 3233 519 3299 lesu
541 3232 696 3307 Christo,
732 3234 892 3316 positnm3
926 3234 981 3316 qui
1005 3241 1126 3323 norunt
1157 3252 1268 3298 omnes
1299 3232 1387 3298 [leus
1420 3232 1544 3313 gentium

439 3336 533 3399 eride
558 3353 628 3400 esse
653 3336 820 3399 daemonis
853 3338 976 3401 circum
1001 3336 1158 3413 victimas,
1179 3335 1383 3416 sauguinem,
1413 3335 1543 3411 eliasque

436 3436 671 3502 sacrificiorum
687 3448 795 3519 portes
811 3437 995 3519 soliteutie3
1012 3436 1109 3519 idque
1127 3445 1163 3501 ut
1178 3456 1233 3500 eos
1248 3437 1421 3518 decipient,
1437 3434 1490 3516 qui
1508 3430 1540 3493 ed

439 3535 543 3601 Deum
559 3556 670 3602 rerum
685 3538 827 3601 omnium
843 3554 908 3601 nou
923 3537 1127 3617 confugiunt:
1151 3539 1207 3617 qui
1223 3538 1330 3602 sciunt
1345 3538 1469 3600 diuinos
1481 3552 1542 3599 snu-

438 3648 572 3720 ctosqne
600 3639 659 3703 {lei
679 3639 812 3719 angelos
832 3628 935 3719 ἄλλης
958 3634 1077 3731 φύσεως
1107 3637 1243 3702 ulterius
1264 3648 1404 3703 usturse
1435 3655 1499 3700 esse
1516 3640 1543 3697 et

440 3740 616 3805 voluntatis
641 3758 680 3804 ec
703 3741 876 3808 doemones
896 3758 1019 3815 omues,
1042 3741 1097 3821 qni
1119 3757 1220 3819 super
1236 3748 1358 3803 terrem
1381 3750 1469 3817 suut;
1484 3738 1546 3799 hos·

437 3862 503 3924 que
523 3844 694 3923 perpaucis
715 3850 808 3905 uotos
828 3860 910 3917 esse,
934 3842 971 3904 iis
993 3840 1159 3916 nimirum,
1183 3842 1238 3921 qui
1255 3841 1437 3921 prudenter
1455 3848 1486 3903 et
1499 3855 1543 3899 ec·

437 3951 552 4006 comte
572 3942 636 4006 illis
666 3942 893 4024 cognoscendis
914 3940 990 4004 dsnt
1011 3959 1166 4023 opernm:
1195 3941 1385 4019 christiani,
1408 3941 1543 4020 toqoem,

436 4065 499 4109 nou
519 4045 735 4119 sustinebunt,
758 4042 942 4124 comparent
959 4043 1143 4124 Apollinem
1165 4051 1199 4107 et
1217 4041 1347 4120 lovem,
1371 4052 1429 4107 sut
1443 4058 1544 4123 queu-

439 4152 485 4213 sis
506 4166 636 4224 eorum,
657 4148 714 4228 qni
736 4145 843 4227 adipe,
866 4146 1021 4228 sunguine
1042 4152 1075 4217 et
1098 4146 1234 4212 victimis
1257 4146 1439 4226 placentur.
1462 4140 1526 4223 (1)»

501 4380 540 4457 (1)
565 4380 691 4439 Dmmm
714 4397 850 4456 ogrocen
870 4396 936 4437 rone
959 4378 1028 4437 dulu
1046 4379 1108 4449 seio,
1122 4380 1204 4437 docet
1215 4376 1295 4435 Pluto
1312 4378 1343 4434 iu
1363 4374 1486 4451 (inelyte,
1504 4388 1548 4427 un·

429 4473 465 4530 de
483 4471 588 4553 deipsis
604 4474 648 4531 vel
669 4472 787 4551 deipsis.
809 4473 849 4531 Et
869 4473 944 4547 epod
962 4474 1065 4531 latinos
1086 4478 1228 4531 contracte
1256 4472 1376 4537 tunm,
1398 4468 1441 4525 eel
1458 4468 1547 4525 meunt

430 4567 518 4623 estius
536 4566 615 4624 subit
628 4566 851 4642 significationes
866 4584 901 4625 ex
923 4582 1087 4641 graecorum
1105 4584 1170 4625 usu.
1189 4564 1281 4623 Vetus
1298 4563 1416 4621 Homeri
1434 4558 1548 4620 sebois·
