3375 5567
232 798 321 864 l’atet
333 802 459 881 itaque,
472 819 547 866 eam
561 801 719 883 Origenes
734 811 799 867 tam
820 806 970 886 ingenae,
985 805 1126 870 solerter
1147 823 1185 868 se
1207 806 1259 867 tir·

165 923 206 966 ms
223 912 348 980 teneat,
371 904 527 968 mundam
550 923 652 970 naum
674 923 691 968 s
715 904 783 970 lleo
803 908 987 982 eonditum,
1015 909 1110 988 onjns
1133 908 1258 970 initiunt

164 1006 257 1086 posoit
274 1005 372 1068 sinuli
390 1023 434 1068 ex
455 1005 556 1070 sibilo
577 1009 733 1072 materiae
754 1008 965 1084 creationem,
985 1016 1084 1088 patet,
1107 1025 1190 1087 quos
1205 1006 1264 1067 ibi·

163 1109 224 1169 dem
243 1106 408 1170 admiserit
429 1107 541 1186 pluras
555 1107 692 1172 mundos
713 1118 745 1173 ot
757 1111 941 1188 dissimiles,
963 1110 1102 1172 nonnisi
1123 1109 1184 1172 aab
1199 1110 1260 1171 eis·

162 1207 225 1270 dem
235 1217 463 1272 creaturarum
473 1210 680 1274 rationalium
692 1215 864 1275 varietates
875 1212 1166 1292 comprehendisse,
1176 1227 1262 1291 quaa

163 1309 259 1374 inboe
279 1311 395 1375 visibili
415 1310 536 1374 mundo
555 1312 675 1392 degunt
691 1320 844 1394 tanquam
868 1315 999 1377 totidem
1016 1312 1139 1390 mundi3
1161 1322 1193 1375 et
1208 1311 1264 1374 ubi

164 1411 199 1476 ob
221 1414 342 1476 ramam
364 1414 507 1493 ipsarum
531 1415 690 1478 actionem
717 1415 853 1495 singulis
875 1435 976 1496 propo
1005 1417 1182 1478 arbitratus
1212 1415 1263 1477 sui

166 1534 262 1591 mum,
283 1515 444 1578 dissimilis
465 1534 597 1596 quoqne
612 1535 726 1580 earam
745 1526 850 1580 status
871 1518 1070 1597 supervenit,
1093 1525 1150 1580 nul
1172 1534 1266 1596 prae·

164 1617 301 1691 stantior,
315 1623 373 1678 aut
393 1616 541 1691 inferior,
556 1619 624 1680 sire
639 1618 723 1680 inter
741 1617 873 1680 eosdem
896 1618 1031 1680 medius.
1049 1615 1089 1680 Et
1110 1637 1150 1681 eo
1165 1619 1265 1698 magis

165 1717 241 1797 quod
263 1717 466 1780 manileatum
488 1725 550 1792 est,
572 1718 653 1780 bano
673 1720 894 1800 quaestionem
915 1719 956 1784 de
977 1719 1173 1783 mundorum
1195 1719 1268 1799 plu-

166 1819 283 1882 ralitate
303 1837 342 1882 au
366 1820 522 1881 varietate
541 1821 700 1882 excitasse
719 1820 895 1900 Origenem
924 1841 965 1884 os
987 1821 1264 1885 animaduerslone

167 1924 312 1984 arteriae
331 1939 524 1998 corporeae,
543 1938 607 2000 ona
624 1922 763 1986 bumana
778 1931 903 1986 constat
916 1931 1050 2001 natara;
1066 1923 1267 1986 discutiendo

167 2039 236 2084 nam
255 2024 314 2084 ista
337 2030 493 2102 perpetua
517 2031 655 2098 maneat,
677 2031 735 2087 aut
754 2023 893 2100 decidat,
917 2032 1075 2100 mutetur,
1087 2031 1120 2087 et
1141 2031 1266 2104 perast3

167 2124 245 2201 qnod
266 2140 381 2185 resera
411 2123 578 2186 constitnit
597 2125 781 2202 argumenti
801 2127 852 2188 sni
875 2125 1087 2204 praecipuum
1110 2141 1243 2204 scopam
1255 2144 1267 2202 3

169 2225 196 2286 in
214 2224 361 2288 omnibns
374 2242 415 2287 eo
428 2226 576 2299 intuitus,
594 2233 631 2288 at
652 2227 821 2287 materiam
835 2227 983 2307 eorporis
1003 2227 1105 2288 nostri
1121 2227 1269 2306 quamvis

168 2327 419 2407 corruptibilem,
437 2335 542 2388 tamen
563 2342 775 2406 perseverare
796 2345 889 2406 posse
910 2328 1106 2402 ostenderet,
1122 2327 1216 2390 sirati
1239 2328 1270 2388 in

170 2429 296 2493 veritate
318 2437 438 2503 manet,
453 2448 496 2492 ex
521 2429 732 2508 corruptione
755 2430 909 2492 translata
931 2430 962 2492 in
984 2447 1103 2509 corpas
1120 2432 1269 2494 incorra-

170 2531 272 2610 ptibile
292 2539 325 2594 et
345 2531 541 2594 immortale.
1168 2601 1171 2610 ¹

244 2631 384 2706 Deinde,
406 2631 494 2712 qnod
522 2632 588 2712 ipse
609 2631 765 2713 Origenes
785 2635 830 2696 sit
852 2633 922 2696 lieri
945 2651 1036 2714 posse
1064 2635 1199 2698 mundos
1225 2634 1271 2697 di·

171 2751 287 2809 rersos,
300 2753 365 2797 nou
386 2734 522 2797 minimis
538 2734 696 2799 stantibus
717 2736 949 2799 mutationibus
967 2739 998 2798 iu
1024 2745 1140 2799 natura
1157 2753 1273 2816 eorpo-

171 2852 220 2896 rsa
243 2835 451 2900 hamanitatis
480 2843 631 2907 nostrae,
657 2857 732 2901 enm
757 2839 789 2900 in
804 2838 864 2906 ‚bis
889 2837 1016 2900 mundis
1038 2838 1276 2917 contempletur

172 2947 331 3003 creaturas
346 2937 519 3002 rationales
532 2938 613 3000 idest
628 2940 803 3014 bominem,
814 2957 877 3002 uon
894 2940 1051 3002 absonum
1065 2938 1126 3003 bno
1146 2947 1275 3019 reputa·

174 3046 224 3100 tur
236 3057 253 3101 a
267 3040 396 3118 seriptis
417 3039 528 3117 ipsius,
545 3055 603 3102 neo
617 3041 748 3120 quidem
763 3060 780 3100 a
805 3048 952 3103 aeterum
969 3040 1102 3104 Petrum
1120 3038 1275 3102 sententia

172 3149 203 3201 et
213 3143 412 3204 etbaioornm
428 3139 641 3220 pbilosophis.
655 3139 839 3204 lliererniae
853 3159 992 3220 namque
1010 3141 1105 3204 rerba
1119 3143 1277 3220 interpre-

174 3249 251 3304 tatas
269 3262 297 3306 e.
321 3239 439 3306 xxttt.
469 3239 500 3306 6.
527 3239 567 3304 ln
584 3259 702 3320 ponam
726 3243 833 3305 oeulos
855 3259 1050 3322 marsupon
1071 3259 1119 3302 ros
1149 3242 1192 3303 od
1207 3241 1280 3322 plo·

174 3345 301 3407 condam
321 3353 350 3406 et
369 3344 521 3407 redurom
540 3361 589 3404 ros
603 3343 639 3404 in
659 3353 778 3404 terram
791 3343 885 3416 bone,
907 3343 1030 3406 scribit:
1048 3339 1170 3418 «Quod
1189 3359 1281 3406 mun·

175 3445 229 3508 das
242 3447 411 3509 universus
425 3455 459 3508 et
474 3445 535 3508 buo
550 3464 591 3507 ex
607 3445 817 3523 proportione
830 3445 971 3525 quadam
993 3445 1083 3507 solus
1104 3444 1201 3506 bomo
1220 3453 1279 3506 est.

176 3543 313 3610 larenies
341 3547 427 3609 buno
447 3547 579 3627 quidem
609 3545 768 3625 appellari
790 3545 941 3618 eoelum,
965 3563 1039 3608 enm
1062 3546 1144 3624 gerit
1171 3544 1281 3624 tnagi-

177 3663 242 3708 nem
262 3648 432 3726 coelestis3
454 3647 556 3710 alium
580 3664 658 3709 vero
680 3654 824 3720 terram,
845 3648 872 3708 si
894 3649 1012 3710 terrani
1036 3662 1113 3725 prae
1137 3663 1172 3708 aa
1197 3645 1280 3708 leret

178 3747 337 3828 imaginem
348 3769 361 3828 3
382 3766 456 3811 nam
476 3749 519 3823 ei,
541 3748 599 3827 qui
621 3748 778 3826 peccarit,
799 3749 986 3812 dictumest
1005 3759 1094 3811 terro
1114 3766 1164 3819 rr,·
1179 3747 1280 3810 aliurn

178 3849 207 3908 in
224 3853 325 3930 seipso
346 3851 516 3913 habentem
545 3847 676 3912 flumina
697 3849 843 3912 salientis
866 3851 897 3912 in
922 3851 1019 3913 vitam
1047 3859 1232 3925 aeternam,
1255 3852 1281 3912 si

177 3967 333 4014 mrmooes
345 3953 462 4015 babeat
484 3951 574 4030 potui
589 3950 781 4029 aptissimos,
805 3950 906 4013 alium
923 3950 1091 4014 habentem
1115 3968 1205 4014 snare
1219 3952 1283 4013 sal-

177 4068 244 4116 sam
262 4062 295 4116 et
315 4063 515 4127 aestuosum,
535 4052 567 4114 in
587 4068 654 4130 qno
668 4060 716 4114 est
736 4053 848 4126 draco,
868 4070 957 4132 quem
969 4051 1119 4131 sormunt
1142 4049 1225 4114 Deus
1239 4054 1283 4113 nd

179 4151 367 4218 mumadam
394 4154 473 4217 ei.»
505 4153 585 4218 item
606 4153 642 4214 r'n
664 4149 840 4230 Epinoion·
868 4151 911 4214 od
932 4147 1090 4213 Romanor
1113 4148 1210 4214 Libro
1235 4149 1282 4212 V:

181 4275 199 4310 r
218 4255 276 4318 Per
294 4275 395 4320 enom
408 4275 493 4337 erpo,
509 4257 626 4336 inquit,
638 4253 790 4316 bominem
802 4263 962 4332 meantum
983 4249 1130 4314 introivit
1150 4249 1186 4312 in
1200 4252 1284 4313 bunc

179 4359 332 4420 muers.
353 4356 496 4421 Mundus
510 4367 633 4432 antem,
646 4365 683 4419 ut
698 4356 853 4430 diximus,
869 4352 1094 4433 intelligendus
1108 4360 1157 4415 eat
1174 4352 1224 4415 vel
1239 4355 1286 4416 lo·

179 4473 245 4531 cns,
265 4461 294 4522 ia
315 4479 381 4540 qao
402 4460 546 4522 babitant
567 4458 723 4530 hominos,
742 4459 793 4520 rel
816 4467 944 4520 terrena
960 4465 992 4518 et
1012 4455 1192 4536 corporalis
1208 4456 1284 4528 rita,
1381 4454 1387 4465 ¹

181 4558 293 4639 inquo
314 4581 401 4626 mors
422 4561 518 4625 babet
539 4559 660 4625 locam.
683 4579 700 4618 s
723 4558 765 4623 lit
785 4559 885 4640 paulo
907 4565 978 4638 post
1000 4575 1042 4620 os
1064 4555 1177 4620 eodem
1203 4555 1287 4636 dpu-
