3375 5567
154 801 263 863 bussuli
281 801 370 864 electi
386 800 575 865 cumulandi
596 805 693 862 eruut
706 801 738 862 iu
758 799 868 862 coelis.
886 793 1009 861 Verum
1031 801 1224 859 mmnmmo-

152 905 181 965 to
197 902 340 968 Creotoris
361 923 443 984 opns
464 901 644 987 perlectum
675 900 930 982 repraesentabit
949 901 981 962 iu
1000 915 1140 978 corpore
1163 912 1227 959 suo

152 1005 276 1085 reprobus
289 1023 306 1068 a
321 1007 494 1068 vitiositate
513 1007 657 1084 expiato,
677 1011 740 1066 eta
758 1003 956 1067 mortalitate
972 1000 1013 1064 ad
1034 996 1226 1062 immortali·

153 1115 224 1168 tatem
243 1115 432 1182 transvecto,
447 1125 522 1171 cnm
540 1108 707 1171 voluntate
723 1123 782 1170 sua
797 1113 904 1168 tomen
925 1103 1063 1164 tirmiter
1082 1102 1115 1164 in
1136 1098 1223 1161 malo

151 1225 348 1288 perseverans,
364 1227 382 1271 a
400 1207 468 1272 lieo
489 1208 607 1272 ultimo
626 1207 688 1270 doe
707 1225 854 1282 eversus,
875 1215 909 1269 et
929 1207 961 1267 in
982 1204 1092 1284 poeuis
1113 1219 1228 1283 perpe-

151 1319 191 1370 tuo
207 1327 344 1390 manens3
366 1309 462 1392 cujus
484 1308 600 1370 ommis
619 1327 684 1372 ooo
704 1307 863 1384 moritur,
884 1315 913 1369 et
932 1305 1019 1386 ignis
1040 1323 1105 1366 ooo
1124 1300 1228 1364 ectio·

149 1407 239 1488 goder.
255 1409 294 1474 bt
306 1413 349 1474 ita
365 1419 478 1474 contro
496 1409 674 1491 Epicurum
689 1409 801 1472 scribit
821 1411 853 1470 in
869 1408 966 1470 Libro
979 1408 1131 1471 odorrem
1147 1401 1231 1466 Gee-

150 1521 180 1572 tu
190 1531 214 1574 n.
225 1509 270 1582 lb:
282 1535 299 1572 α
310 1511 364 1576 Sic
378 1520 411 1576 et
428 1511 589 1590 Epicurus
605 1529 731 1574 omnem
746 1513 930 1574 cruciatum
945 1510 1161 1587 dolore-que
1174 1506 1229 1570 de·

150 1613 253 1690 preciat,
268 1613 429 1675 medicum
446 1613 576 1693 quidem
592 1609 864 1691 contemptibilem
883 1607 1145 1688 pronunciando,
1164 1624 1230 1670 ma·

149 1727 221 1788 gnum
236 1730 309 1776 sero
334 1730 399 1776 uon
421 1714 625 1778 diuturnum.
643 1709 819 1776 Enimvero
834 1730 904 1787 nos,
920 1713 977 1792 qui
992 1711 1053 1774 snb
1071 1709 1140 1772 lieo
1160 1727 1230 1773 om·
1319 1729 1325 1741 .

151 1811 216 1874 dum
233 1814 436 1893 speculatore
457 1813 694 1894 dispungimur,
711 1814 833 1894 quique
854 1822 1027 1876 aeternam·
1041 1812 1133 1872 ebeo
1154 1827 1231 1890 poe-

151 1929 203 1974 nam
215 1916 431 1993 providemus,
445 1916 563 1979 merito
582 1915 642 1978 soli
665 1916 864 1978 innocentiae
879 1914 1109 1991 occurrimus;
1123 1923 1158 1974 et
1171 1929 1232 1992 pro

150 2013 269 2078 scientiae
289 2016 514 2098 plenitudine,
536 2025 569 2079 et
590 2033 649 2097 pro
670 2014 872 2079 latebrarum
893 2014 1095 2089 dililcnltate,
1118 2018 1150 2075 et
1171 2029 1233 2091 pro

151 2117 338 2194 nagnitudine
352 2118 520 2182 cruciatus
542 2133 604 2179 non
625 2117 784 2192 diuturni,
804 2133 920 2179 rerum
941 2115 1141 2196 sempiterni,
1154 2129 1231 2177 eum

151 2217 287 2295 tineulss;
300 2234 404 2298 quens
425 2218 539 2280 timere
561 2216 689 2280 debebit
704 2225 736 2279 et
758 2218 837 2296 ipse,
852 2219 910 2298 qni
930 2217 1076 2279 timentes
1093 2215 1232 2297 judicat,

151 2313 228 2378 deun
247 2335 308 2379 non
330 2319 563 2398 proconsulem
586 2319 742 2380 timentes.
764 2336 783 2375 s

208 2415 260 2482 llis
274 2417 417 2499 denique
438 2420 523 2480 inter
537 2437 572 2481 se
592 2418 733 2494 collatis,
750 2427 782 2482 et
802 2435 888 2499 qnae
902 2417 941 2480 ad
964 2417 1237 2483 Corinthiosacri·

150 2518 196 2594 psit
212 2517 409 2596 Apostolus,
432 2536 583 2600 quaeque
602 2517 759 2598 Origenes
780 2526 813 2581 et
840 2517 1006 2602 Nysaenns
1033 2519 1237 2598 interpretati

147 2627 204 2680 suot
220 2620 300 2682 circa
324 2620 537 2683 bumanitrtis
561 2620 775 2684 conditionem
798 2621 829 2682 in
852 2622 917 2683 rito
949 2618 1075 2694 intera,
1097 2625 1130 2682 et
1151 2637 1237 2700 quae

149 2714 343 2784 Tertullianus
365 2721 567 2786 luculentius
588 2722 628 2784 de
649 2722 761 2784 eedem
783 2739 818 2784 re
838 2723 975 2786 succinit
994 2722 1151 2785 adversus
1179 2740 1235 2785 eos

148 2823 233 2885 caruis
250 2822 484 2887 resurrectioni
508 2831 586 2888 tuuc
607 2824 759 2904 temporis
783 2824 973 2886 obversatos
995 2824 1130 2899 (borum
1151 2824 1236 2886 enim

149 2937 213 2984 urus
231 2932 299 2987 erat
318 2941 453 3004 scopus,
475 2924 559 2988 idem
581 2926 739 2999 studium,
760 2925 873 2989 eadem
895 2925 988 2999 tides,
1009 2943 1048 2988 ac
1068 2924 1163 2988 iidem
1182 2925 1238 2988 ad·

149 3025 258 3086 versarii
279 3026 479 3106 quibuscum
500 3026 729 3096 decertarunt)
750 3029 901 3108 sequitur
924 3027 998 3090 inde
1020 3026 1141 3090 irnstrtt
1168 3035 1238 3090 tum

149 3119 306 3200 lensium,
331 3135 404 3188 tum
424 3123 594 3202 lluetinm,
618 3137 686 3191 tum
708 3136 833 3191 ceteros
848 3127 1010 3209 cujusque
1032 3129 1146 3190 aetolis
1160 3132 1239 3190 scri-

147 3233 234 3300 ptores
247 3229 427 3304 laborasse,
449 3225 620 3308 Origenem
636 3239 668 3292 et
688 3227 869 3314 Npssenum
886 3229 1061 3310 aliquando
1082 3236 1154 3310 post
1167 3229 1239 3292 diu·

148 3331 222 3388 torna
239 3330 351 3391 secula
368 3329 582 3408 reproborum
604 3332 713 3410 poenis
735 3331 938 3393 constituisse
960 3332 1149 3402 terminum,
1164 3346 1240 3392 oon·

149 3428 303 3505 tendentes,
318 3447 359 3491 ee
382 3428 542 3491 mediante
562 3431 805 3511 regeneratione
815 3451 827 3510 ;
850 3429 945 3511 cujus
965 3429 1077 3509 {neque
1096 3447 1239 3506 sensnm,

148 3537 322 3610 nectempcs
337 3531 659 3610 comprehendentes,
676 3533 837 3594 immerito
852 3532 1026 3594 admodum
1040 3533 1097 3596 bos
1112 3536 1144 3595 ct
1158 3532 1239 3596 elios

150 3625 292 3694 Ecclesiae
321 3629 435 3694 Patres
459 3631 531 3694 labe
558 3632 681 3694 erroris
702 3637 855 3694 notarunt
867 3651 879 3711 3
902 3649 920 3693 a
947 3649 1014 3711 quo
1036 3631 1162 3711 penitus
1182 3633 1241 3695 im·

149 3743 240 3794 nunes
257 3749 330 3795 sese
354 3739 512 3811 perpetuo
534 3741 712 3811 gesserunt.

211 3829 357 3912 lienique
378 3833 459 3910 (etsi
480 3833 555 3896 alibi
578 3833 713 3896 tortasse
734 3832 857 3896 dictum
876 3833 943 3911 sit)
963 3851 1038 3896 cum
1067 3851 1107 3896 co
1136 3850 1242 3912 usque

150 3926 174 3988 in
189 3941 290 3996 nostro
313 3936 505 4013 quaetione
526 3935 772 4010 devenerimus,
794 3936 922 3997 sincero
950 3935 1125 4015 praemisso
1153 3953 1243 4014 rege·

152 4035 306 4097 nerationis
329 4033 521 4114 significato,
547 4035 618 4116 ejus
641 4045 765 4113 tempus
787 4036 912 4116 judicio
935 4035 1022 4097 linali
1051 4036 1240 4116 praevium,

152 4133 296 4197 nauiieste
326 4141 528 4207 statuentes,
551 4137 689 4215 quisque
710 4136 849 4214 amplios
873 4134 1011 4209 viderit,
1034 4135 1093 4197 nisi
1117 4134 1178 4195 boc
1199 4135 1243 4197 ita

154 4228 231 4306 lorsr,
252 4235 283 4296 in
308 4244 394 4314 quot
413 4237 592 4316 sphalmata
619 4245 650 4299 et
671 4234 810 4298 absurda
836 4245 1065 4299 contremere
1090 4234 1241 4299 dominici

153 4332 204 4393 oris
222 4335 303 4398 dieta
323 4336 508 4400 incidissent
528 4336 664 4426 praelati
686 4335 842 4415 Origenes
863 4346 896 4399 et
911 4335 1085 4419 Nyssenus.
1101 4333 1134 4399 Si
1155 4337 1240 4397 euim

155 4427 235 4512 luins
257 4439 511 4517 regenerationis
536 4455 671 4518 scopum
696 4439 793 4501 aliter
815 4455 832 4500 a
858 4438 1055 4501 substantiae
1082 4437 1230 4500 animalis

155 4531 387 4618 reiormttione,
410 4537 569 4604 fuerimus
589 4540 790 4621 interpretuti
800 4559 813 4620 3
836 4544 895 4603 sut
916 4539 942 4603 si
971 4536 1186 4619 reproborum
1207 4556 1240 4602 a·
