3375 5567
159 824 187 867 ιι
211 824 286 869 nens
305 806 454 888 origenis
478 809 649 888 perspicue
669 805 756 871 suhit
776 804 830 885 (l).
855 804 900 869 lle
934 806 1073 869 mirabili
1100 699 1244 885 nanrffl

161 906 203 970 llri
214 910 391 973 mouentia
406 909 438 972 in
459 910 678 975 incarnatione
693 905 792 973 Verbi
812 925 965 989 arguens,
981 909 1059 971 dicit
1079 906 1159 973 lesu
1176 908 1244 971 ani·

160 1027 224 1071 uam
242 1010 363 1075 diriuee
385 1020 521 1076 naturee
540 1013 708 1087 sociatum,
724 1011 924 1091 proindeque
946 1011 1011 1074 luci
1030 1028 1126 1075 torae
1147 1020 1180 1073 et
1194 1028 1245 1073 aa·
1380 1062 1384 1071 .

158 1113 270 1189 pientiae
289 1115 402 1194 ipsius,
420 1115 535 1179 luctam
548 1132 618 1179 esse
639 1133 741 1177 unum
761 1113 925 1193 spiritum,
948 1114 993 1177 sic
1015 1122 1052 1177 ut
1074 1130 1240 1193 nunquam

158 1212 261 1293 rheJ'us
273 1232 384 1277 umore
397 1217 541 1295 separari
559 1216 608 1279 rel
626 1215 776 1279 decidere
798 1224 916 1295 posset,
932 1232 970 1277 ae
992 1214 1117 1294 penitus
1139 1214 1248 1279 diter·

156 1320 341 1381 naucleris
362 1319 570 1397 hominihus3
591 1318 657 1381 alin
689 1320 807 1381 horum
839 1335 916 1397 erga
940 1316 1043 1381 ileum
1073 1315 1246 1379 dilectione

156 1414 287 1495 fervente,
307 1419 415 1482 altero
437 1419 628 1499 lrigescente
648 1438 709 1501 pru
731 1420 893 1500 cujusque
914 1419 1041 1483 arbitrii
1065 1417 1231 1481 facultate.

214 1517 279 1583 llue
305 1540 386 1584 reru
409 1521 452 1583 ihi
472 1522 520 1584 sic
536 1520 677 1584 soluisse
696 1518 871 1601 Origenem
895 1521 1078 1585 adstruitur
1097 1539 1138 1583 ex
1154 1518 1250 1585 Corn·

155 1622 288 1683 neuterio
301 1620 340 1684 ιἰι
355 1618 531 1701 Epirtolorn
551 1623 595 1685 od
607 1620 766 1685 llontortor
778 1619 876 1685 Lihro
890 1620 946 1685 lll.
970 1640 999 1683 ιι.
1020 1618 1050 1685 8.
1076 1621 1130 1685 ulti
1150 1621 1248 1683 rerhe

153 1738 311 1799 exponens:
336 1740 425 1803 poem
440 1721 607 1801 proposuit
624 1720 705 1785 Deus
720 1719 983 1803 propitiatorium
999 1740 1058 1803 per
1070 1721 1174 1801 fidem,
1191 1722 1248 1784 ait:

156 1822 286 1887 «Sedet
307 1825 372 1886 huc
392 1824 511 1902 ipsum,
534 1825 622 1903 quod
644 1823 738 1900 dixit,
756 1822 937 1905 proposuit,
963 1824 1062 1901 tnagis
1084 1823 1123 1885 de
1144 1824 1251 1887 anima

154 1922 215 1986 lesu
226 1942 321 2005 quam
338 1923 378 1987 de
392 1924 511 1987 deitate
524 1924 597 2005 ejus
611 1923 734 1988 dictum
754 1925 905 1989 sentitur.
923 1922 1091 2003 Proporoit
1105 1925 1189 1987 enim
1205 1925 1252 1985 in·

154 2026 290 2107 telligitur
311 2027 407 2106 qnasi
428 2028 518 2107 prius
540 2028 658 2106 posuit,
676 2027 738 2091 hoc
758 2037 818 2103 est,
835 2028 1025 2106 priusquam
1042 2031 1135 2089 esset.
1154 2021 1250 2099 Quod

153 2132 219 2192 euin
237 2138 297 2203 est,
321 2130 476 2211 ponitur3
498 2129 587 2208 quod
608 2129 751 2193 nundum
766 2136 827 2203 est,
843 2128 1048 2207 proponitur.
1077 2123 1150 2189 Nun
1171 2143 1251 2207 ergo

153 2235 282 2297 roureuit
301 2235 345 2295 de
365 2253 426 2310 en,
448 2233 505 2313 qui
525 2250 653 2312 semper
672 2240 766 2307 erat,
789 2232 871 2296 idest
891 2230 932 2293 de
958 2229 1067 2294 Verho
1090 2228 1147 2293 Dei
1157 2273 1170 2306 ,
1190 2229 1254 2294 dici

153 2335 212 2410 quir
232 2335 418 2415 propositus
438 2341 506 2397 est:
528 2331 583 2396 red
606 2333 646 2395 de
666 2333 771 2395 anime
793 2332 906 2413 ipsius,
928 2350 1012 2415 quae
1032 2332 1108 2398 lieet
1128 2334 1254 2413 insepu-

153 2434 245 2499 ruhilia
256 2437 298 2499 sit
311 2454 333 2497 a
357 2433 465 2499 Verbo
481 2433 552 2510 Dei,
574 2446 685 2499 ereata
703 2442 808 2498 temen
829 2443 890 2511 est,
907 2444 940 2499 et
961 2432 1118 2514 Unigeniti
1134 2433 1253 2499 deitate

154 2539 318 2613 posterior:
342 2556 401 2602 nec
422 2538 685 2603 inconvenienter
707 2537 870 2601 ridebitur
890 2536 930 2601 de
952 2555 989 2599 ea
1010 2537 1147 2609 dietum,
1164 2535 1253 2619 qnod

152 2646 306 2720 rutequanr
330 2647 426 2717 esset,
449 2640 613 2721 proposita
635 2645 684 2701 est
704 2645 737 2701 et
758 2622 999 2718 praeordinata,
1019 2648 1055 2703 ut
1076 2647 1160 2703 esset
1181 2656 1257 2719 pro·

154 2740 352 2817 pitiatorium,
374 2749 437 2807 etc.
451 2762 469 2799 ι
484 2738 567 2805 Cum
588 2740 700 2820 itaque
713 2741 803 2819 ‘quod
824 2749 963 2815 nonest,
987 2740 1193 2822 proponitur,
1211 2739 1257 2804 uti

152 2838 214 2904 dirit
232 2843 414 2923 Origenes,
436 2860 515 2921 ergo
544 2858 607 2905 uon
629 2851 699 2905 erut
728 2844 833 2905 anima
856 2840 976 2907 Christi
1003 2850 1077 2907 ante
1106 2842 1257 2906 unionem

153 2959 228 3006 snam
247 2963 326 3008 eum
341 2942 450 3008 Verho
460 2964 471 3020 3
486 2945 541 3005 sed
565 2952 702 3019 tuntum,
717 2944 817 3007 veluti
840 2945 1025 3025 paulopost
1045 2944 1165 3017 subdit,
1182 2960 1258 3021 pro-

153 3049 238 3121 posita
259 3028 335 3110 erat
354 3056 389 3108 et
409 3046 650 3126 praeordinata,
674 3056 710 3109 ut
731 3046 798 3127 ipsa
821 3056 904 3109 esset
927 3046 1203 3126 propitiatorium:
1226 3051 1260 3107 et

153 3145 346 3212 solummodo
366 3148 487 3216 extitit,
508 3146 639 3226 quando
660 3148 816 3212 associate
838 3147 902 3212 luit
923 3146 1006 3210 Filio
1029 3145 1099 3209 Dei.
1122 3144 1259 3225 lnsuper

153 3249 385 3311 considerentur
403 3249 593 3327 sequentis:
610 3268 688 3328 quoe
707 3250 858 3327 (enimn)
881 3246 954 3313 licet
974 3244 1195 3327 inrepurnhr'lt'r
1219 3243 1263 3309 ιιι

153 3364 171 3405 ι
190 3345 275 3411 Verbo
299 3346 371 3424 net,
392 3358 499 3411 erecta
517 3358 695 3421 ιιιιιιιιιιιι
718 3348 804 3413 uude
817 3350 963 3423 eruitur,
984 3345 1104 3411 Christi
1119 3348 1259 3411 animent

155 3465 205 3509 uon
218 3459 311 3513 antea
333 3450 491 3525 extitisse,
505 3470 603 3531 quern
628 3448 770 3515 Verbum
787 3448 844 3513 llei
866 3450 897 3513 in
913 3459 1008 3513 utero
1030 3445 1170 3528 Virginis
1189 3464 1261 3511 car·

155 3564 214 3611 nen
238 3560 431 3615 assumeret.
453 3549 569 3617 Dicens
588 3569 729 3632 narnque
754 3550 1000 3631 inseparabilem
1022 3568 1092 3613 esse
1118 3550 1257 3613 animatu

155 3646 260 3715 lesus
283 3650 395 3716 Verho
422 3650 481 3718 Dei
501 3654 674 3735 (quamvis
694 3655 756 3717 ista
780 3662 890 3717 crecta
912 3654 954 3715 sit
963 3694 976 3727 ,
997 3660 1029 3717 et
1051 3652 1194 3715 alterum
1216 3653 1263 3713 in-

155 3757 308 3829 creaturnl
329 3754 514 3819 rnaniiestat
534 3755 662 3821 nullum
684 3756 782 3819 luisse
805 3764 945 3834 tempus,
967 3770 1033 3835 qun
1057 3755 1136 3818 haee
1158 3756 1264 3817 uuima

156 3856 251 3919 extitit
271 3858 374 3921 dirisa
395 3876 413 3919 a
437 3856 522 3922 Filio
538 3855 609 3932 Dei,
629 3875 671 3921 ex
692 3876 751 3921 sua
772 3856 949 3935 creatione;
972 3874 1030 3919 nee
1052 3855 1125 3921 idco
1153 3856 1267 3921 huma·

156 3956 236 4019 nitati
255 3958 403 4038 eiusdem
424 3958 634 4037 praeextitit,
655 3959 714 4021 etsi
736 3955 978 4039 praeordinata,
1001 3956 1104 4019 donec
1125 3955 1265 4036 Spiritus

157 4050 282 4121 Sanetus
310 4056 474 4119 deseendit
508 4058 540 4119 tn
568 4056 731 4133 Munium,
753 4066 785 4119 et
816 4056 883 4137 ipsa
912 4058 1059 4134 concepit
1087 4056 1126 4117 de
1153 4057 1267 4119 eodem

157 4150 315 4221 Christum
337 4156 408 4221 llei.

216 4356 256 4431 (1)
275 4358 416 4419 &mu
427 4360 593 4419 reeehnlum
604 4377 687 4437 saepe
697 4374 749 4434 pro
761 4358 885 4419 ιιιιιίιιιι
903 4360 1021 4417 venitin
1038 4357 1190 4431 Seriphxrix
1211 4357 1274 4415 nori

158 4444 278 4509 Fundana
295 4454 381 4527 juxta
391 4471 524 4527 ςιιιιιιιι
541 4454 654 4518 ιτισιικ
672 4469 779 4511 rodem.
798 4450 933 4511 mntem
943 4451 981 4509 ll.
994 4452 1067 4509 Petri
1078 4449 1234 4525 Epistulam
1245 4450 1275 4504 in

157 4554 179 4593 e·
200 4540 252 4601 111.
264 4546 294 4601 4.
311 4554 341 4604 et
355 4547 481 4603 llareurn
497 4548 529 4603 in
546 4564 572 4605 c.
592 4546 630 4603 Χ,
649 4545 677 4601 d.
697 4552 726 4601 el
742 4544 884 4601 xt11.1n.
