3375 5567
150 768 290 847 lesum
304 776 483 840 nullimode
497 776 699 856 arguendum
713 783 762 838 est
778 775 916 838 eundem
931 777 1096 842 admisisse
1117 779 1236 840 auimo·

151 893 205 936 mm
218 878 502 955 praeexistentiam.
521 877 606 942 llicit
626 879 722 951 enim,
740 886 830 952 tuno,
844 878 941 940 sicuti
962 887 1068 940 eutero
1094 879 1237 942 animun-

152 977 193 1048 tia,
212 980 250 1039 ita
274 978 434 1041 nominem
459 980 657 1042 exteriorem
672 987 706 1040 et
723 979 923 1054 interiorem,
938 997 1058 1060 corpus
1084 981 1239 1043 nimirum

149 1085 174 1137 et
188 1079 315 1141 solmam
328 1100 370 1142 es
391 1080 493 1142 nihilo
514 1079 641 1144 creasse
656 1077 771 1142 Deum.
789 1078 896 1160 [ligito
917 1101 977 1144 sun
993 1101 1034 1144 ex
1049 1083 1128 1144 limo
1148 1101 1238 1146 cres·

149 1178 183 1238 rit
199 1179 350 1244 ltomieem
375 1199 595 1261 corporeum3
619 1191 652 1243 et
671 1180 751 1244 datu
772 1200 834 1246 sue
855 1186 976 1246 creavit
992 1185 1154 1246 homiuem
1178 1185 1241 1263 spi-

148 1280 262 1342 n'ulem.
284 1280 383 1346 Netos
404 1292 452 1346 est
471 1283 546 1346 iden
567 1283 689 1357 dicere,
712 1281 817 1346 Deum
840 1293 916 1347 tuoe
938 1304 1064 1348 creasse
1086 1285 1239 1358 animam,

149 1395 227 1458 poem
237 1389 328 1444 antea
341 1396 521 1446 creaverat.
546 1381 614 1446 Nee
629 1382 785 1464 Origenes
800 1388 958 1464 potuisset
972 1386 1014 1449 tta
1030 1385 1135 1464 loqui,
1158 1388 1183 1447 si
1207 1395 1243 1448 ul

151 1481 237 1557 placet
253 1484 460 1559 adversariis,
481 1485 656 1564 aliquando
676 1495 819 1563 putasset
837 1489 959 1550 animas
978 1487 1136 1550 humanas
1155 1504 1244 1549 cres·

151 1583 212 1644 tioui
230 1588 453 1663 praeextitisse
473 1587 589 1650 Adami
611 1595 644 1650 el
664 1585 807 1649 tiliorum
838 1604 987 1650 suorum.
1017 1586 1057 1650 Et
1088 1587 1175 1668 quod
1199 1587 1243 1648 ait

148 1684 216 1746 ciret
234 1687 373 1765 primum
395 1688 560 1752 hominem
579 1691 611 1751 in
632 1690 737 1751 anima
758 1697 790 1750 et
810 1703 949 1767 corpere
971 1687 1107 1758 tautum,
1131 1687 1244 1750 simili-

150 1793 189 1844 ter
204 1788 350 1867 iutelligit
371 1789 411 1849 de
438 1790 555 1850 ceteris
582 1804 739 1868 egenere
759 1806 820 1852 suo
843 1791 988 1863 exortis,
1018 1798 1050 1852 et
1071 1791 1110 1850 ad
1134 1790 1243 1867 itnagi-

148 1903 205 1948 seu
223 1899 254 1951 et
272 1889 516 1952 similitudinem
532 1888 591 1952 Dei
612 1891 761 1963 conditis,
777 1907 888 1954 secum
910 1911 952 1953 os
974 1891 1142 1954 nativitate
1162 1891 1246 1954 haue

148 1983 290 2066 duplicem
309 1989 522 2052 substantiam
543 2009 737 2070 corpoream
754 2000 787 2052 et
799 1991 980 2070 spiritalem
995 1992 1126 2054 sortitis.
1151 1989 1246 2052 item·

147 2105 198 2165 gue
215 2092 319 2166 scito,
343 2091 502 2154 voeabula
523 2089 630 2171 inope
651 2089 726 2165 Dei,
746 2089 925 2154 similitude
947 2091 1022 2168 Dei,
1046 2091 1246 2170 spiraculum

149 2187 195 2250 lle'
210 2193 310 2256 veluti
328 2193 454 2254 animae
466 2193 664 2275 symbolum,
677 2193 748 2274 ejus
763 2194 932 2269 essentiae,
948 2195 1084 2274 ejusque
1101 2193 1244 2273 proprie·

149 2298 249 2366 utum,
270 2293 414 2372 speciale
433 2295 638 2358 constituisse
657 2293 805 2373 Origeuis
828 2295 955 2366 themu,
979 2295 1176 2375 ubicumque
1198 2293 1247 2356 lo·

149 2394 245 2470 guitur
263 2394 305 2455 de
328 2395 458 2457 bomine
479 2395 640 2456 rationali.

215 2493 264 2558 Es
297 2492 425 2558 Scleotis
446 2495 482 2556 in
503 2493 645 2559 Genesim
668 2497 841 2559 desudem
868 2499 1068 2562 testimoniet
1089 2495 1250 2578 [commus

151 2592 288 2658 leninern
304 2598 351 2659 od
369 2597 542 2677 imaginem
561 2606 701 2662 neruum
722 2607 752 2660 st
771 2596 1028 2673 similitudinem,
1043 2600 1132 2679 prius
1148 2600 1255 2663 discu-

152 2695 278 2762 tiendum
300 2706 363 2774 est,
386 2700 443 2774 sit,
466 2700 521 2764 ulti
544 2701 696 2762 consistat
725 2699 808 2761 illud
830 2700 874 2762 ed
887 2698 1068 2779 imaginem,
1093 2703 1123 2765 in
1138 2719 1254 2782 corpo·

152 2811 182 2858 re
199 2814 236 2860 sn
256 2801 287 2862 in
302 2799 421 2862 anima.
445 2799 550 2862 Paulo
571 2808 642 2878 post
662 2801 783 2864 subdit:
800 2821 818 2859 s
833 2798 898 2876 Qui
922 2819 1000 2864 sero
1021 2810 1142 2864 asseret
1165 2801 1249 2865 illud

151 2898 185 2957 ed
201 2896 371 2980 imaginem
392 2917 454 2964 uou
475 2901 507 2962 in
528 2919 668 2981 corpore
689 2904 878 2974 consistere,
898 2902 951 2963 sed
975 2902 1005 2962 io
1027 2904 1131 2962 anima
1155 2901 1252 2966 relie-

154 2999 218 3076 nali,
233 3003 349 3082 dogma
365 3009 488 3066 statuet
502 3021 566 3066 non
580 3002 867 3078 contemnendum,
881 3003 1154 3080 comprehendens
1168 3021 1254 3084 quae

154 3099 312 3168 hemlates
326 3112 402 3168 suut
423 3105 522 3185 ipsius
536 3106 671 3168 animae.
695 3102 876 3184 Numquae
892 3105 923 3168 in
940 3104 1067 3167 homine
1081 3113 1128 3168 est
1150 3103 1254 3168 tacul-

87 3224 89 3227 ⁴
154 3207 193 3266 tas
210 3205 442 3285 cognoscendi,
462 3206 643 3287 judicandi,
665 3206 744 3269 bene
765 3206 922 3281 merendi,
942 3206 1077 3270 faciendi
1098 3224 1182 3284 queo
1199 3206 1253 3288 ju·

88 3340 90 3345 .
153 3311 192 3364 sta
209 3316 297 3382 sunt,
315 3306 527 3382 tortitudinis,
538 3312 570 3369 et
584 3315 620 3371 ut
634 3306 735 3370 semol
749 3305 865 3382 dium,
882 3309 985 3370 omnis
999 3307 1074 3370 beni
1090 3305 1253 3380 ellectrix,

153 3403 249 3470 alico
270 3418 382 3472 ereata
404 3417 452 3471 est
472 3409 532 3488 ipsi
551 3409 595 3470 ed
614 3405 797 3486 inopinam.
820 3428 838 3464 u
865 3389 987 3472 Deinde
1009 3407 1148 3472 Humilia
1173 3406 1197 3468 l.
1220 3408 1256 3470 in

152 3510 276 3572 usum
294 3509 426 3573 librum
448 3529 479 3572 n.
493 3508 554 3576 15:
573 3508 746 3574 Videamus
759 3519 870 3574 autem
887 3512 1159 3590 perallegoriam,
1173 3506 1256 3591 liuor

152 3611 235 3674 modo
254 3613 296 3674 ad
319 3613 490 3690 imaginem
517 3610 576 3674 uel
606 3612 705 3674 homo
726 3611 853 3686 iaetus,
876 3612 1040 3675 masculus
1061 3621 1093 3678 et
1115 3612 1253 3676 loemiua

153 3717 202 3770 est.
222 3711 364 3776 interior
386 3713 484 3776 home
513 3719 624 3776 uester
643 3731 687 3775 ex
705 3712 824 3792 spiritu
845 3720 877 3775 et
898 3713 1001 3774 anime
1029 3721 1163 3778 constat.
1188 3711 1256 3776 lta-

153 3811 252 3876 teulus
273 3810 412 3893 spiritus
432 3812 571 3890 dicitur,
606 3812 742 3876 loemiua
764 3812 874 3876 enimn
900 3820 1005 3893 potest
1024 3815 1216 3896 nuncupari.
1240 3833 1256 3870 n

153 3907 190 3971 lit
206 3913 284 3993 guid
307 3913 381 3977 inde
396 3931 506 3989 erues,
523 3913 584 3981 nisi
603 3914 702 3976 simul
725 3931 846 3994 cerpus
868 3925 901 3976 et
915 3915 1053 3980 animam
1069 3913 1168 3979 allen
1181 3932 1256 3978 uou-

154 4009 209 4075 dita
223 4033 293 4078 esse
315 4022 446 4094 potesse
466 4012 639 4094 Origeuem
660 4013 722 4078 sub
743 4015 804 4076 lsac
824 4014 982 4094 allegoria
1004 4013 1240 4080 disserentem?

215 4111 374 4178 Similiter
388 4112 528 4178 llomilio
544 4113 584 4176 ll.
596 4111 634 4174 in
651 4111 765 4178 lucum
779 4114 978 4194 distinguens
992 4114 1162 4195 Origenes,
1177 4133 1257 4195 quo-

154 4213 240 4277 modo
259 4217 295 4277 in
316 4214 493 4294 seripturis
513 4215 628 4294 udoque
642 4225 770 4293 ueruto
793 4234 869 4289 esso,
890 4217 1065 4298 dupliciter
1087 4218 1235 4296 capiatur
1246 4238 1257 4295 3

155 4311 226 4379 idest
259 4319 391 4396 primo,
412 4335 577 4397 newsum
606 4316 734 4380 omnine
758 4335 920 4397 poeoosss·
940 4317 1106 4391 secundo,
1130 4333 1262 4396 presure

154 4414 290 4480 Misso:
324 4436 364 4480 sc
393 4417 533 4481 subdens
565 4419 722 4483 nemiuem
748 4422 818 4482 siue
850 4428 981 4499 peccato
1003 4436 1096 4491 esse,
1118 4420 1259 4499 explieat

156 4518 224 4593 gold
245 4519 306 4584 sibi
328 4519 429 4583 velint
449 4518 533 4583 dicta
566 4518 712 4602 Apostoli
745 4519 785 4584 sd
807 4518 985 4602 Ephesios:
1019 4539 1084 4586 nen
1104 4519 1260 4593 dedentem
