3375 5567
174 776 381 854 cohaerentia,
396 777 492 840 aliter
511 784 689 840 senserunt.
712 775 786 841 Rati
800 784 877 841 suut
898 779 981 842 caim
996 779 1122 859 priores
1137 778 1217 842 dnos
1233 779 1273 840 ad

172 894 283 956 corpus
305 876 489 940 referendas
509 896 527 939 a
549 877 723 942 Serratnre
743 878 917 957 declarari,
940 883 1032 960 quasi
1056 887 1186 959 praetor
1206 897 1276 942 sen·

169 977 223 1039 site
242 977 317 1038 nihil
340 985 549 1057 proponente.
562 975 703 1040 Tertiam
726 997 805 1041 aero
826 980 949 1042 nonita
972 983 1129 1059 putarunt
1151 978 1276 1058 proler-

171 1078 208 1152 ri,
229 1086 264 1140 nt
284 1077 324 1140 ad
347 1081 483 1142 verbnm
504 1081 743 1172 interpretanda
765 1081 830 1155 sit,
852 1081 906 1144 sed
929 1083 1169 1155 castrationem,
1192 1097 1277 1159 quae

171 1179 296 1241 rationis
324 1196 387 1257 ope
408 1179 443 1241 lit
463 1197 500 1242 ea
523 1179 696 1260 significari
728 1176 928 1246 ceninerunt
949 1190 1009 1245 etc.
1024 1199 1041 1238 a
1059 1180 1161 1243 Paulo
1183 1186 1276 1260 post:

171 1274 333 1340 «Secundi
348 1298 426 1342 raro
449 1281 576 1342 tertiam
599 1291 686 1344 recte
706 1283 847 1346 assecuti
858 1291 946 1357 snut,
970 1301 1044 1346 cum
1066 1281 1275 1345 affectionum

169 1378 206 1438 ah
226 1380 327 1442 anima
350 1389 513 1460 peractam
533 1384 691 1445 sermonis
706 1402 767 1463 ope
789 1387 1000 1448 resectionem
1023 1384 1104 1445 hanc
1123 1382 1279 1462 signilica·

170 1480 196 1540 ri
215 1480 359 1543 arbitrati
380 1492 474 1546 sunt:
496 1491 530 1545 at
551 1501 614 1545 nou
635 1485 852 1548 observarunt
874 1486 949 1548 hnic
970 1484 1178 1564 explicationi
1202 1501 1277 1546 con·

169 1591 349 1670 sentaneum
364 1605 444 1661 esse,
468 1586 549 1648 duas
571 1588 696 1665 priores
709 1589 920 1650 castratioues
933 1587 1108 1665 allegorice
1125 1584 1211 1648 hand
1232 1603 1281 1648 sa·

171 1700 224 1744 cus
244 1701 282 1746 ac
304 1687 455 1762 tertiam,
477 1687 609 1764 exponi,
633 1686 684 1748 vel
706 1697 795 1751 certe
816 1688 980 1766 prioribus
1002 1687 1129 1748 duabus
1152 1685 1279 1748 tertiam

171 1799 297 1863 quoque
318 1789 497 1866 exaequari
519 1797 580 1849 etc.
604 1805 621 1844 a

246 1881 287 1946 Et
306 1888 352 1948 sic
366 1886 494 1960 deinde,
515 1905 599 1967 quae
614 1886 733 1949 latinns
755 1886 918 1968 interpres
933 1889 1023 1950 brevi
1047 1891 1146 1950 sentit
1159 1901 1284 1948 sermo-

171 1998 207 2042 ne
226 1983 310 2046 circa
332 1985 510 2067 allegoriae
541 2007 637 2051 nsum
659 1989 690 2048 in
710 1988 886 2068 Scriptnris
909 1993 968 2066 (ut
989 1989 1061 2051 inde
1082 1988 1279 2058 concludat,

170 2079 282 2145 Christi
306 2086 425 2158 rerba:
449 2086 505 2166 qui
525 2107 556 2150 ac
584 2096 804 2150 castraverunt
829 2097 957 2169 propter
976 2106 1108 2167 regnum
1129 2087 1284 2149 coriorum

170 2186 302 2261 spiritali
324 2205 421 2249 sensu
450 2188 750 2266 comprehendenda
772 2189 866 2265 esaei
899 2207 1035 2267 graecus
1057 2185 1285 2267 Transcriptor

174 2293 235 2348 tres
256 2286 325 2348 iere
347 2289 476 2366 paginas
498 2290 677 2368 insumpsit,
694 2291 725 2350 in
746 2290 877 2368 quihus,
893 2289 1042 2367 pluribus
1066 2289 1133 2351 iere
1161 2287 1282 2350 inutili-

171 2386 227 2450 bus
247 2391 496 2452 occurrentibus
519 2392 775 2468 repetitionibus,
792 2395 891 2470 magis
913 2391 1146 2470 comprobatur
1165 2390 1284 2468 glossa,

171 2487 200 2548 in
221 2489 267 2551 his
288 2499 322 2552 et
342 2490 501 2553 similibus
522 2493 563 2552 ah
583 2511 623 2552 eo
643 2493 823 2563 elaborata,
839 2502 871 2554 et
892 2491 1068 2570 aliquando
1090 2499 1183 2552 extra
1208 2489 1283 2553 Ori·

171 2588 253 2665 genis
272 2607 414 2652 sensum.
432 2588 492 2653 Ex.
514 2607 543 2669 g.
565 2591 620 2653 nbi
643 2601 734 2655 setus
759 2590 920 2672 interpres
940 2591 1020 2670 legit
1035 2608 1073 2654 ac
1090 2594 1203 2653 vertit:
1226 2588 1287 2652 ulii

171 2698 271 2752 cotem
291 2698 321 2751 ct
337 2690 495 2771 plerique,
511 2692 700 2773 hnooymus
717 2711 853 2772 graecus
874 2713 915 2755 ex
937 2693 1075 2755 adverso
1097 2692 1194 2771 legit:
1225 2689 1287 2754 atti

172 2798 270 2852 netem
291 2800 322 2854 ct
341 2810 406 2854 aon
426 2790 540 2866 muiti;
562 2796 614 2856 cui
638 2812 714 2856 sane
740 2796 842 2873 prima
866 2793 1077 2872 praeterendo
1103 2801 1151 2855 est
1173 2794 1283 2868 lectio,

174 2895 290 2970 qnippe
311 2892 460 2955 dictionis
481 2894 585 2955 ordini
607 2902 640 2956 et
658 2897 765 2957 sensui
788 2894 1073 2958 accommodatior.

231 2991 355 3056 Verum
370 3012 432 3055 non
454 2998 484 3056 in
501 2996 549 3057 his
564 3004 688 3056 tantum
709 2995 917 3072 improbanda
937 3005 983 3056 est
1006 2993 1102 3056 lectio
1124 2992 1289 3070 graecani-

174 3094 201 3156 ci
212 3093 348 3170 Textus,
364 3095 418 3156 sed
433 3105 466 3156 et
481 3097 512 3156 in
532 3094 610 3168 illis,
626 3095 711 3157 unde
726 3096 919 3174 quibusdam
939 3096 1041 3157 risum
1057 3103 1105 3156 est
1119 3096 1193 3172 ,erui
1216 3110 1289 3171 pos·

172 3211 217 3268 se,
232 3195 296 3258 tale
319 3195 397 3274 qnid
422 3205 544 3256 temere
566 3191 739 3270 Origeuem
756 3203 964 3274 perpetrasse
981 3195 1012 3254 in
1034 3211 1153 3271 corpus
1174 3209 1286 3254 sunm.

175 3293 244 3360 Hoc
271 3307 382 3360 antem
413 3314 477 3357 non
508 3315 549 3360 ex
573 3307 685 3360 vetere
709 3295 981 3374 loterpretatioue
1011 3294 1187 3374 conjiciunt
1212 3291 1289 3370 (ubi

174 3397 250 3459 nihil
271 3397 431 3481 ejusmodi
446 3397 633 3475 reperitur)
656 3397 711 3458 sed
734 3415 775 3459 ex
797 3396 988 3477 paraphrasi
1012 3413 1126 3472 graeca
1149 3395 1189 3454 ah
1205 3392 1291 3456 Ano·

174 3514 269 3579 aymo
290 3499 492 3560 concinnata.
514 3496 557 3559 Et
578 3515 613 3559 re
633 3497 764 3576 quidem
787 3517 888 3574 vera3
917 3505 1087 3575 postquam
1111 3511 1210 3574 prope
1235 3511 1286 3554 vo·

175 3605 273 3660 terem
289 3599 426 3658 latinum
449 3595 703 3670 Translatorem,
719 3597 823 3660 sarias
845 3596 965 3661 Christi
984 3597 1141 3658 sermonis
1162 3593 1290 3672 esposi-

172 3699 291 3762 tinnes:
314 3696 370 3778 qui
389 3716 421 3759 ac
440 3706 662 3760 castraverunt
680 3705 806 3777 propter
819 3714 952 3774 reguum
974 3695 1144 3767 coelorum,
1164 3693 1289 3760 notavit

172 3797 397 3873 Adamantius,
416 3801 510 3862 sicuti
532 3810 625 3862 antea
647 3800 814 3878 descripsi,
830 3815 922 3859 suam
944 3797 1081 3875 denique
1099 3795 1205 3872 prodit
1220 3811 1291 3854 sen-

176 3901 320 3972 tentiam,
343 3909 375 3962 et
396 3901 442 3961 ait
464 3918 494 3960 u.
516 3896 556 3964 dc

254 4022 272 4060 c
294 3998 362 4063 Nos
382 4007 490 4062 autem
512 4001 537 4063 si
558 4000 719 4079 spiritales
740 4017 866 4072 sumus,
891 3999 988 4059 verba
1010 3997 1142 4076 spiritus
1164 3994 1292 4073 spirita·

175 4098 251 4163 liter
272 4101 489 4178 accipiamus,
510 4101 603 4162 etde
625 4103 727 4164 tribas
749 4103 818 4164 istis
838 4094 1161 4162 eunuchizatiouihus
1183 4093 1292 4154 aedili-

175 4201 335 4262 cationem
352 4199 592 4264 introducentes
607 4201 774 4262 moralem.
790 4199 940 4264 Eunuchi
954 4215 1039 4258 nunc
1053 4195 1223 4256 moraliter
1237 4193 1292 4254 ab·

176 4299 328 4361 stiuentes
348 4318 382 4360 sn
403 4318 420 4360 a
446 4302 588 4362 venereis
609 4309 685 4364 suut
704 4299 900 4379 appellandi.
935 4295 1057 4359 Eorum
1078 4303 1211 4366 autem,
1234 4294 1291 4371 qui

176 4415 210 4458 so
231 4399 408 4472 continent,
431 4396 630 4464 differentiae
652 4411 717 4462 tres
736 4407 833 4462 sunt:
857 4398 1041 4477 etquidem
1064 4394 1194 4473 quidem
1217 4401 1293 4454 snut

176 4506 292 4560 natura
315 4497 497 4577 frigidiores
519 4516 596 4578 prae
617 4502 836 4577 ceterisciris,
854 4500 943 4563 etde
965 4498 1082 4579 quihus
1105 4498 1192 4558 rect'o
1215 4493 1292 4556 dini·
