3375 5567
441 659 503 728 251

446 764 609 842 stalerat,
634 763 727 826 ullibi
750 766 868 828 borum
890 773 1035 845 quatuor
1058 763 1230 830 Librorum
1256 765 1385 846 vestigia
1406 773 1543 846 apparent

449 866 489 927 ale
511 867 693 927 animarum
716 869 965 945 praeexistentia
982 868 1022 930 ab
1044 887 1082 931 eo
1106 868 1256 940 admissa,
1272 869 1367 931 sicuti
1388 869 1425 929 da
1446 871 1544 932 ceteris

446 964 593 1028 nefandis
609 965 825 1045 dogmatibus,
842 968 884 1029 oh
907 985 991 1048 quae
1014 967 1222 1030 insimulatur
1236 967 1452 1032 Adamantius.
1471 966 1544 1043 Qua·

450 1075 597 1147 propter,
616 1069 676 1129 hac
693 1076 823 1148 accepta
839 1068 1003 1148 opinione,
1023 1087 1092 1130 mea
1109 1069 1249 1148 amplius
1270 1071 1476 1134 invalesceret
1489 1091 1547 1133 seo·

451 1171 548 1230 tentia
571 1170 611 1230 de
635 1169 886 1249 interpolatione
904 1187 967 1232 aon
992 1169 1098 1232 solam
1122 1171 1250 1247 genuini
1271 1171 1419 1249 Origenie
1435 1170 1546 1234 Periur-

447 1269 529 1331 chon
544 1269 659 1349 Operis
666 1291 679 1351 3
695 1271 750 1333 sed
774 1279 807 1334 et
821 1271 1024 1335 consertione
1039 1271 1183 1334 duorum
1194 1268 1408 1334 Tractatunm
1422 1274 1478 1336 auh
1493 1293 1546 1336 uno

449 1372 598 1451 Origenis
620 1374 747 1436 nomiae
760 1373 923 1437 editorum
945 1375 977 1435 in
995 1373 1176 1454 argumenti
1192 1373 1427 1450 conluuionem,
1443 1384 1473 1438 ct
1494 1377 1548 1438 tlo-

448 1476 549 1538 ctoris
572 1475 747 1539 orthodoxi
769 1476 986 1555 ignominiam.

529 1573 696 1638 Postremo
720 1595 778 1656 pro
792 1575 942 1655 Origenis
963 1572 1158 1638 orthodoxia
1176 1575 1207 1636 ia
1228 1579 1419 1655 quaestione
1439 1577 1475 1638 de
1493 1577 1546 1638 aui·

447 1693 520 1738 mae
536 1678 700 1742 creatione
714 1676 871 1741 adversus
886 1684 1020 1740 cunctos
1037 1676 1176 1738 hostium
1191 1693 1327 1738 suorum
1345 1685 1489 1750 conatus,
1503 1697 1548 1740 no

446 1778 496 1842 iris
516 1777 621 1841 adstat
642 1777 788 1858 ejusdem
811 1778 1028 1841 testimonium
1044 1776 1073 1838 iu
1090 1773 1188 1838 Libro
1206 1773 1259 1838 tv.
1282 1796 1312 1838 o.
1335 1775 1387 1842 83.
1411 1779 1548 1842 adversas

444 1880 579 1945 Celsum
600 1886 634 1943 et
648 1886 786 1954 ceteros,
802 1881 859 1958 qui
881 1881 912 1940 iu
934 1879 1107 1942 christiana
1123 1877 1275 1956 dogmata
1296 1882 1489 1959 pugnabant,
1503 1891 1549 1942 aut

442 1985 559 2063 uagati
581 1982 849 2064 aspernabantur.
873 1981 908 2042 lu
930 1981 992 2044 boc
1016 1997 1093 2042 aero
1111 1981 1291 2042 testimonio
1313 1982 1459 2044 declarat
1478 1982 1548 2043 Ada-

443 2088 588 2148 maotius
609 2084 774 2165 quomodo
796 2084 970 2146 brutorum
992 2082 1096 2144 anima
1117 2081 1158 2142 ab
1180 2082 1319 2145 humana
1344 2084 1457 2158 distet,
1472 2084 1546 2145 illam

440 2184 560 2279 >diepolt
574 2186 809 2261 irrationalem,
825 2194 858 2248 et
879 2186 971 2249 istam
992 2174 1122 2274 λογικὸν
1147 2188 1335 2250 rationalem
1357 2204 1547 2266 nuncupans,

441 2297 480 2352 et
500 2287 665 2367 quomodo
684 2289 819 2366 iusuper
841 2288 922 2349 hanc
944 2301 1066 2352 asserat
1098 2310 1161 2356 uon
1184 2291 1474 2370 praeexistentem,
1501 2308 1547 2350 nee

442 2389 518 2452 ideo
538 2409 556 2452 a
578 2389 677 2453 coelis
697 2390 882 2463 deductam,
907 2395 953 2454 uti
976 2410 1112 2470 graecae
1134 2394 1359 2475 philosophiae
1382 2390 1548 2454 cultoribus

446 2491 616 2573 placebat,
640 2508 755 2554 rerum
779 2491 821 2552 ah
838 2493 931 2554 iuitio
954 2494 1064 2556 muudi
1090 2497 1130 2558 ad
1147 2493 1208 2558 Dei
1233 2494 1405 2571 imaginem
1429 2493 1546 2554 lectam:

448 2614 466 2650 a
488 2591 548 2656 Sed
568 2590 844 2664 tortasseCetaus,
860 2591 984 2666 scribit,
1002 2595 1058 2673 qui
1076 2593 1242 2656 l'latonem
1266 2595 1296 2654 in
1312 2591 1547 2683 plerisqoe'iui·

442 2694 509 2756 tari
530 2704 629 2769 amat,
646 2712 704 2774 per
724 2694 803 2755 haec
823 2693 962 2756 obscura
984 2697 1115 2771 indicat,
1133 2695 1252 2758 similes
1273 2713 1342 2758 essa
1365 2713 1473 2756 omnes
1492 2695 1546 2754 ani·

446 2813 533 2857 mas.
619 2788 710 2896 &usp
733 2787 930 2884 κατάγοντός
952 2789 1021 2864 ἐστι
1045 2791 1105 2876 τήν
1128 2789 1240 2888 ψυχήν
1261 2787 1327 2864 duri
1350 2794 1412 2864 τῶν
1438 2789 1547 2886 aipldm

440 2891 500 2962 τδυ
522 2893 672 2995 depensis,
696 2896 754 2967 ὀυκ
776 2893 827 2968 ἐπὶ
851 2893 888 2967 ro*
910 2896 1110 3000 ἀνθρώπινον
1132 2901 1230 2993 σῶμα
1254 2899 1375 2992 μόνον,
1399 2897 1483 2971 ditat
1501 2891 1547 2968 aet

439 2993 493 3069 dni
516 2996 556 3071 ani
570 2998 678 3076 λοιπά.
701 3001 841 3083 Tharais
864 2997 896 3072 di
914 3001 950 3072 ὂυ
973 3004 1137 3076 πείσονται
1155 2999 1346 3100 χριστιανοὶ
1372 3013 1392 3074 i.
1414 3031 1442 3074 e.
1464 3003 1547 3082 Quod

444 3109 574 3187 quidem
596 3111 783 3175 deducentis
803 3121 852 3174 est
874 3113 1043 3175 animumn
1067 3115 1151 3178 coeli
1167 3114 1346 3200 fornicibus
1368 3131 1431 3176 non
1451 3111 1545 3172 solnm

445 3211 476 3271 in
500 3213 676 3275 humanum
699 3230 831 3293 corpus,
848 3215 901 3276 sed
923 3225 957 3276 et
972 3217 1002 3276 iu
1019 3216 1155 3296 reliqua.
1173 3215 1231 3278 llis
1251 3227 1362 3278 autem
1379 3233 1441 3277 unu
1455 3229 1547 3274 assem

444 3319 567 3377 tieutur
587 3318 765 3378 christiani:
780 3318 835 3397 qui
852 3328 943 3379 antea
962 3320 1159 3392 didicerunt,
1175 3319 1310 3382 hominia
1330 3320 1464 3380 animam
1479 3313 1514 3375 ad
1528 3315 1548 3372 i·

445 3419 601 3496 maginem
625 3416 682 3480 Dei
706 3417 822 3480 laetam
844 3437 930 3497 esse3
953 3429 985 3482 et
1006 3422 1113 3485 sciunt
1133 3439 1196 3482 non
1219 3437 1311 3500 posse
1333 3420 1422 3493 fieri,
1446 3427 1480 3480 ut
1500 3433 1546 3476 aa·

446 3527 518 3579 tura
541 3518 579 3578 ad
604 3517 661 3580 Dei
682 3523 852 3599 imaginem
870 3521 1010 3592 condito,
1034 3522 1147 3584 deletis
1169 3522 1240 3603 ejus
1256 3519 1505 3589 characteribus,
1520 3532 1544 3574 a·

442 3620 506 3680 lios
529 3620 640 3682 induat
662 3621 836 3685 bestiarum
859 3631 920 3684 etc.
947 3643 962 3678 o
986 3621 1027 3684 Et
1048 3622 1130 3702 quis·
1146 3635 1218 3704 post
1241 3621 1460 3705 hujuscemodi
1480 3637 1547 3680 cou-

440 3719 613 3782 fessionem
628 3721 750 3800 putarit
766 3722 862 3784 aliter
882 3722 923 3782 ab
946 3722 992 3784 his
1007 3722 1183 3803 aliquando
1198 3725 1372 3788 credidisse
1390 3731 1420 3786 et
1434 3719 1547 3784 docuis-

439 3841 477 3883 se
498 3820 699 3900 Origenem'?
