<?xml version="1.0" encoding="UTF-8"?>
<!DOCTYPE html PUBLIC "-//W3C//DTD XHTML 1.0 Transitional//EN"
    "http://www.w3.org/TR/xhtml1/DTD/xhtml1-transitional.dtd">
<html xmlns="http://www.w3.org/1999/xhtml" xml:lang="en" lang="en">
 <head>
  <title>
</title>
<meta http-equiv="Content-Type" content="text/html;charset=utf-8" />
  <meta name='ocr-system' content='tesseract 3.04.00' />
  <meta name='ocr-capabilities' content='ocr_page ocr_carea ocr_par ocr_line ocrx_word'/>
</head>
<body>
  <div class='ocr_page' id='page_1' title='image "./insgregoriinyss02vincgoog/insgregoriinyss02vincgoog_0673.png"; bbox 0 0 3375 5567; ppageno 0'>
   <div class='ocr_carea' id='block_1_1' title="bbox 142 781 1250 4597">
    <p class='ocr_par' dir='ltr' id='par_1_1' title="bbox 143 781 1244 1873">
     <span class='ocr_line' id='line_1_1' title="bbox 146 781 1244 866; baseline 0 -20"><span class='ocrx_word' id='word_1_1' title='bbox 146 785 210 849; x_wconf 88' lang='lat' dir='ltr'><strong>dum</strong></span> <span class='ocrx_word' id='word_1_2' title='bbox 228 785 370 848; x_wconf 82' lang='lat' dir='ltr'><strong>litterum</strong></span> <span class='ocrx_word' id='word_1_3' title='bbox 391 785 560 861; x_wconf 82' lang='lat' dir='ltr'><strong>custodiri,</strong></span> <span class='ocrx_word' id='word_1_4' title='bbox 576 785 643 866; x_wconf 85' lang='lat' dir='ltr'><strong>ipse</strong></span> <span class='ocrx_word' id='word_1_5' title='bbox 667 783 823 848; x_wconf 84' lang='lat' dir='ltr'><strong>Dominus</strong></span> <span class='ocrx_word' id='word_1_6' title='bbox 842 784 951 848; x_wconf 74' lang='lat' dir='ltr'><strong>docete</strong></span> <span class='ocrx_word' id='word_1_7' title='bbox 967 784 1050 866; x_wconf 80' lang='lat' dir='ltr'><strong>quod</strong></span> <span class='ocrx_word' id='word_1_8' title='bbox 1070 799 1144 863; x_wconf 81' lang='lat' dir='ltr'><strong>erpo</strong></span> <span class='ocrx_word' id='word_1_9' title='bbox 1161 781 1244 846; x_wconf 71' lang='lat' dir='ltr'><strong>urus</strong></span> 
     </span>
     <span class='ocr_line' id='line_1_2' title="bbox 145 884 1242 968; baseline -0.003 -21"><span class='ocrx_word' id='word_1_10' title='bbox 145 885 312 968; x_wconf 72' lang='lat' dir='ltr'><strong>miscuit,</strong></span> <span class='ocrx_word' id='word_1_11' title='bbox 325 886 416 949; x_wconf 78' lang='lat' dir='ltr'><strong>domo</strong></span> <span class='ocrx_word' id='word_1_12' title='bbox 429 903 495 947; x_wconf 78' lang='lat' dir='ltr'><strong>nom</strong></span> <span class='ocrx_word' id='word_1_13' title='bbox 514 896 644 966; x_wconf 72' lang='lat' dir='ltr'><strong>reposce</strong></span> <span class='ocrx_word' id='word_1_14' title='bbox 658 884 780 948; x_wconf 84' lang='lat' dir='ltr'><strong>Deinde</strong></span> <span class='ocrx_word' id='word_1_15' title='bbox 793 902 833 948; x_wconf 84' lang='lat' dir='ltr'><strong>ex</strong></span> <span class='ocrx_word' id='word_1_16' title='bbox 851 885 995 967; x_wconf 84' lang='lat' dir='ltr'><strong>ejusdem</strong></span> <span class='ocrx_word' id='word_1_17' title='bbox 1010 885 1155 966; x_wconf 73' lang='lat' dir='ltr'><strong>Apostoli</strong></span> <span class='ocrx_word' id='word_1_18' title='bbox 1171 901 1242 946; x_wconf 84' lang='lat' dir='ltr'><strong>rer-</strong></span> 
     </span>
     <span class='ocr_line' id='line_1_3' title="bbox 145 983 1243 1067; baseline -0.001 -20"><span class='ocrx_word' id='word_1_19' title='bbox 145 987 200 1048; x_wconf 85' lang='lat' dir='ltr'><strong>bis:</strong></span> <span class='ocrx_word' id='word_1_20' title='bbox 219 985 296 1066; x_wconf 83' lang='lat' dir='ltr'><strong>quia</strong></span> <span class='ocrx_word' id='word_1_21' title='bbox 327 986 489 1051; x_wconf 77' lang='lat' dir='ltr'><strong>Adroium</strong></span> <span class='ocrx_word' id='word_1_22' title='bbox 509 987 589 1050; x_wconf 82' lang='lat' dir='ltr'><strong>duos</strong></span> <span class='ocrx_word' id='word_1_23' title='bbox 617 985 701 1067; x_wconf 76' lang='lat' dir='ltr'><strong>filios</strong></span> <span class='ocrx_word' id='word_1_24' title='bbox 727 984 834 1048; x_wconf 77' lang='lat' dir='ltr'><strong>induit</strong></span> <span class='ocrx_word' id='word_1_25' title='bbox 865 993 926 1049; x_wconf 88' lang='lat' dir='ltr'><strong>eto.</strong></span> <span class='ocrx_word' id='word_1_26' title='bbox 956 1003 1041 1066; x_wconf 83' lang='lat' dir='ltr'><strong>quoe</strong></span> <span class='ocrx_word' id='word_1_27' title='bbox 1065 983 1243 1047; x_wconf 82' lang='lat' dir='ltr'><strong>secuudum</strong></span> 
     </span>
     <span class='ocr_line' id='line_1_4' title="bbox 144 1086 1242 1165; baseline -0.001 -18"><span class='ocrx_word' id='word_1_28' title='bbox 144 1087 272 1150; x_wconf 73' lang='lat' dir='ltr'><strong>litterum</strong></span> <span class='ocrx_word' id='word_1_29' title='bbox 303 1095 391 1151; x_wconf 85' lang='lat' dir='ltr'><strong>sture</strong></span> <span class='ocrx_word' id='word_1_30' title='bbox 421 1089 559 1164; x_wconf 86' lang='lat' dir='ltr'><strong>debent,</strong></span> <span class='ocrx_word' id='word_1_31' title='bbox 589 1089 669 1151; x_wconf 87' lang='lat' dir='ltr'><strong>huec</strong></span> <span class='ocrx_word' id='word_1_32' title='bbox 701 1095 807 1150; x_wconf 87' lang='lat' dir='ltr'><strong>tumen</strong></span> <span class='ocrx_word' id='word_1_33' title='bbox 828 1086 951 1150; x_wconf 85' lang='lat' dir='ltr'><strong>Psnlus</strong></span> <span class='ocrx_word' id='word_1_34' title='bbox 982 1087 1021 1148; x_wconf 85' lang='lat' dir='ltr'><strong>ed</strong></span> <span class='ocrx_word' id='word_1_35' title='bbox 1052 1086 1242 1165; x_wconf 72' lang='lat' dir='ltr'>allegoriam</span> 
     </span>
     <span class='ocr_line' id='line_1_5' title="bbox 145 1186 1242 1268; baseline -0.003 -18"><span class='ocrx_word' id='word_1_36' title='bbox 145 1189 295 1252; x_wconf 85' lang='lat' dir='ltr'><strong>tmnsiert.</strong></span> <span class='ocrx_word' id='word_1_37' title='bbox 320 1189 361 1253; x_wconf 80' lang='lat' dir='ltr'><strong>Et</strong></span> <span class='ocrx_word' id='word_1_38' title='bbox 380 1191 424 1252; x_wconf 80' lang='lat' dir='ltr'><strong>ols</strong></span> <span class='ocrx_word' id='word_1_39' title='bbox 444 1190 505 1253; x_wconf 79' lang='lat' dir='ltr'><strong>lsoc</strong></span> <span class='ocrx_word' id='word_1_40' title='bbox 525 1190 709 1254; x_wconf 75' lang='lat' dir='ltr'><strong>concludite</strong></span> <span class='ocrx_word' id='word_1_41' title='bbox 723 1210 741 1247; x_wconf 78' lang='lat' dir='ltr'><strong>s</strong></span> <span class='ocrx_word' id='word_1_42' title='bbox 756 1186 975 1260; x_wconf 88' lang='lat' dir='ltr'><strong>Ostendimus,</strong></span> <span class='ocrx_word' id='word_1_43' title='bbox 997 1196 1033 1251; x_wconf 96' lang='lat' dir='ltr'><strong>ut</strong></span> <span class='ocrx_word' id='word_1_44' title='bbox 1054 1189 1169 1268; x_wconf 81' lang='lat' dir='ltr'><strong>opinor</strong></span> <span class='ocrx_word' id='word_1_45' title='bbox 1184 1203 1242 1248; x_wconf 84' lang='lat' dir='ltr'><strong>nu·</strong></span> 
     </span>
     <span class='ocr_line' id='line_1_6' title="bbox 145 1287 1243 1370; baseline 0 -20"><span class='ocrx_word' id='word_1_46' title='bbox 145 1292 281 1353; x_wconf 74' lang='lat' dir='ltr'><strong>ctoritate</strong></span> <span class='ocrx_word' id='word_1_47' title='bbox 302 1288 493 1370; x_wconf 85' lang='lat' dir='ltr'><strong>Scripturse</strong></span> <span class='ocrx_word' id='word_1_48' title='bbox 513 1291 654 1362; x_wconf 79' lang='lat' dir='ltr'><strong>divinae,</strong></span> <span class='ocrx_word' id='word_1_49' title='bbox 674 1309 716 1352; x_wconf 84' lang='lat' dir='ltr'><strong>ex</strong></span> <span class='ocrx_word' id='word_1_50' title='bbox 738 1290 775 1351; x_wconf 92' lang='lat' dir='ltr'><strong>iis</strong></span> <span class='ocrx_word' id='word_1_51' title='bbox 796 1307 881 1368; x_wconf 82' lang='lat' dir='ltr'><strong>quse</strong></span> <span class='ocrx_word' id='word_1_52' title='bbox 902 1289 934 1351; x_wconf 88' lang='lat' dir='ltr'><strong>in</strong></span> <span class='ocrx_word' id='word_1_53' title='bbox 956 1287 1040 1370; x_wconf 60' lang='lat' dir='ltr'><strong>{rege</strong></span> <span class='ocrx_word' id='word_1_54' title='bbox 1060 1297 1136 1352; x_wconf 90' lang='lat' dir='ltr'><strong>sunt</strong></span> <span class='ocrx_word' id='word_1_55' title='bbox 1164 1288 1243 1351; x_wconf 86' lang='lat' dir='ltr'><strong>scri·</strong></span> 
     </span>
     <span class='ocr_line' id='line_1_7' title="bbox 143 1389 1240 1472; baseline 0 -21"><span class='ocrx_word' id='word_1_56' title='bbox 143 1398 200 1468; x_wconf 82' lang='lat' dir='ltr'><strong>ptr,</strong></span> <span class='ocrx_word' id='word_1_57' title='bbox 214 1392 324 1471; x_wconf 80' lang='lat' dir='ltr'><strong>ulique</strong></span> <span class='ocrx_word' id='word_1_58' title='bbox 348 1393 473 1471; x_wconf 86' lang='lat' dir='ltr'><strong>penitus</strong></span> <span class='ocrx_word' id='word_1_59' title='bbox 488 1391 676 1472; x_wconf 72' lang='lat' dir='ltr'><strong>refugiendo</strong></span> <span class='ocrx_word' id='word_1_60' title='bbox 698 1409 768 1454; x_wconf 86' lang='lat' dir='ltr'><strong>esse</strong></span> <span class='ocrx_word' id='word_1_61' title='bbox 784 1399 815 1452; x_wconf 90' lang='lat' dir='ltr'><strong>et</strong></span> <span class='ocrx_word' id='word_1_62' title='bbox 832 1389 989 1465; x_wconf 81' lang='lat' dir='ltr'><strong>cavendo,</strong></span> <span class='ocrx_word' id='word_1_63' title='bbox 1012 1408 1050 1453; x_wconf 91' lang='lat' dir='ltr'><strong>ne</strong></span> <span class='ocrx_word' id='word_1_64' title='bbox 1062 1389 1240 1452; x_wconf 90' lang='lat' dir='ltr'><strong>secundum</strong></span> 
     </span>
     <span class='ocr_line' id='line_1_8' title="bbox 143 1490 1244 1571; baseline 0.002 -20"><span class='ocrx_word' id='word_1_65' title='bbox 143 1490 275 1554; x_wconf 79' lang='lat' dir='ltr'><strong>litteram</strong></span> <span class='ocrx_word' id='word_1_66' title='bbox 296 1491 338 1553; x_wconf 79' lang='lat' dir='ltr'><strong>ab</strong></span> <span class='ocrx_word' id='word_1_67' title='bbox 359 1491 525 1571; x_wconf 75' lang='lat' dir='ltr'><strong>Evangelii</strong></span> <span class='ocrx_word' id='word_1_68' title='bbox 546 1492 713 1571; x_wconf 79' lang='lat' dir='ltr'><strong>discipulis</strong></span> <span class='ocrx_word' id='word_1_69' title='bbox 732 1491 960 1554; x_wconf 70' lang='lat' dir='ltr'>observentur:</span> <span class='ocrx_word' id='word_1_70' title='bbox 983 1493 1141 1571; x_wconf 77' lang='lat' dir='ltr'><strong>quaedam</strong></span> <span class='ocrx_word' id='word_1_71' title='bbox 1166 1510 1244 1554; x_wconf 85' lang='lat' dir='ltr'><strong>vero</strong></span> 
     </span>
     <span class='ocr_line' id='line_1_9' title="bbox 144 1592 1244 1673; baseline -0.001 -19"><span class='ocrx_word' id='word_1_72' title='bbox 144 1594 315 1656; x_wconf 78' lang='lat' dir='ltr'><strong>omnimode</strong></span> <span class='ocrx_word' id='word_1_73' title='bbox 337 1600 375 1657; x_wconf 92' lang='lat' dir='ltr'><strong>nt</strong></span> <span class='ocrx_word' id='word_1_74' title='bbox 386 1594 505 1673; x_wconf 87' lang='lat' dir='ltr'><strong>scriptu</strong></span> <span class='ocrx_word' id='word_1_75' title='bbox 526 1593 813 1670; x_wconf 63' lang='lat' dir='ltr'><strong>consobrinorum:</strong></span> <span class='ocrx_word' id='word_1_76' title='bbox 834 1592 898 1654; x_wconf 83' lang='lat' dir='ltr'><strong>ulio</strong></span> <span class='ocrx_word' id='word_1_77' title='bbox 912 1601 1020 1656; x_wconf 85' lang='lat' dir='ltr'><strong>autom</strong></span> <span class='ocrx_word' id='word_1_78' title='bbox 1037 1594 1156 1656; x_wconf 82' lang='lat' dir='ltr'><strong>trabere</strong></span> <span class='ocrx_word' id='word_1_79' title='bbox 1172 1594 1244 1673; x_wconf 83' lang='lat' dir='ltr'><strong>qui·</strong></span> 
     </span>
     <span class='ocr_line' id='line_1_10' title="bbox 144 1691 1244 1772; baseline 0.003 -21"><span class='ocrx_word' id='word_1_80' title='bbox 144 1691 206 1753; x_wconf 92' lang='lat' dir='ltr'><strong>dem</strong></span> <span class='ocrx_word' id='word_1_81' title='bbox 226 1693 404 1756; x_wconf 88' lang='lat' dir='ltr'><strong>secundum</strong></span> <span class='ocrx_word' id='word_1_82' title='bbox 426 1693 568 1756; x_wconf 80' lang='lat' dir='ltr'><strong>litterum</strong></span> <span class='ocrx_word' id='word_1_83' title='bbox 590 1695 759 1756; x_wconf 83' lang='lat' dir='ltr'><strong>rerttmem</strong></span> <span class='ocrx_word' id='word_1_84' title='bbox 780 1692 845 1768; x_wconf 87' lang='lat' dir='ltr'><strong>sui,</strong></span> <span class='ocrx_word' id='word_1_85' title='bbox 868 1693 1013 1772; x_wconf 85' lang='lat' dir='ltr'><strong>recipere</strong></span> <span class='ocrx_word' id='word_1_86' title='bbox 1036 1701 1140 1756; x_wconf 85' lang='lat' dir='ltr'><strong>temen</strong></span> <span class='ocrx_word' id='word_1_87' title='bbox 1155 1694 1244 1756; x_wconf 60' lang='lat' dir='ltr'><strong>utilia</strong></span> 
     </span>
     <span class='ocr_line' id='line_1_11' title="bbox 144 1793 991 1873; baseline -0.001 -21"><span class='ocrx_word' id='word_1_88' title='bbox 144 1798 187 1856; x_wconf 91' lang='lat' dir='ltr'><strong>ter</strong></span> <span class='ocrx_word' id='word_1_89' title='bbox 203 1801 236 1856; x_wconf 94' lang='lat' dir='ltr'><strong>et</strong></span> <span class='ocrx_word' id='word_1_90' title='bbox 256 1797 438 1857; x_wconf 81' lang='lat' dir='ltr'><strong>necessario</strong></span> <span class='ocrx_word' id='word_1_91' title='bbox 457 1794 556 1856; x_wconf 83' lang='lat' dir='ltr'><strong>etism</strong></span> <span class='ocrx_word' id='word_1_92' title='bbox 577 1793 791 1873; x_wconf 72' lang='lat' dir='ltr'><strong>allegoricum</strong></span> <span class='ocrx_word' id='word_1_93' title='bbox 812 1810 951 1856; x_wconf 87' lang='lat' dir='ltr'><strong>sensum.</strong></span> <span class='ocrx_word' id='word_1_94' title='bbox 975 1813 991 1851; x_wconf 80' lang='lat' dir='ltr'><strong>s</strong></span> 
     </span>
    </p>

    <p class='ocr_par' dir='ltr' id='par_1_2' title="bbox 142 1893 1250 3372">
     <span class='ocr_line' id='line_1_12' title="bbox 211 1893 1241 1978; baseline 0.001 -21"><span class='ocrx_word' id='word_1_95' title='bbox 211 1893 407 1977; x_wconf 73' lang='lat' dir='ltr'><strong>Huiusmodi</strong></span> <span class='ocrx_word' id='word_1_96' title='bbox 435 1912 537 1976; x_wconf 90' lang='lat' dir='ltr'><strong>porro</strong></span> <span class='ocrx_word' id='word_1_97' title='bbox 563 1895 623 1958; x_wconf 84' lang='lat' dir='ltr'><strong>sibi</strong></span> <span class='ocrx_word' id='word_1_98' title='bbox 652 1895 851 1973; x_wconf 77' lang='lat' dir='ltr'><strong>praescripta</strong></span> <span class='ocrx_word' id='word_1_99' title='bbox 884 1895 1058 1969; x_wconf 83' lang='lat' dir='ltr'><strong>methodo,</strong></span> <span class='ocrx_word' id='word_1_100' title='bbox 1089 1896 1241 1978; x_wconf 74' lang='lat' dir='ltr'><strong>mysteria</strong></span> 
     </span>
     <span class='ocr_line' id='line_1_13' title="bbox 143 1992 1243 2076; baseline 0.005 -20"><span class='ocrx_word' id='word_1_101' title='bbox 143 1992 376 2075; x_wconf 87' lang='lat' dir='ltr'><strong>Scriptnrurum</strong></span> <span class='ocrx_word' id='word_1_102' title='bbox 397 1995 521 2058; x_wconf 80' lang='lat' dir='ltr'><strong>evolvit</strong></span> <span class='ocrx_word' id='word_1_103' title='bbox 542 1996 755 2075; x_wconf 69' lang='lat' dir='ltr'><strong>discutimus,</strong></span> <span class='ocrx_word' id='word_1_104' title='bbox 778 1996 900 2076; x_wconf 82' lang='lat' dir='ltr'><strong>ubique</strong></span> <span class='ocrx_word' id='word_1_105' title='bbox 923 2014 958 2059; x_wconf 89' lang='lat' dir='ltr'><strong>sc</strong></span> <span class='ocrx_word' id='word_1_106' title='bbox 979 2015 1013 2059; x_wconf 88' lang='lat' dir='ltr'><strong>se</strong></span> <span class='ocrx_word' id='word_1_107' title='bbox 1034 2000 1066 2060; x_wconf 88' lang='lat' dir='ltr'><strong>in</strong></span> <span class='ocrx_word' id='word_1_108' title='bbox 1094 1997 1243 2060; x_wconf 87' lang='lat' dir='ltr'><strong>omnibns</strong></span> 
     </span>
     <span class='ocr_line' id='line_1_14' title="bbox 144 2096 1243 2178; baseline 0.004 -22"><span class='ocrx_word' id='word_1_109' title='bbox 144 2098 368 2160; x_wconf 74' lang='lat' dir='ltr'><strong>consectarium</strong></span> <span class='ocrx_word' id='word_1_110' title='bbox 390 2096 561 2176; x_wconf 82' lang='lat' dir='ltr'><strong>perhibens</strong></span> <span class='ocrx_word' id='word_1_111' title='bbox 578 2097 675 2178; x_wconf 73' lang='lat' dir='ltr'><strong>iustu</strong></span> <span class='ocrx_word' id='word_1_112' title='bbox 696 2097 859 2177; x_wconf 84' lang='lat' dir='ltr'><strong>prselstss</strong></span> <span class='ocrx_word' id='word_1_113' title='bbox 879 2098 977 2177; x_wconf 79' lang='lat' dir='ltr'><strong>leges.</strong></span> <span class='ocrx_word' id='word_1_114' title='bbox 996 2096 1036 2160; x_wconf 85' lang='lat' dir='ltr'><strong>Et</strong></span> <span class='ocrx_word' id='word_1_115' title='bbox 1057 2098 1243 2177; x_wconf 75' lang='lat' dir='ltr'><strong>renuidem</strong></span> 
     </span>
     <span class='ocr_line' id='line_1_15' title="bbox 146 2195 1244 2279; baseline 0.005 -22"><span class='ocrx_word' id='word_1_116' title='bbox 146 2213 225 2272; x_wconf 84' lang='lat' dir='ltr'><strong>reru,</strong></span> <span class='ocrx_word' id='word_1_117' title='bbox 246 2200 347 2278; x_wconf 87' lang='lat' dir='ltr'><strong>siquis</strong></span> <span class='ocrx_word' id='word_1_118' title='bbox 369 2217 421 2263; x_wconf 88' lang='lat' dir='ltr'><strong>ex.</strong></span> <span class='ocrx_word' id='word_1_119' title='bbox 448 2217 478 2278; x_wconf 72' lang='lat' dir='ltr'><strong>p.</strong></span> <span class='ocrx_word' id='word_1_120' title='bbox 494 2197 750 2263; x_wconf 81' lang='lat' dir='ltr'><strong>Commentsrius</strong></span> <span class='ocrx_word' id='word_1_121' title='bbox 773 2197 920 2279; x_wconf 86' lang='lat' dir='ltr'><strong>ejusdem</strong></span> <span class='ocrx_word' id='word_1_122' title='bbox 942 2195 979 2260; x_wconf 80' lang='lat' dir='ltr'><strong>im</strong></span> <span class='ocrx_word' id='word_1_123' title='bbox 1002 2195 1147 2262; x_wconf 80' lang='lat' dir='ltr'><strong>Genesim</strong></span> <span class='ocrx_word' id='word_1_124' title='bbox 1172 2216 1244 2278; x_wconf 88' lang='lat' dir='ltr'><strong>per-</strong></span> 
     </span>
     <span class='ocr_line' id='line_1_16' title="bbox 143 2299 1244 2379; baseline 0.004 -22"><span class='ocrx_word' id='word_1_125' title='bbox 143 2306 257 2372; x_wconf 84' lang='lat' dir='ltr'><strong>curret,</strong></span> <span class='ocrx_word' id='word_1_126' title='bbox 278 2317 408 2362; x_wconf 88' lang='lat' dir='ltr'><strong>sensnm</strong></span> <span class='ocrx_word' id='word_1_127' title='bbox 429 2299 604 2362; x_wconf 78' lang='lat' dir='ltr'><strong>litteralem</strong></span> <span class='ocrx_word' id='word_1_128' title='bbox 624 2304 719 2361; x_wconf 85' lang='lat' dir='ltr'><strong>unice</strong></span> <span class='ocrx_word' id='word_1_129' title='bbox 741 2299 958 2362; x_wconf 75' lang='lat' dir='ltr'><strong>celebrantem</strong></span> <span class='ocrx_word' id='word_1_130' title='bbox 980 2300 1142 2379; x_wconf 80' lang='lat' dir='ltr'><strong>aptissime</strong></span> <span class='ocrx_word' id='word_1_131' title='bbox 1159 2299 1244 2363; x_wconf 88' lang='lat' dir='ltr'><strong>vide·</strong></span> 
     </span>
     <span class='ocr_line' id='line_1_17' title="bbox 144 2399 1245 2474; baseline 0.002 -15"><span class='ocrx_word' id='word_1_132' title='bbox 144 2399 180 2460; x_wconf 85' lang='lat' dir='ltr'><strong>n&#39;t</strong></span> <span class='ocrx_word' id='word_1_133' title='bbox 196 2399 235 2462; x_wconf 88' lang='lat' dir='ltr'><strong>de</strong></span> <span class='ocrx_word' id='word_1_134' title='bbox 256 2399 367 2462; x_wconf 90' lang='lat' dir='ltr'><strong>mundi</strong></span> <span class='ocrx_word' id='word_1_135' title='bbox 388 2403 552 2464; x_wconf 75' lang='lat' dir='ltr'><strong>creatione</strong></span> <span class='ocrx_word' id='word_1_136' title='bbox 573 2417 613 2461; x_wconf 84' lang='lat' dir='ltr'><strong>ex</strong></span> <span class='ocrx_word' id='word_1_137' title='bbox 635 2399 750 2474; x_wconf 88' lang='lat' dir='ltr'><strong>nilriin,</strong></span> <span class='ocrx_word' id='word_1_138' title='bbox 772 2407 804 2461; x_wconf 88' lang='lat' dir='ltr'><strong>et</strong></span> <span class='ocrx_word' id='word_1_139' title='bbox 825 2419 867 2464; x_wconf 81' lang='lat' dir='ltr'><strong>er</strong></span> <span class='ocrx_word' id='word_1_140' title='bbox 890 2400 951 2462; x_wconf 84' lang='lat' dir='ltr'><strong>hoc</strong></span> <span class='ocrx_word' id='word_1_141' title='bbox 972 2400 1081 2464; x_wconf 83' lang='lat' dir='ltr'><strong>divino</strong></span> <span class='ocrx_word' id='word_1_142' title='bbox 1103 2402 1245 2464; x_wconf 88' lang='lat' dir='ltr'><strong>testimu-</strong></span> 
     </span>
     <span class='ocr_line' id='line_1_18' title="bbox 144 2501 1244 2582; baseline 0.003 -21"><span class='ocrx_word' id='word_1_143' title='bbox 144 2501 188 2562; x_wconf 85' lang='lat' dir='ltr'><strong>oio</strong></span> <span class='ocrx_word' id='word_1_144' title='bbox 204 2501 254 2563; x_wconf 85' lang='lat' dir='ltr'><strong>lric</strong></span> <span class='ocrx_word' id='word_1_145' title='bbox 274 2509 308 2563; x_wconf 88' lang='lat' dir='ltr'><strong>et</strong></span> <span class='ocrx_word' id='word_1_146' title='bbox 321 2501 398 2563; x_wconf 81' lang='lat' dir='ltr'><strong>slibi</strong></span> <span class='ocrx_word' id='word_1_147' title='bbox 418 2501 685 2564; x_wconf 74' lang='lat' dir='ltr'><strong>adversariorum</strong></span> <span class='ocrx_word' id='word_1_148' title='bbox 703 2507 922 2564; x_wconf 90' lang='lat' dir='ltr'><strong>conterentem</strong></span> <span class='ocrx_word' id='word_1_149' title='bbox 944 2509 1133 2582; x_wconf 75' lang='lat' dir='ltr'><strong>argumente</strong></span> <span class='ocrx_word' id='word_1_150' title='bbox 1147 2502 1244 2564; x_wconf 81' lang='lat' dir='ltr'><strong>aliter</strong></span> 
     </span>
     <span class='ocr_line' id='line_1_19' title="bbox 142 2601 1245 2683; baseline 0.002 -21"><span class='ocrx_word' id='word_1_151' title='bbox 142 2602 334 2665; x_wconf 87' lang='lat' dir='ltr'><strong>sentientium</strong></span> <span class='ocrx_word' id='word_1_152' title='bbox 356 2601 396 2664; x_wconf 90' lang='lat' dir='ltr'><strong>de</strong></span> <span class='ocrx_word' id='word_1_153' title='bbox 417 2602 527 2664; x_wconf 90' lang='lat' dir='ltr'><strong>mundi</strong></span> <span class='ocrx_word' id='word_1_154' title='bbox 547 2610 635 2664; x_wconf 87' lang='lat' dir='ltr'><strong>ortu.</strong></span> <span class='ocrx_word' id='word_1_155' title='bbox 658 2601 811 2664; x_wconf 74' lang='lat' dir='ltr'><strong>Attamen</strong></span> <span class='ocrx_word' id='word_1_156' title='bbox 831 2603 905 2667; x_wconf 80' lang='lat' dir='ltr'><strong>irinc</strong></span> <span class='ocrx_word' id='word_1_157' title='bbox 936 2603 1076 2666; x_wconf 78' lang='lat' dir='ltr'><strong>maxime</strong></span> <span class='ocrx_word' id='word_1_158' title='bbox 1097 2605 1245 2683; x_wconf 77' lang='lat' dir='ltr'><strong>carpitur</strong></span> 
     </span>
     <span class='ocr_line' id='line_1_20' title="bbox 144 2699 1244 2784; baseline 0.005 -23"><span class='ocrx_word' id='word_1_159' title='bbox 144 2699 289 2782; x_wconf 70' lang='lat' dir='ltr'><strong>Origenes</strong></span> <span class='ocrx_word' id='word_1_160' title='bbox 309 2703 411 2783; x_wconf 84' lang='lat' dir='ltr'><strong>quud,</strong></span> <span class='ocrx_word' id='word_1_161' title='bbox 432 2719 530 2766; x_wconf 89' lang='lat' dir='ltr'><strong>sensu</strong></span> <span class='ocrx_word' id='word_1_162' title='bbox 548 2703 684 2766; x_wconf 82' lang='lat' dir='ltr'><strong>litterali</strong></span> <span class='ocrx_word' id='word_1_163' title='bbox 704 2703 875 2778; x_wconf 83' lang='lat' dir='ltr'><strong>derelicto,</strong></span> <span class='ocrx_word' id='word_1_164' title='bbox 897 2706 1131 2784; x_wconf 83' lang='lat' dir='ltr'><strong>expositionem</strong></span> <span class='ocrx_word' id='word_1_165' title='bbox 1150 2706 1244 2784; x_wconf 91' lang='lat' dir='ltr'><strong>spiri·</strong></span> 
     </span>
     <span class='ocr_line' id='line_1_21' title="bbox 146 2802 1247 2885; baseline 0.005 -23"><span class='ocrx_word' id='word_1_166' title='bbox 146 2802 233 2866; x_wconf 80' lang='lat' dir='ltr'><strong>telem</strong></span> <span class='ocrx_word' id='word_1_167' title='bbox 254 2804 528 2885; x_wconf 77' lang='lat' dir='ltr'><strong>eomptcrnsst13</strong></span> <span class='ocrx_word' id='word_1_168' title='bbox 551 2804 639 2883; x_wconf 85' lang='lat' dir='ltr'><strong>quud</strong></span> <span class='ocrx_word' id='word_1_169' title='bbox 661 2821 796 2883; x_wconf 89' lang='lat' dir='ltr'><strong>prorsus</strong></span> <span class='ocrx_word' id='word_1_170' title='bbox 818 2804 936 2868; x_wconf 81' lang='lat' dir='ltr'><strong>tstsum</strong></span> <span class='ocrx_word' id='word_1_171' title='bbox 959 2813 1016 2868; x_wconf 89' lang='lat' dir='ltr'><strong>est.</strong></span> <span class='ocrx_word' id='word_1_172' title='bbox 1043 2804 1093 2868; x_wconf 87' lang='lat' dir='ltr'><strong>Fit</strong></span> <span class='ocrx_word' id='word_1_173' title='bbox 1107 2822 1247 2884; x_wconf 82' lang='lat' dir='ltr'><strong>numque</strong></span> 
     </span>
     <span class='ocr_line' id='line_1_22' title="bbox 144 2903 1247 2979; baseline 0.005 -17"><span class='ocrx_word' id='word_1_174' title='bbox 144 2919 224 2977; x_wconf 83' lang='lat' dir='ltr'><strong>mro,</strong></span> <span class='ocrx_word' id='word_1_175' title='bbox 245 2912 283 2968; x_wconf 90' lang='lat' dir='ltr'><strong>ut</strong></span> <span class='ocrx_word' id='word_1_176' title='bbox 304 2906 336 2965; x_wconf 87' lang='lat' dir='ltr'><strong>irt</strong></span> <span class='ocrx_word' id='word_1_177' title='bbox 357 2907 394 2967; x_wconf 92' lang='lat' dir='ltr'><strong>iis</strong></span> <span class='ocrx_word' id='word_1_178' title='bbox 415 2903 577 2968; x_wconf 85' lang='lat' dir='ltr'><strong>Geuoseos</strong></span> <span class='ocrx_word' id='word_1_179' title='bbox 600 2904 718 2979; x_wconf 82' lang='lat' dir='ltr'><strong>verbis,</strong></span> <span class='ocrx_word' id='word_1_180' title='bbox 734 2906 793 2966; x_wconf 91' lang='lat' dir='ltr'><strong>etsi</strong></span> <span class='ocrx_word' id='word_1_181' title='bbox 816 2906 906 2967; x_wconf 79' lang='lat' dir='ltr'><strong>brevi</strong></span> <span class='ocrx_word' id='word_1_182' title='bbox 922 2922 1082 2978; x_wconf 90' lang='lat' dir='ltr'><strong>sermone,</strong></span> <span class='ocrx_word' id='word_1_183' title='bbox 1107 2903 1247 2967; x_wconf 77' lang='lat' dir='ltr'><strong>Litterae</strong></span> 
     </span>
     <span class='ocr_line' id='line_1_23' title="bbox 145 3006 1250 3087; baseline 0.002 -22"><span class='ocrx_word' id='word_1_184' title='bbox 145 3021 261 3068; x_wconf 85' lang='lat' dir='ltr'><strong>sensum</strong></span> <span class='ocrx_word' id='word_1_185' title='bbox 275 3025 340 3069; x_wconf 88' lang='lat' dir='ltr'><strong>non</strong></span> <span class='ocrx_word' id='word_1_186' title='bbox 355 3007 484 3087; x_wconf 86' lang='lat' dir='ltr'><strong>produt,</strong></span> <span class='ocrx_word' id='word_1_187' title='bbox 500 3024 559 3070; x_wconf 85' lang='lat' dir='ltr'><strong>neo</strong></span> <span class='ocrx_word' id='word_1_188' title='bbox 574 3006 678 3069; x_wconf 89' lang='lat' dir='ltr'><strong>multo</strong></span> <span class='ocrx_word' id='word_1_189' title='bbox 700 3009 807 3071; x_wconf 87' lang='lat' dir='ltr'><strong>minus</strong></span> <span class='ocrx_word' id='word_1_190' title='bbox 819 3009 923 3086; x_wconf 89' lang='lat' dir='ltr'><strong>ipsum</strong></span> <span class='ocrx_word' id='word_1_191' title='bbox 939 3011 1143 3086; x_wconf 78' lang='lat' dir='ltr'><strong>aspernetur,</strong></span> <span class='ocrx_word' id='word_1_192' title='bbox 1155 3006 1250 3068; x_wconf 91' lang='lat' dir='ltr'><strong>dum·</strong></span> 
     </span>
     <span class='ocr_line' id='line_1_24' title="bbox 147 3105 1245 3189; baseline 0.002 -23"><span class='ocrx_word' id='word_1_193' title='bbox 147 3107 232 3168; x_wconf 88' lang='lat' dir='ltr'><strong>modu</strong></span> <span class='ocrx_word' id='word_1_194' title='bbox 253 3127 332 3172; x_wconf 85' lang='lat' dir='ltr'><strong>vero</strong></span> <span class='ocrx_word' id='word_1_195' title='bbox 353 3110 412 3170; x_wconf 91' lang='lat' dir='ltr'><strong>iste</strong></span> <span class='ocrx_word' id='word_1_196' title='bbox 432 3126 545 3171; x_wconf 81' lang='lat' dir='ltr'><strong>sensns</strong></span> <span class='ocrx_word' id='word_1_197' title='bbox 565 3108 675 3170; x_wconf 89' lang='lat' dir='ltr'><strong>locum</strong></span> <span class='ocrx_word' id='word_1_198' title='bbox 697 3109 817 3172; x_wconf 78' lang='lat' dir='ltr'><strong>lubere</strong></span> <span class='ocrx_word' id='word_1_199' title='bbox 839 3107 948 3189; x_wconf 88' lang='lat' dir='ltr'><strong>possit.</strong></span> <span class='ocrx_word' id='word_1_200' title='bbox 971 3105 1018 3170; x_wconf 86' lang='lat' dir='ltr'><strong>De</strong></span> <span class='ocrx_word' id='word_1_201' title='bbox 1040 3107 1087 3169; x_wconf 85' lang='lat' dir='ltr'><strong>his</strong></span> <span class='ocrx_word' id='word_1_202' title='bbox 1112 3108 1245 3182; x_wconf 82' lang='lat' dir='ltr'><strong>interce,</strong></span> 
     </span>
     <span class='ocr_line' id='line_1_25' title="bbox 147 3207 1249 3286; baseline 0.001 -17"><span class='ocrx_word' id='word_1_203' title='bbox 147 3226 222 3286; x_wconf 80' lang='lat' dir='ltr'><strong>quse</strong></span> <span class='ocrx_word' id='word_1_204' title='bbox 240 3209 353 3272; x_wconf 78' lang='lat' dir='ltr'><strong>scribit</strong></span> <span class='ocrx_word' id='word_1_205' title='bbox 375 3207 515 3271; x_wconf 83' lang='lat' dir='ltr'><strong>Humilis</strong></span> <span class='ocrx_word' id='word_1_206' title='bbox 538 3207 580 3271; x_wconf 86' lang='lat' dir='ltr'><strong>ll.</strong></span> <span class='ocrx_word' id='word_1_207' title='bbox 602 3207 637 3270; x_wconf 84' lang='lat' dir='ltr'><strong>iu</strong></span> <span class='ocrx_word' id='word_1_208' title='bbox 660 3207 823 3285; x_wconf 81' lang='lat' dir='ltr'><strong>Genesim,</strong></span> <span class='ocrx_word' id='word_1_209' title='bbox 847 3207 1025 3283; x_wconf 73' lang='lat' dir='ltr'><strong>consulito,</strong></span> <span class='ocrx_word' id='word_1_210' title='bbox 1049 3207 1103 3270; x_wconf 88' lang='lat' dir='ltr'><strong>ubi</strong></span> <span class='ocrx_word' id='word_1_211' title='bbox 1126 3208 1165 3270; x_wconf 87' lang='lat' dir='ltr'><strong>de</strong></span> <span class='ocrx_word' id='word_1_212' title='bbox 1189 3211 1249 3270; x_wconf 82' lang='lat' dir='ltr'><strong>iir-</strong></span> 
     </span>
     <span class='ocr_line' id='line_1_26' title="bbox 146 3308 701 3372; baseline 0 -2"><span class='ocrx_word' id='word_1_213' title='bbox 146 3325 196 3370; x_wconf 81' lang='lat' dir='ltr'><strong>cre</strong></span> <span class='ocrx_word' id='word_1_214' title='bbox 215 3308 283 3372; x_wconf 83' lang='lat' dir='ltr'><strong>Noe</strong></span> <span class='ocrx_word' id='word_1_215' title='bbox 303 3311 544 3372; x_wconf 88' lang='lat' dir='ltr'><strong>constructione</strong></span> <span class='ocrx_word' id='word_1_216' title='bbox 564 3309 701 3372; x_wconf 89' lang='lat' dir='ltr'><strong>disserit.</strong></span> 
     </span>
    </p>

    <p class='ocr_par' dir='ltr' id='par_1_3' title="bbox 146 3403 1250 4597">
     <span class='ocr_line' id='line_1_27' title="bbox 212 3403 1247 3489; baseline 0 -21"><span class='ocrx_word' id='word_1_217' title='bbox 212 3407 440 3489; x_wconf 77' lang='lat' dir='ltr'><strong>«incipientes,</strong></span> <span class='ocrx_word' id='word_1_218' title='bbox 453 3409 510 3483; x_wconf 88' lang='lat' dir='ltr'><strong>sit,</strong></span> <span class='ocrx_word' id='word_1_219' title='bbox 523 3409 563 3470; x_wconf 89' lang='lat' dir='ltr'><strong>de</strong></span> <span class='ocrx_word' id='word_1_220' title='bbox 577 3427 666 3484; x_wconf 80' lang='lat' dir='ltr'><strong>erce,</strong></span> <span class='ocrx_word' id='word_1_221' title='bbox 678 3409 949 3489; x_wconf 86' lang='lat' dir='ltr'><strong>quuesccundum</strong></span> <span class='ocrx_word' id='word_1_222' title='bbox 963 3406 1147 3470; x_wconf 79' lang='lat' dir='ltr'><strong>mundatum</strong></span> <span class='ocrx_word' id='word_1_223' title='bbox 1160 3403 1217 3468; x_wconf 77' lang='lat' dir='ltr'><strong>lici</strong></span> <span class='ocrx_word' id='word_1_224' title='bbox 1230 3424 1247 3468; x_wconf 82' lang='lat' dir='ltr'><strong>e</strong></span> 
     </span>
     <span class='ocr_line' id='line_1_28' title="bbox 147 3505 1249 3589; baseline 0.001 -20"><span class='ocrx_word' id='word_1_225' title='bbox 147 3505 209 3570; x_wconf 88' lang='lat' dir='ltr'><strong>Noe</strong></span> <span class='ocrx_word' id='word_1_226' title='bbox 222 3516 406 3572; x_wconf 82' lang='lat' dir='ltr'><strong>constructe</strong></span> <span class='ocrx_word' id='word_1_227' title='bbox 429 3518 489 3584; x_wconf 89' lang='lat' dir='ltr'><strong>est,</strong></span> <span class='ocrx_word' id='word_1_228' title='bbox 506 3509 676 3584; x_wconf 82' lang='lat' dir='ltr'><strong>disserere,</strong></span> <span class='ocrx_word' id='word_1_229' title='bbox 692 3510 952 3589; x_wconf 87' lang='lat' dir='ltr'><strong>primoomnium</strong></span> <span class='ocrx_word' id='word_1_230' title='bbox 970 3508 1147 3584; x_wconf 83' lang='lat' dir='ltr'><strong>vidcsmus,</strong></span> <span class='ocrx_word' id='word_1_231' title='bbox 1165 3525 1249 3587; x_wconf 82' lang='lat' dir='ltr'><strong>quae</strong></span> 
     </span>
     <span class='ocr_line' id='line_1_29' title="bbox 146 3608 1249 3692; baseline 0.004 -24"><span class='ocrx_word' id='word_1_232' title='bbox 146 3608 180 3671; x_wconf 85' lang='lat' dir='ltr'><strong>de</strong></span> <span class='ocrx_word' id='word_1_233' title='bbox 198 3629 232 3672; x_wconf 88' lang='lat' dir='ltr'><strong>es</strong></span> <span class='ocrx_word' id='word_1_234' title='bbox 252 3610 431 3674; x_wconf 86' lang='lat' dir='ltr'><strong>secundum</strong></span> <span class='ocrx_word' id='word_1_235' title='bbox 454 3611 594 3673; x_wconf 85' lang='lat' dir='ltr'><strong>litterum</strong></span> <span class='ocrx_word' id='word_1_236' title='bbox 617 3611 828 3674; x_wconf 80' lang='lat' dir='ltr'><strong>relerunturr</strong></span> <span class='ocrx_word' id='word_1_237' title='bbox 852 3619 885 3673; x_wconf 87' lang='lat' dir='ltr'><strong>et</strong></span> <span class='ocrx_word' id='word_1_238' title='bbox 906 3611 1109 3692; x_wconf 78' lang='lat' dir='ltr'><strong>quaestiones</strong></span> <span class='ocrx_word' id='word_1_239' title='bbox 1132 3627 1249 3689; x_wconf 91' lang='lat' dir='ltr'><strong>propu-</strong></span> 
     </span>
     <span class='ocr_line' id='line_1_30' title="bbox 147 3711 1250 3792; baseline 0.004 -22"><span class='ocrx_word' id='word_1_240' title='bbox 147 3719 256 3780; x_wconf 82' lang='lat' dir='ltr'><strong>oontes.</strong></span> <span class='ocrx_word' id='word_1_241' title='bbox 278 3729 364 3792; x_wconf 82' lang='lat' dir='ltr'><strong>quae</strong></span> <span class='ocrx_word' id='word_1_242' title='bbox 384 3712 480 3790; x_wconf 77' lang='lat' dir='ltr'><strong>objici</strong></span> <span class='ocrx_word' id='word_1_243' title='bbox 502 3729 519 3773; x_wconf 87' lang='lat' dir='ltr'><strong>s</strong></span> <span class='ocrx_word' id='word_1_244' title='bbox 542 3711 693 3791; x_wconf 82' lang='lat' dir='ltr'><strong>pluribus</strong></span> <span class='ocrx_word' id='word_1_245' title='bbox 712 3711 829 3785; x_wconf 90' lang='lat' dir='ltr'><strong>soient,</strong></span> <span class='ocrx_word' id='word_1_246' title='bbox 847 3712 943 3774; x_wconf 82' lang='lat' dir='ltr'><strong>etiem</strong></span> <span class='ocrx_word' id='word_1_247' title='bbox 966 3711 1184 3774; x_wconf 79' lang='lat' dir='ltr'><strong>absolutiones</strong></span> <span class='ocrx_word' id='word_1_248' title='bbox 1195 3728 1250 3774; x_wconf 86' lang='lat' dir='ltr'><strong>eo·</strong></span> 
     </span>
     <span class='ocr_line' id='line_1_31' title="bbox 147 3812 1248 3892; baseline 0.001 -19"><span class='ocrx_word' id='word_1_249' title='bbox 147 3829 264 3876; x_wconf 83' lang='lat' dir='ltr'><strong>rumex</strong></span> <span class='ocrx_word' id='word_1_250' title='bbox 287 3815 348 3887; x_wconf 85' lang='lat' dir='ltr'><strong>his,</strong></span> <span class='ocrx_word' id='word_1_251' title='bbox 365 3812 664 3892; x_wconf 84' lang='lat' dir='ltr'><strong>quecnobissunts</strong></span> <span class='ocrx_word' id='word_1_252' title='bbox 680 3812 857 3892; x_wconf 79' lang='lat' dir='ltr'><strong>majoribus</strong></span> <span class='ocrx_word' id='word_1_253' title='bbox 878 3813 1007 3885; x_wconf 81' lang='lat' dir='ltr'><strong>tradite,</strong></span> <span class='ocrx_word' id='word_1_254' title='bbox 1029 3813 1248 3890; x_wconf 81' lang='lat' dir='ltr'><strong>requiramus3</strong></span> 
     </span>
     <span class='ocr_line' id='line_1_32' title="bbox 148 3911 1250 3994; baseline 0.004 -22"><span class='ocrx_word' id='word_1_255' title='bbox 148 3922 265 3976; x_wconf 83' lang='lat' dir='ltr'><strong>utrum</strong></span> <span class='ocrx_word' id='word_1_256' title='bbox 289 3913 514 3994; x_wconf 74' lang='lat' dir='ltr'><strong>huiuscemodi</strong></span> <span class='ocrx_word' id='word_1_257' title='bbox 529 3911 733 3976; x_wconf 73' lang='lat' dir='ltr'><strong>fundamenta</strong></span> <span class='ocrx_word' id='word_1_258' title='bbox 753 3914 941 3994; x_wconf 79' lang='lat' dir='ltr'><strong>jecerimus,</strong></span> <span class='ocrx_word' id='word_1_259' title='bbox 958 3914 999 3974; x_wconf 84' lang='lat' dir='ltr'><strong>eb</strong></span> <span class='ocrx_word' id='word_1_260' title='bbox 1015 3914 1166 3976; x_wconf 77' lang='lat' dir='ltr'><strong>historiae</strong></span> <span class='ocrx_word' id='word_1_261' title='bbox 1181 3922 1250 3976; x_wconf 82' lang='lat' dir='ltr'><strong>tex·</strong></span> 
     </span>
     <span class='ocr_line' id='line_1_33' title="bbox 151 4013 1249 4098; baseline 0.006 -27"><span class='ocrx_word' id='word_1_262' title='bbox 151 4018 182 4072; x_wconf 92' lang='lat' dir='ltr'><strong>tu</strong></span> <span class='ocrx_word' id='word_1_263' title='bbox 202 4014 357 4091; x_wconf 89' lang='lat' dir='ltr'><strong>possimus</strong></span> <span class='ocrx_word' id='word_1_264' title='bbox 372 4014 545 4077; x_wconf 82' lang='lat' dir='ltr'><strong>oscendere</strong></span> <span class='ocrx_word' id='word_1_265' title='bbox 558 4013 598 4075; x_wconf 88' lang='lat' dir='ltr'><strong>ud</strong></span> <span class='ocrx_word' id='word_1_266' title='bbox 619 4014 773 4092; x_wconf 87' lang='lat' dir='ltr'><strong>spiritutis</strong></span> <span class='ocrx_word' id='word_1_267' title='bbox 787 4013 1016 4094; x_wconf 75' lang='lat' dir='ltr'><strong>intelligentiuo</strong></span> <span class='ocrx_word' id='word_1_268' title='bbox 1032 4014 1202 4098; x_wconf 84' lang='lat' dir='ltr'><strong>mysticum</strong></span> <span class='ocrx_word' id='word_1_269' title='bbox 1216 4022 1249 4078; x_wconf 90' lang='lat' dir='ltr'><strong>et</strong></span> 
     </span>
     <span class='ocr_line' id='line_1_34' title="bbox 149 4109 1247 4193; baseline 0.005 -25"><span class='ocrx_word' id='word_1_270' title='bbox 149 4109 350 4192; x_wconf 76' lang='lat' dir='ltr'><strong>allegoricum</strong></span> <span class='ocrx_word' id='word_1_271' title='bbox 372 4131 500 4176; x_wconf 90' lang='lat' dir='ltr'><strong>sensum</strong></span> <span class='ocrx_word' id='word_1_272' title='bbox 511 4133 523 4192; x_wconf 82' lang='lat'>3</span> <span class='ocrx_word' id='word_1_273' title='bbox 546 4121 578 4175; x_wconf 90' lang='lat' dir='ltr'><strong>et</strong></span> <span class='ocrx_word' id='word_1_274' title='bbox 598 4114 702 4193; x_wconf 82' lang='lat' dir='ltr'><strong>siquid</strong></span> <span class='ocrx_word' id='word_1_275' title='bbox 730 4115 763 4176; x_wconf 92' lang='lat' dir='ltr'><strong>in</strong></span> <span class='ocrx_word' id='word_1_276' title='bbox 784 4115 830 4178; x_wconf 90' lang='lat' dir='ltr'><strong>eis</strong></span> <span class='ocrx_word' id='word_1_277' title='bbox 857 4131 1012 4176; x_wconf 77' lang='lat' dir='ltr'><strong>crunnum</strong></span> <span class='ocrx_word' id='word_1_278' title='bbox 1041 4114 1247 4188; x_wconf 90' lang='lat' dir='ltr'><strong>continetur,</strong></span> 
     </span>
     <span class='ocr_line' id='line_1_35' title="bbox 148 4211 1248 4288; baseline 0.005 -19"><span class='ocrx_word' id='word_1_279' title='bbox 148 4217 275 4288; x_wconf 78' lang='lat' dir='ltr'><strong>aperire,</strong></span> <span class='ocrx_word' id='word_1_280' title='bbox 299 4213 438 4277; x_wconf 82' lang='lat' dir='ltr'><strong>Domino</strong></span> <span class='ocrx_word' id='word_1_281' title='bbox 457 4213 549 4274; x_wconf 85' lang='lat' dir='ltr'><strong>nobis</strong></span> <span class='ocrx_word' id='word_1_282' title='bbox 573 4213 662 4276; x_wconf 80' lang='lat' dir='ltr'><strong>verbi</strong></span> <span class='ocrx_word' id='word_1_283' title='bbox 681 4217 733 4278; x_wconf 90' lang='lat' dir='ltr'><strong>sni</strong></span> <span class='ocrx_word' id='word_1_284' title='bbox 754 4215 919 4278; x_wconf 83' lang='lat' dir='ltr'><strong>scientium</strong></span> <span class='ocrx_word' id='word_1_285' title='bbox 942 4213 1152 4276; x_wconf 77' lang='lat' dir='ltr'><strong>revelante.»</strong></span> <span class='ocrx_word' id='word_1_286' title='bbox 1174 4211 1248 4275; x_wconf 87' lang='lat' dir='ltr'><strong>Ori·</strong></span> 
     </span>
     <span class='ocr_line' id='line_1_36' title="bbox 148 4313 1250 4388; baseline 0.007 -18"><span class='ocrx_word' id='word_1_287' title='bbox 148 4326 232 4386; x_wconf 73' lang='lat' dir='ltr'><strong>genes</strong></span> <span class='ocrx_word' id='word_1_288' title='bbox 253 4316 389 4378; x_wconf 79' lang='lat' dir='ltr'><strong>tortasse</strong></span> <span class='ocrx_word' id='word_1_289' title='bbox 408 4315 452 4375; x_wconf 87' lang='lat' dir='ltr'><strong>ite</strong></span> <span class='ocrx_word' id='word_1_290' title='bbox 473 4331 655 4378; x_wconf 88' lang='lat' dir='ltr'><strong>sermonem</strong></span> <span class='ocrx_word' id='word_1_291' title='bbox 676 4333 773 4380; x_wconf 89' lang='lat' dir='ltr'><strong>suum</strong></span> <span class='ocrx_word' id='word_1_292' title='bbox 795 4321 983 4388; x_wconf 84' lang='lat' dir='ltr'><strong>conterens,</strong></span> <span class='ocrx_word' id='word_1_293' title='bbox 998 4313 1173 4378; x_wconf 83' lang='lat' dir='ltr'><strong>litteralem</strong></span> <span class='ocrx_word' id='word_1_294' title='bbox 1196 4331 1250 4378; x_wconf 87' lang='lat' dir='ltr'><strong>ne·</strong></span> 
     </span>
     <span class='ocr_line' id='line_1_37' title="bbox 149 4408 1248 4495; baseline 0.005 -26"><span class='ocrx_word' id='word_1_295' title='bbox 149 4408 237 4487; x_wconf 63' lang='lat' dir='ltr'><strong>sterit</strong></span> <span class='ocrx_word' id='word_1_296' title='bbox 249 4414 404 4478; x_wconf 79' lang='lat' dir='ltr'><strong>sensumi&#39;</strong></span> <span class='ocrx_word' id='word_1_297' title='bbox 423 4431 530 4494; x_wconf 87' lang='lat' dir='ltr'><strong>eoque</strong></span> <span class='ocrx_word' id='word_1_298' title='bbox 543 4415 656 4495; x_wconf 73' lang='lat' dir='ltr'><strong>magis,</strong></span> <span class='ocrx_word' id='word_1_299' title='bbox 678 4415 766 4495; x_wconf 84' lang='lat' dir='ltr'><strong>quod</strong></span> <span class='ocrx_word' id='word_1_300' title='bbox 783 4414 882 4495; x_wconf 80' lang='lat' dir='ltr'><strong>poulo</strong></span> <span class='ocrx_word' id='word_1_301' title='bbox 904 4422 976 4492; x_wconf 89' lang='lat' dir='ltr'><strong>post</strong></span> <span class='ocrx_word' id='word_1_302' title='bbox 991 4413 1138 4493; x_wconf 75' lang='lat' dir='ltr'><strong>Apellem</strong></span> <span class='ocrx_word' id='word_1_303' title='bbox 1162 4411 1248 4476; x_wconf 84' lang='lat' dir='ltr'><strong>Mur·</strong></span> 
     </span>
     <span class='ocr_line' id='line_1_38' title="bbox 151 4514 1249 4597; baseline 0 -25"><span class='ocrx_word' id='word_1_304' title='bbox 151 4514 236 4576; x_wconf 83' lang='lat' dir='ltr'><strong>tionis</strong></span> <span class='ocrx_word' id='word_1_305' title='bbox 250 4515 445 4597; x_wconf 88' lang='lat' dir='ltr'><strong>discipulum</strong></span> <span class='ocrx_word' id='word_1_306' title='bbox 460 4515 619 4593; x_wconf 90' lang='lat' dir='ltr'><strong>conlutct,</strong></span> <span class='ocrx_word' id='word_1_307' title='bbox 635 4524 842 4592; x_wconf 79' lang='lat' dir='ltr'><strong>asserentum,</strong></span> <span class='ocrx_word' id='word_1_308' title='bbox 859 4533 918 4580; x_wconf 88' lang='lat' dir='ltr'><strong>uec</strong></span> <span class='ocrx_word' id='word_1_309' title='bbox 931 4517 1092 4578; x_wconf 80' lang='lat' dir='ltr'><strong>inioimsm</strong></span> <span class='ocrx_word' id='word_1_310' title='bbox 1105 4515 1249 4578; x_wconf 88' lang='lat' dir='ltr'><strong>omnium</strong></span> 
     </span>
    </p>
   </div>
   <div class='ocr_carea' id='block_1_2' title="bbox 0 0 1698 5567">
    <p class='ocr_par' dir='ltr' id='par_1_4' title="bbox 0 0 1698 5567">
     <span class='ocr_line' id='line_1_39' title="bbox 0 0 1698 5567; baseline 0 0"><span class='ocrx_word' id='word_1_311' title='bbox 0 0 1698 5567; x_wconf 95' lang='lat' dir='ltr'><strong> </strong></span> 
     </span>
    </p>
   </div>
  </div>
 </body>
</html>
