3375 5567
423 680 465 752 tt

428 788 514 843 trum
537 780 704 845 doetrinae
723 798 758 843 se
778 798 813 844 aa
828 736 1064 845 aoeommodat.
1081 780 1119 845 iu
1139 778 1240 845 Libro
1253 782 1340 847 enlm
1359 778 1402 846 il.
1426 798 1455 845 e
1467 777 1534 843 iil.

425 880 470 943 De
486 892 688 962 peecatorum
708 880 829 945 meritis
850 892 880 945 et
898 880 1082 945 remissione
1108 883 1241 948 scribit:
1265 881 1377 949 «Nou
1396 883 1478 947 enim
1495 900 1536 945 ex

422 998 487 1060 qua
510 984 589 1047 hora
604 984 743 1064 quisque
758 983 954 1063 baptizatur,
974 986 1078 1047 omnis
1100 991 1195 1048 retus
1209 971 1377 1049 infirmitas
1396 982 1467 1064 ejus
1485 981 1536 1044 ab·

422 1086 566 1147 sumitur
576 1105 587 1164 3
610 1086 665 1147 sed
694 1086 865 1148 renovatio
884 1085 996 1165 incipit
1015 1100 1034 1147 a
1056 1085 1245 1149 remissione
1264 1088 1410 1150 omnium
1429 1102 1534 1165 perea-

425 1192 559 1263 torum3
582 1194 615 1247 et
634 1186 666 1247 in
687 1194 848 1265 quantum
868 1185 1007 1265 quisque
1030 1185 1190 1264 spiritalia
1211 1187 1308 1267 sapit,
1330 1186 1387 1266 qni
1405 1184 1472 1267 jam
1489 1202 1536 1247 sa·

424 1284 481 1361 pit.
505 1284 620 1349 Cetera
643 1304 722 1349 vero
744 1288 776 1349 in
798 1304 855 1367 spe
879 1286 966 1351 taeta
987 1293 1085 1363 sunt,
1112 1286 1216 1350 donee
1235 1288 1335 1351 etiam
1355 1289 1388 1350 in
1407 1304 1445 1349 re
1464 1284 1537 1349 dant

422 1403 528 1463 usqne
552 1386 592 1448 ad
615 1388 715 1465 ipsius
736 1388 885 1467 eorporis
914 1388 1160 1452 renovationem
1179 1390 1212 1451 in
1233 1387 1404 1452 meliorem
1424 1393 1538 1451 statum

423 1486 676 1548 immortalitatis
688 1494 720 1549 et
736 1487 1002 1567 incorruptionis,
1018 1505 1083 1568 qua
1099 1487 1274 1550 induemur
1284 1487 1317 1549 in
1329 1486 1536 1551 resurreetio·

423 1601 463 1645 no
479 1594 696 1649 mortuorum.
713 1584 796 1650 Nam
809 1594 842 1649 ot
857 1587 958 1667 ipsum
969 1584 1126 1650 Dominus
1136 1585 1402 1664 repensationem
1416 1588 1537 1666 (praeeo

422 1681 682 1775 παλιγγενεσίαν)
706 1694 813 1759 vocat,
827 1705 893 1749 nou
908 1690 1024 1769 utique
1039 1688 1151 1764 talem,
1172 1688 1279 1768 quatis
1293 1687 1330 1752 tit
1349 1705 1410 1767 per
1426 1687 1537 1767 baptis·

424 1803 533 1866 mnm3
555 1788 609 1849 aed
636 1790 667 1850 in
692 1806 757 1867 qua
772 1789 870 1850 etium
896 1788 928 1850 in
954 1806 1093 1868 corpore
1117 1787 1326 1867 perficietur,
1347 1787 1434 1867 quod
1456 1803 1538 1850 nuno

422 1888 537 1965 spiritu
560 1889 741 1951 inchoatur.
765 1887 800 1950 io
819 1887 1066 1967 repenerutionn
1084 1890 1200 1967 inquit,
1218 1906 1290 1951 eum
1309 1886 1424 1951 sedem
1436 1884 1538 1949 Fs'iitts

423 1985 557 2049 donninis
577 1985 702 2049 insede
722 1986 899 2069 majestatis
927 2006 1023 2065 enos,
1053 1985 1196 2050 sedebitis
1214 1997 1244 2050 et
1263 2005 1318 2050 sos
1343 2006 1439 2067 snper
1460 1987 1539 2049 sedet

423 2086 583 2157 duodecim
594 2086 777 2169 judicantes
790 2088 952 2151 duodecim
961 2088 1063 2153 tridua
1083 2087 1293 2153 taruennam
1311 2090 1343 2152 in
1362 2089 1536 2169 baptismo,

423 2189 572 2267 quamvis
590 2197 655 2252 tota
670 2197 703 2252 et
718 2190 811 2268 plena
829 2190 885 2253 dut
901 2192 1046 2254 remissio
1061 2199 1284 2270 peecatorum,
1307 2192 1454 2255 tamensi
1468 2206 1538 2254 eoo·

425 2290 514 2351 tinuo
538 2297 604 2352 tota
622 2297 654 2353 et
669 2290 762 2369 plena
778 2292 877 2354 etiam
895 2292 1033 2354 hominis
1055 2291 1086 2352 in
1100 2300 1266 2354 aeternam
1282 2291 1459 2354 novitate·
1473 2308 1538 2357 mu·

425 2393 503 2454 tatio
526 2390 631 2467 tieret,
656 2408 719 2453 non
740 2391 813 2455 dieo
835 2400 868 2455 et
888 2395 921 2457 in
942 2410 1092 2473 corpore,
1115 2394 1204 2473 qnod
1225 2397 1316 2457 eerte
1336 2392 1537 2455 manifestum

423 2496 483 2566 est,
506 2492 614 2556 adhue
627 2500 660 2555 et
681 2493 713 2555 in
728 2500 871 2557 vaterem
893 2495 1136 2574 corruptionem
1153 2502 1255 2573 atque
1274 2496 1462 2557 inmortuus
1479 2499 1540 2554 teu·

423 2591 514 2667 dere,
537 2592 568 2654 in
590 2590 652 2655 due
674 2599 784 2672 postea
807 2593 1051 2670 renovandum,
1074 2593 1207 2683 qnpudo
1230 2611 1308 2657 vero
1329 2600 1396 2656 totu
1418 2592 1538 2656 novitas

423 2692 506 2769 erit3
529 2689 583 2753 sed
605 2701 744 2771 excepto
765 2708 918 2771 corpore,
938 2694 965 2757 si
987 2694 1018 2754 in
1039 2694 1110 2774 ipso
1130 2694 1263 2769 animo,
1295 2693 1352 2773 qni
1373 2702 1424 2757 eat
1443 2691 1537 2755 homo

423 2791 572 2867 interior,
589 2791 731 2872 perfecta
752 2793 879 2856 novitas
893 2793 985 2857 tieret
999 2795 1031 2857 in
1053 2794 1226 2874 baptismo,
1241 2812 1305 2857 non
1317 2794 1442 2858 dieeret
1454 2796 1537 2872 Apo·

340 2928 345 2937 ·
422 2891 548 2953 stolus:
573 2888 615 2954 Bt
633 2889 663 2954 si
683 2892 772 2954 domo
791 2891 929 2955 euterius·
951 2902 1057 2957 noster
1075 2891 1292 2973 corrumpitur
1302 2911 1314 2971 3
1333 2894 1388 2955 sed
1407 2889 1537 2957 interior

422 3002 595 3055 renovatur
614 2993 651 3056 ds
671 2991 720 3055 die
739 2990 775 3055 in
797 2992 879 3056 diem
897 3003 953 3057 ete.
971 2993 1015 3058 Et
1029 2996 1073 3057 ita
1089 2975 1313 3079 flypponensis
1333 2991 1524 3077 Episcopus.

503 3090 545 3154 Et
560 3093 643 3155 haue
653 3094 799 3157 eamdem
813 3093 1064 3167 distinctionem,
1078 3095 1174 3157 aienti
1186 3090 1387 3168 Methodius,
1403 3089 1538 3155 Proetus

423 3202 456 3256 et
476 3191 688 3272 Epiphanius,
708 3194 823 3257 statuit
847 3191 1024 3277 Nyssennn
1042 3203 1080 3258 et
1095 3193 1285 3274 praesertim
1300 3194 1333 3255 iu
1353 3210 1384 3256 o.
1406 3186 1536 3255 XXXV.

424 3292 586 3357 Orationis
612 3294 840 3375 Coteeietieoe3
862 3295 934 3368 uni,
953 3312 1039 3375 quae
1058 3298 1187 3376 saepius
1208 3294 1248 3358 de
1269 3302 1407 3357 naturae
1428 3296 1539 3357 huma·

422 3412 482 3459 naa
503 3398 746 3473 instauratione,
768 3414 826 3460 son
850 3397 1131 3477 regenerationes
1153 3393 1223 3459 lieo
1244 3396 1276 3458 in
1298 3394 1538 3459 resurreetione

423 3506 456 3559 at
476 3508 550 3562 antu
567 3498 725 3578 judicium
743 3499 953 3561 novissimum
975 3496 1183 3577 perficienda,
1198 3496 1364 3575 exposuit,
1381 3497 1484 3573 magis
1502 3508 1539 3555 te

423 3600 523 3677 magis
543 3599 772 3678 explanantur.
808 3597 855 3661 De
887 3600 1044 3677 baptismo
1076 3613 1215 3677 namque
1243 3598 1377 3660 loeutus
1401 3595 1536 3659 scribite

426 3718 443 3756 n
466 3695 593 3761 Dictum
609 3707 655 3763 est
671 3702 768 3763 etiam
786 3700 850 3761 tale
872 3700 949 3778 quid
965 3700 1062 3774 iniis,
1084 3717 1170 3778 qnae
1186 3703 1445 3777 praecesserunt,
1461 3713 1539 3773 qno

422 3800 506 3859 niam
524 3798 619 3880 juxta
642 3800 781 3861 divinam
804 3799 1085 3879 dispensationem,
1110 3797 1234 3875 dieique
1256 3797 1459 3875 providentia
1482 3796 1537 3857 im·

424 3910 550 3981 portata
573 3908 620 3964 est
642 3902 954 3964 huma'naenuturae
976 3919 1075 3976 mors,
1091 3908 1128 3963 ut
1150 3897 1269 3962 etnuxs
1290 3898 1424 3962 educito
1448 3898 1539 3959 titio·

422 4003 517 4066 sitote
537 4004 567 4064 in
588 4006 790 4083 separatione
804 4004 951 4081 corporis
971 4011 1003 4065 et
1024 4006 1162 4077 animae,
1186 4020 1302 4065 rursns
1318 4020 1376 4081 per
1391 4016 1538 4063 resurre-

424 4103 561 4165 ctionem
582 4120 691 4177 sanus,
715 4104 900 4184 impatibilis
920 4112 953 4166 et
974 4102 1099 4181 integer
1119 4110 1152 4164 et
1172 4101 1214 4163 ait
1236 4103 1324 4165 omni
1346 4102 1416 4163 vitii
1437 4099 1537 4163 immi·

425 4205 536 4266 atione
551 4204 674 4266 alienus
689 4206 787 4266 homo
803 4205 1051 4267 reformaretur.
1068 4200 1300 4265 Verumtamen
1311 4202 1343 4263 in
1355 4201 1470 4263 salutis
1485 4218 1537 4260 uo·

423 4312 510 4367 strae
534 4304 677 4368 duetore
698 4305 929 4384 perfectionem
951 4304 1090 4367 obtinuit
1105 4321 1165 4382 per
1185 4310 1323 4365 mortem
1345 4298 1537 4382 dispensatio

421 4404 516 4485 juxta
538 4408 706 4486 proprium
726 4425 860 4486 scopum
881 4405 1029 4468 absolute
1051 4404 1193 4485 impieta.
1212 4402 1276 4467 Per
1296 4411 1433 4467 mortem
1454 4400 1537 4462 euim

423 4504 565 4585 sejuncta
580 4515 666 4583 sunt,
682 4526 766 4589 qnae
781 4518 873 4573 eraut
888 4509 990 4586 noita3
1005 4524 1044 4571 ao
1057 4505 1165 4569 denno
1181 4513 1349 4585 compacta
1363 4512 1439 4567 suot
1452 4517 1536 4581 quae
