3375 5567
483 734 696 816 prehendere,
718 736 773 801 ills
796 747 1037 817 praetexentes,
1060 757 1146 820 quse
1169 742 1195 808 is
1215 737 1359 804 scribitis
1375 731 1497 798 sinsin

484 839 560 902 tooii
576 855 605 899 n.
619 837 669 904 22.
691 839 852 919 iuquiens,
867 841 909 904 ob
926 849 1095 921 paccatum
1112 841 1283 906 daemones
1296 842 1381 920 lapsu
1397 835 1499 899 scotist

481 938 650 1017 sapientie,
666 938 697 1000 in
713 948 798 1003 terra
816 941 993 1018 volutatos,
1017 941 1151 1022 gentiles
1168 943 1341 1022 decepisse
1353 936 1503 1002 etcidsduis

480 1038 656 1106 invidentes
684 1048 717 1105 et
736 1050 850 1109 contra
878 1043 1126 1120 secernentes,
1151 1061 1190 1106 oe
1216 1063 1255 1106 eo
1280 1060 1332 1106 nos
1352 1037 1505 1104 secudans.

482 1140 567 1204 unde
581 1142 629 1206 illi
651 1142 833 1223 tapsisant.
857 1144 1065 1222 Quae'verba
1087 1164 1162 1209 cum
1185 1146 1227 1206 ab
1240 1142 1370 1223 Origene
1385 1140 1509 1202 citatisccs

482 1241 628 1318 sordent
651 1242 726 1306 item
741 1244 773 1309 in
792 1263 890 1313 sensu
905 1247 1114 1322 conveniunt,
1137 1246 1215 1327 quin
1231 1249 1263 1310 in
1284 1256 1405 1322 utroque
1418 1243 1512 1318 apparet

482 1342 654 1408 mendums
684 1343 784 1410 iunio
804 1346 890 1414 aiter
919 1348 960 1410 sb
988 1348 1095 1414 altero
1125 1349 1164 1410 de
1192 1349 1240 1413 rei
1269 1349 1392 1410 caritate
1413 1341 1514 1402 imstn.

484 1440 615 1518 Quanto
643 1455 754 1511 nutem
783 1448 860 1530 jure
882 1445 1050 1517 Athanasii
1082 1467 1195 1520 sensus
1217 1450 1260 1514 ita
1292 1443 1518 1512 sustendandae

480 1547 688 1624 sequentibus
709 1550 906 1630 intelligitur
924 1569 955 1618 n.
978 1548 1027 1620 ll.
1051 1551 1106 1615 nbi
1125 1551 1295 1631 gentilium
1316 1541 1521 1629 pnitosoptint-

481 1645 577 1722 ludit,
600 1651 810 1714 asserentium
832 1669 851 1716 e
871 1652 1041 1720 coelorum
1065 1651 1187 1719 lornice
1210 1652 1316 1731 lapsas
1335 1666 1396 1712 esse
1413 1640 1525 1708 aninult

481 1765 632 1828 militiis
655 1769 718 1820 uoti
737 1753 844 1822 sotum
861 1754 1028 1822 hominnm
1050 1771 1166 1820 serum
1189 1754 1218 1814 in
1234 1748 1454 1833 quadrupede.
1470 1747 1527 1806 iiii

482 1851 576 1929 ptiles
597 1860 660 1916 etcc
684 1873 701 1912 c
722 1852 896 1930 Quomodo
917 1857 1018 1934 igitur
1039 1855 1166 1924 audetis
1181 1874 1238 1918 nos
1260 1854 1405 1926 irridere,
1423 1843 1531 1928 qutun

480 1959 566 2016 stum
587 1952 723 2020 dicimus
746 1955 907 2020 hominem
931 1955 1052 2022 lactum
1074 1958 1275 2037 apparuisse:
1300 1973 1373 2020 cnm
1390 1970 1436 2016 cos
1453 1959 1533 2010 ettae

481 2052 590 2118 lorum
612 2056 735 2120 fornice
756 2057 861 2124 dicitis
881 2060 1019 2122 enimam
1043 2058 1207 2137 delapsam
1229 2077 1300 2120 esse
1322 2059 1353 2120 in
1373 2047 1490 2132 corpus?
1504 2045 1536 2106 lt·

481 2171 546 2235 que
567 2159 690 2222 utinsm
710 2159 742 2222 iu
764 2160 942 2226 humanum
963 2160 1152 2232 dumtaxat.
1176 2166 1210 2224 et
1230 2176 1294 2224 non
1316 2159 1349 2220 in
1369 2147 1537 2236 quadrupede

482 2274 626 2337 quoque,
649 2268 681 2323 et
702 2260 734 2326 io
753 2270 918 2341 serpentes
940 2263 1105 2340 transiret,
1128 2260 1370 2338 decideretque.
1392 2277 1407 2316 a

562 2358 667 2426 Porro
688 2361 727 2424 de
742 2361 929 2442 hujusmodi
950 2361 1105 2444 loquendi
1122 2362 1271 2429 termulis
1294 2359 1401 2440 quoad
1416 2357 1544 2420 aninum
1563 2363 1565 2432 t

483 2458 723 2542 descensum-et
737 2481 905 2528 ascensum
928 2465 959 2526 in
974 2465 1208 2542 significatione
1229 2465 1360 2542 penitus
1376 2460 1461 2523 variis
1477 2454 1545 2519 alto

482 2561 571 2639 cuod
591 2565 764 2627 commenti
784 2573 861 2630 sunt
883 2565 1020 2644 praeisti
1037 2565 1213 2642 scriptores
1234 2570 1351 2626 eontra
1371 2555 1570 2638 Origenissant

481 2676 568 2733 sum,
589 2661 680 2727 nobis
701 2662 841 2728 ollertur
864 2667 1073 2748 perspicuum
1097 2663 1320 2729 testimoninm
1341 2679 1384 2724 ex
1407 2655 1493 2720 Tunc
1509 2647 1550 2714 ii.
1570 2654 1573 2744 ’ἵ

483 2778 514 2822 n.
528 2754 559 2826 d.
581 2761 617 2826 in
629 2760 795 2839 loannem,
818 2767 873 2829 nbi
891 2768 1075 2846 promiscue
1098 2766 1207 2829 verbis
1220 2765 1390 2826 demensus
1411 2769 1438 2824 et
1452 2769 1553 2822 mauu

393 2947 399 2954 ο
442 2877 446 2884 ·
483 2863 579 2931 modo
600 2864 640 2928 de
660 2867 852 2943 animabus,
878 2867 974 2935 cnudo
995 2867 1036 2932 de
1058 2867 1243 2934 hominibus
1272 2865 1393 2928 utitur.
1415 2861 1459 2925 ile
1475 2857 1555 2922 senius

481 2980 623 3044 nemque
644 2966 796 3030 Abrahae
815 2969 990 3049 anagogice
1011 2969 1191 3034 disserens:
1216 2989 1232 3030 c
1250 2969 1508 3051 interpretemur.
1523 2959 1557 3026 sit,

482 3071 590 3134 nutem
614 3067 694 3132 haec
714 3071 833 3145 omnin,
851 3070 1035 3136 relerentes
1057 3091 1142 3151 quae
1163 3071 1333 3148 dicuntur,
1350 3091 1414 3136 nen
1429 3069 1466 3133 ad
1481 3075 1560 3136 coiit

483 3181 532 3240 ra,
555 3183 613 3228 nec
633 3167 672 3232 ad
696 3170 852 3245 homines,
875 3172 930 3233 sed
952 3171 992 3234 sd
1015 3171 1176 3251 quaedam
1199 3171 1417 3252 intelligibilia
1438 3179 1468 3234 et
1485 3163 1516 3228 ad
1532 3175 1562 3222 rt·

485 3267 585 3332 tiones
613 3270 749 3350 plnres,
771 3273 823 3338 rel
849 3275 1039 3353 panciores,
1062 3292 1144 3353 quas
1171 3273 1368 3354 participant
1390 3261 1564 3336 dicersinelc

483 3369 723 3447 descendentes,
738 3374 790 3438 sel
805 3377 967 3440 venientes
988 3376 1020 3437 in
1041 3384 1165 3455 ortum;
1185 3384 1218 3438 et
1234 3373 1373 3440 fortasse
1394 3373 1567 3454 quodannis

485 3474 528 3538 do
547 3477 643 3540 etiam
664 3477 881 3543 ascendentes.
907 3476 1058 3557 inspicies
1083 3478 1181 3540 etism
1203 3495 1281 3542 num
1304 3475 1345 3538 sd
1369 3477 1444 3540 tntis
1466 3471 1569 3536 septu,

484 3586 583 3658 atque
604 3580 701 3642 etiam
722 3577 761 3640 sd
777 3579 897 3642 semina
919 3596 1048 3654 eorum,
1065 3580 1121 3658 qui
1143 3579 1174 3642 in
1189 3577 1310 3657 seipsos
1332 3595 1371 3642 es
1389 3571 1570 3654 accipiebant·

485 3699 570 3761 quse
589 3699 648 3746 sus
671 3681 931 3755 nominabuntur,
954 3681 1037 3744 illud
1061 3680 1178 3742 reterri
1200 3680 1317 3759 possit:
1338 3687 1450 3742 motas
1471 3673 1573 3736 ilcattt

482 3784 594 3864 lislam
615 3781 769 3845 mittentes
782 3783 904 3847 semina
924 3802 994 3847 aaa.
1011 3781 1201 3848 Consideret
1216 3781 1301 3844 enim
1316 3781 1374 3858 qni
1393 3784 1504 3860 potest,
1518 3785 1573 3850 qut·

487 3885 638 3950 rumdam
659 3886 842 3948 animarum
857 3885 932 3961 iter,
956 3885 1153 3948 venientium
1171 3885 1202 3946 in
1223 3890 1334 3946 ortum
1360 3898 1438 3946 cum
1458 3877 1539 3946 dcto,
1556 3875 1573 3930 tt

482 3989 603 4054 semine
625 3989 799 4052 terentium
814 4005 873 4050 sen
896 3987 1041 4067 plurium
1054 3986 1235 4067 justorum,
1259 3984 1311 4046 aei
1326 3982 1529 4060 pauciorum,
1547 3977 1573 4030 ³¹*

480 4109 546 4174 que
561 4090 758 4172 injustorum
772 4088 931 4153 similiter.
944 4105 960 4144 n
973 4087 1054 4152 Gom
1070 4105 1148 4166 ergo
1166 4087 1208 4152 ibi
1222 4085 1426 4148 accendentes
1439 4089 1467 4144 ct
1482 4079 1571 4142 mecca

480 4193 583 4255 dentes
604 4197 769 4271 nuncupet
791 4198 861 4252 tum
883 4189 1027 4254 homiues
1050 4196 1119 4251 tum
1135 4188 1270 4262 animas,
1293 4183 1476 4248 necessario
1490 4175 1572 4242 exclu

343 4331 347 4336 -
482 4294 573 4358 ditur
593 4293 667 4357 hinc
686 4307 784 4356 error
803 4291 843 4354 de
864 4291 1046 4355 animarum
1068 4308 1086 4352 c
1107 4290 1201 4354 coelo
1221 4289 1331 4369 lapsu,
1350 4297 1528 4362 earumque
1547 4292 1573 4335 re

484 4397 566 4461 ditn.
590 4391 695 4460 Aliter
715 4393 887 4458 dicendum
911 4393 996 4456 leret
1010 4409 1071 4457 non
1094 4393 1201 4456 solum
1216 4391 1351 4465 animes,
1372 4385 1429 4450 sed
1452 4393 1483 4446 et
1502 4375 1573 4442 noni

487 4515 542 4562 nes
563 4515 638 4562 cum
660 4513 800 4577 corpore
820 4495 931 4571 simui,
954 4493 1025 4574 ejus
1046 4493 1261 4558 descensionis
1282 4498 1315 4555 et
1335 4483 1525 4554 ascensionis
1544 4491 1573 4540 ca
