3375 5567
174 854 289 901 meurs
306 834 445 911 insedit,
479 834 576 901 aienti
595 844 629 899 et
657 834 775 901 esteris
794 834 1087 917 disquisitionibus,
1124 851 1205 918 quas
1226 836 1267 902 de

174 940 266 1002 cadem
286 956 323 1001 re
342 940 374 1003 in
392 951 470 1001 snos
483 937 585 1001 libros
597 938 727 1018 saepius
747 937 886 1001 contulit
899 936 1067 1018 Origenes,
1083 936 1264 1003 nniiormis.

235 1038 462 1105 Verumtamen
486 1040 647 1121 qusedsu
670 1048 800 1104 manent
820 1040 1029 1121 expendenda
1049 1040 1088 1104 de
1109 1038 1218 1117 modo,
1233 1048 1267 1105 et

169 1143 285 1219 ordine,
306 1160 374 1223 quo
396 1140 657 1205 nonnosum
693 1142 864 1205 edormvtr
886 1142 1149 1222 trsnsIstionent3
1178 1142 1265 1207 eires

168 1262 261 1325 qoem,
282 1244 342 1306 etsi
362 1250 456 1306 autes
477 1242 573 1325 piure
602 1244 687 1307 dicta
708 1244 784 1318 sint,
806 1243 869 1307 aiis
892 1244 1027 1324 iusuper
1047 1242 1187 1306 notanda
1212 1258 1267 1308 sn·

167 1354 295 1425 pennus,
317 1354 356 1409 nt
376 1346 476 1425 nspis
495 1352 529 1408 et
561 1345 701 1426 amplius
723 1345 878 1408 versionis
904 1346 1070 1424 integritas
1098 1343 1265 1425 dignosce·

167 1456 230 1525 ωτι
250 1445 406 1526 quodque
425 1446 562 1527 ipsemet
580 1446 613 1508 io
635 1443 777 1527 Proioqo
797 1445 983 1527 spopondit,
1003 1448 1128 1509 sincere
1142 1445 1265 1528 ubique

166 1548 356 1627 praestitisse.
386 1543 458 1609 flos
478 1553 589 1611 sutem
621 1562 740 1610 eruere
760 1546 861 1621 iicet,
883 1546 1002 1609 coliata
1026 1552 1135 1610 vetere
1166 1546 1266 1630 hujus

165 1650 294 1712 versione
308 1648 409 1713 latins
425 1666 501 1711 cum
515 1647 655 1711 aditione
675 1648 795 1711 codicis
809 1650 917 1728 pressi
941 1650 1115 1730 hocusque
1128 1648 1264 1727 servati,

164 1751 301 1813 etaltera
326 1766 425 1826 nors,
445 1765 545 1831 quum
558 1750 631 1813 inde
652 1749 772 1815 dedere
788 1750 1012 1815 translatores.
1036 1750 1151 1828 Quivis
1166 1752 1264 1828 enim,

163 1853 306 1917 mediente
328 1861 422 1917 tertn
442 1850 605 1931 originali,
621 1852 686 1916 truc
707 1852 788 1916 iiiuc
802 1854 918 1916 eonius
939 1854 1151 1930 converterit,
1167 1852 1265 1921 modo

162 1955 312 2035 astiqm
340 1955 438 2018 modo
459 1962 623 2017 veovntem
650 1956 787 2019 intuitos
806 1954 1126 2036 interpretationem,
1155 1954 1263 2018 statim

161 2056 274 2135 quidem
288 2058 324 2119 iu
340 2073 437 2121 sensu
458 2057 631 2119 convenire
645 2065 820 2137 utramque
833 2057 1026 2137 comperiet,
1042 2074 1100 2119 neo
1116 2054 1171 2119 noi
1191 2073 1265 2119 onn-

162 2159 245 2222 tvrire
262 2158 453 2223 recondam.
475 2156 518 2221 Et
537 2159 563 2221 si
578 2158 760 2240 quidquam
782 2160 1017 2241 discrepantiae
1031 2156 1266 2222 animadverte·

161 2276 190 2321 re
208 2260 371 2335 mineris,
392 2276 464 2323 eam
492 2258 652 2341 percipies
674 2260 897 2323 tantummodo
919 2260 951 2322 in
972 2260 1123 2341 ampliori
1150 2258 1265 2323 verbo·

161 2361 413 2425 muistinornm
427 2360 512 2423 insu
533 2367 632 2442 atque
646 2369 778 2437 ornatu,
800 2378 887 2444 quae
901 2378 1037 2442 graecus
1059 2366 1167 2425 textus
1189 2378 1264 2424 con·

160 2462 213 2524 tiso
229 2462 447 2542 expresserit3
462 2462 671 2544 quandoque,
685 2464 772 2536 idco,
786 2472 825 2528 nt
838 2466 907 2545 ipae
927 2463 1092 2529 confessus
1113 2470 1161 2526 est
1182 2452 1264 2526 iton

160 2560 229 2625 inus
240 2564 272 2626 io
283 2563 442 2643 Proiopo,
457 2565 680 2645 paraphrasim
694 2564 861 2647 adjiciens,
873 2573 912 2628 nt
925 2582 1010 2645 qnae
1024 2564 1163 2628 obscura
1178 2564 1264 2628 vide·

159 2674 269 2740 rentur,
292 2665 497 2745 potedemot.
519 2663 555 2728 id
577 2684 678 2746 porro
698 2668 877 2748 uuicuique
898 2672 1028 2747 precato
1048 2666 1163 2730 adstat.

227 2766 298 2832 linc
319 2775 433 2831 sotem
455 2786 506 2829 me
526 2768 567 2831 sd
590 2770 652 2831 troc
666 2769 872 2831 tractsnism
894 2776 926 2831 et
940 2768 983 2831 eir
1004 2768 1262 2833 lectorisocnios
1364 2796 1370 2813 ·

158 2872 361 2952 objiciendum
383 2870 533 2952 impulit,
555 2880 594 2935 nt
615 2868 733 2933 aanor
754 2885 817 2933 non
833 2871 948 2934 'scium
970 2872 1001 2933 in
1022 2872 1079 2945 iis,
1103 2883 1188 2952 quse
1208 2888 1263 2935 sn·

158 2982 274 3050 pessum
294 2990 417 3053 procer
446 2972 678 3052 msnusrrtpts,
701 2972 757 3035 ubi
778 2975 938 3051 penninos
970 2971 1111 3035 traditor
1131 2972 1172 3033 dit
1192 2967 1263 3052 ipso

156 3092 264 3149 omns,
288 3092 408 3137 vernn
428 3081 461 3135 st
482 3074 514 3135 in
535 3074 670 3154 reliquis
687 3072 730 3135 ns
752 3070 932 3153 Principiis
946 3073 1049 3148 iiitria,
1072 3073 1126 3136 ubi
1140 3072 1262 3136 deside·

158 3183 237 3240 rstnr
256 3185 371 3240 untur
390 3175 570 3255 ovtqimtts,
595 3176 826 3256 interpretandi
847 3176 1007 3257 probetur
1026 3174 1097 3255 ep'ns
1117 3173 1260 3237 studium

156 3284 182 3335 ct
192 3276 265 3339 ddes
281 3277 388 3339 vcinti
404 3277 437 3337 in
451 3278 581 3350 ceteris,
594 3292 737 3356 qnorum
752 3276 861 3337 adhuc
875 3283 982 3338 manet
1006 3274 1193 3355 graecanica
1215 3274 1259 3337 le·

158 3378 220 3441 ctio.
237 3378 286 3443 de
299 3380 376 3440 idco
399 3378 594 3456 etamplius
616 3374 828 3440 invalesceret
849 3378 971 3457 opinio,
985 3375 1104 3441 liuffini
1127 3376 1262 3439 transla-

158 3479 265 3541 tionem
287 3478 467 3543 universim
483 3478 627 3558 (praeter
647 3478 815 3552 oounuiir,
833 3492 919 3556 quse
938 3477 978 3540 de
993 3474 1149 3541 Trinitste
1171 3484 1260 3541 nota·

101 3665 102 3668 Ἴ
158 3579 204 3652 rit,
224 3582 432 3660 mutsvitqne
449 3587 601 3659 tanquam
616 3580 675 3643 siiri
692 3578 831 3642 obscura
849 3576 933 3658 viss)
948 3586 1073 3641 textum
1088 3579 1180 3657 sequi
1197 3581 1261 3643 ori·

101 3713 102 3754 ι
156 3682 291 3757 piuaiem:
305 3691 340 3745 et
357 3684 404 3746 nti
419 3685 494 3756 ista,
514 3682 559 3745 sic
573 3692 605 3746 et
622 3682 749 3762 reliqna
767 3680 808 3743 ab
819 3682 961 3763 Origene
975 3681 1107 3760 scripte,
1120 3689 1151 3743 et
1167 3698 1259 3760 prse-

101 3815 102 3856 ,
155 3783 252 3843 sertim
265 3784 303 3845 de
323 3781 549 3858 variantibus,
573 3783 641 3846 niis
663 3785 730 3847 sine
747 3767 903 3845 varietati
918 3791 950 3847 et
969 3782 1191 3846 emendatione
1211 3782 1259 3844 ln·

101 3893 102 3902 ¹
157 3882 208 3945 tine
228 3885 354 3948 dedisse
377 3883 555 3947 Rudinum.

223 3984 421 4063 Praeterea,
444 3986 532 4067 quod
557 3988 764 4051 venementer
784 3988 996 4069 quaerimus,
1025 3986 1124 4051 inisse
1144 4003 1258 4065 nempe

156 4087 377 4168 interpolatum
398 4108 457 4152 ssu
479 4098 673 4170 corruptum
695 4098 821 4154 textum
843 4104 1010 4169 graecum,
1030 4108 1096 4169 qno
1111 4106 1172 4169 pro
1187 4106 1258 4150 rer·

101 4177 102 4192 ,
157 4190 230 4251 sione
244 4208 325 4253 usus
346 4198 396 4252 est
411 4188 641 4276 Hieronymus,
654 4200 687 4255 ci
701 4193 798 4255 iatum
820 4210 890 4255 csse
904 4208 1001 4271 quem
1021 4188 1207 4269 Pamphilus
1225 4198 1258 4251 et

157 4286 269 4353 ductor
286 4290 522 4356 Procdestiaoti
540 4296 705 4369 citaruni,
723 4293 800 4374 jure
820 4292 995 4376 conjicitur
1009 4308 1071 4354 non
1093 4289 1200 4354 solnm
1214 4309 1255 4351 ex

158 4406 213 4467 qno
231 4394 328 4472 pinca
351 4394 506 4470 absurda,
531 4414 611 4457 rena
633 4403 820 4472 occurrent,
843 4404 875 4459 et
898 4393 1024 4475 penitus
1052 4390 1256 4471 evangelicae

159 4491 271 4557 rcritsti
285 4495 439 4575 abversa3
464 4500 689 4562 verumetiam
712 4497 799 4580 qnod
815 4497 932 4560 similis
960 4493 1170 4558 Adamantius
1198 4510 1256 4554 neo

158 4590 222 4654 aiibi
241 4595 403 4673 docuerit,
434 4616 491 4661 occ
512 4600 767 4679 excogitaverim
791 4600 971 4680 quinimmo
994 4606 1158 4676 tamquam
1181 4593 1254 4655 hae·

269 4696 334 4761 iot.
437 4698 483 4763 it.
