3375 5567
172 785 296 861 liversis,
318 785 487 868 quaejam
508 786 608 851 subiit
627 785 766 852 mundns
788 787 859 863 iste,
882 793 913 850 et
934 803 1014 867 quas
1036 786 1155 850 iterum
1177 787 1266 851 subi·

171 889 206 952 lit
222 889 250 950 in
268 885 332 950 bne
351 888 454 952 seculi
475 890 585 970 trojus.
618 887 666 954 Ac
686 889 760 952 ideo
781 888 961 968 putandum
982 896 1053 964 est,
1075 887 1263 970 origenem,

170 991 360 1070 cumplures
380 990 550 1073 ‹licatjsm
572 992 685 1066 lactes,
700 1009 849 1073 quasque
873 1000 1023 1054 venturas
1046 992 1122 1056 bnic
1143 991 1264 1056 mundo

169 1096 334 1168 rariemes,
359 1095 445 1157 ltsud
466 1096 526 1156 sibi
549 1095 634 1158 selle
655 1096 700 1157 ita
715 1093 785 1158 lieri
808 1111 867 1174 per
888 1093 987 1176 liujus
1008 1094 1118 1158 mnndi
1139 1091 1270 1159 annibi-

168 1196 312 1268 letioesrn,
334 1205 368 1258 et
387 1197 484 1259 aliem
505 1197 614 1260 tlenuo
635 1216 677 1260 ex
697 1197 800 1259 nihilo
831 1199 1050 1276 creationem
1079 1196 1167 1277 quod
1190 1213 1271 1258 nun·

168 1317 249 1377 qnam
270 1301 419 1378 putarit:
437 1299 485 1362 nti
506 1301 538 1360 in
560 1298 713 1378 praelatis
733 1299 945 1373 ostendimus,
962 1307 994 1362 et
1009 1300 1039 1360 iu
1061 1297 1270 1379 sequentibus

168 1401 292 1480 psteliet.

231 1500 369 1581 lleapse,
390 1508 561 1581 postquam
575 1500 615 1563 (le
631 1500 828 1564 mundorum
853 1500 1008 1562 varietate
1030 1499 1175 1564 diversas
1197 1518 1272 1582 pro·

167 1603 259 1681 msuit
278 1604 484 1682 quaestiones
505 1600 730 1677 Adsmsntius,
754 1609 907 1682 tanquam
918 1600 1024 1681 judex
1047 1602 1078 1664 iu
1099 1605 1184 1683 ipsas
1199 1621 1271 1683 prs-

167 1702 262 1776 litnr,
283 1710 450 1766 scrutatus
471 1702 636 1782 primum,
663 1721 739 1765 num
768 1704 903 1766 materia
934 1705 1102 1784 speciatim
1124 1707 1272 1784 corporis

166 1805 254 1866 nostri
267 1806 277 1884 l
291 1805 388 1885 cuius
408 1821 485 1882 ergo
507 1820 544 1866 ca
560 1803 658 1867 dubia
679 1805 821 1884 objecit)
836 1822 896 1884 per
917 1806 1088 1868 intervalla
1114 1809 1269 1887 temporis

164 1906 322 1983 subsistat3
345 1914 379 1966 ct
398 1922 488 1977 unm,
503 1905 598 1967 sicuti
614 1914 707 1966 autes
729 1923 828 1985 quam
850 1904 954 1978 lieret,
972 1923 1034 1968 nou
1057 1905 1131 1981 luit,
1148 1908 1189 1969 its
1212 1925 1266 1985 ps·

167 2009 238 2070 riter
257 2003 448 2069 resolvenda
461 2009 515 2079 sit,
537 2013 653 2070 utnon
672 2008 713 2070 sit
727 2005 878 2087 amplius.
901 2005 941 2068 lit
956 2007 1031 2070 binc
1051 2027 1190 2072 exorsus
1204 2019 1273 2074 stu·

165 2105 242 2171 liose
261 2106 442 2181 incumbit,
464 2107 653 2182 ostensem,
675 2107 886 2171 substantiam
908 2125 1099 2188 corpoream
1123 2127 1272 2189 perseve-

166 2225 243 2282 rtre,
264 2226 328 2270 uon
349 2216 460 2269 autem
481 2207 576 2271 sicuti
597 2209 630 2270 in
652 2209 714 2270 boe
736 2218 822 2272 statu
844 2210 1066 2290 corruptibili,
1088 2211 1144 2272 sed
1167 2213 1198 2274 in
1227 2211 1273 2274 lu·

165 2310 368 2390 corruptione
383 2318 575 2372 manentems
590 2328 711 2372 necesse
728 2320 784 2384 est,
806 2311 922 2391 iuquit,
939 2311 1140 2390 corruptibile
1152 2312 1209 2375 loc
1223 2312 1274 2376 iis-

164 2411 248 2474 issrs
261 2407 542 2489 incorruptionem.
565 2409 658 2487 Onne
672 2414 779 2474 omnia
801 2431 901 2492 suprs
915 2414 1141 2493 expendimus,
1164 2414 1218 2477 ubi
1233 2415 1274 2478 tle

165 2515 261 2577 csmts
281 2514 522 2577 resurrectione
543 2524 652 2576 aetum
673 2524 735 2591 est,
750 2514 963 2595 ejusdemque
983 2518 1089 2578 carnis
1107 2533 1275 2595 regenera-

166 2616 257 2692 tione,
279 2633 423 2697 qnscnns
444 2633 486 2679 ex
511 2617 722 2697 corruptione
743 2617 783 2678 ad
803 2617 1080 2697 incorruptionem
1107 2619 1272 2682 transibitr

165 2725 194 2780 et
211 2719 295 2782 unde
314 2720 408 2799 sequi
430 2735 559 2780 necesse
579 2724 628 2780 cst
648 2721 796 2799 corporis
817 2719 917 2798 ipsius
939 2720 1111 2798 quamdam
1137 2721 1275 2784 verieta-

167 2827 247 2882 tcmr
268 2837 354 2900 quse
376 2819 474 2900 lanius
505 2817 618 2897 cepitis
639 2818 817 2898 principale
836 2804 1005 2882 constituit
1034 2829 1275 2900 argumentum.

165 2915 241 2982 Cum
261 2921 344 2984 enim
367 2921 409 2982 ibi
432 2938 463 2981 n.
484 2914 515 2982 l.
533 2917 729 2981 mundorum
751 2919 932 2982 consideret
949 2920 1137 2982 varietatem
1157 2930 1189 2983 et
1204 2920 1275 3001 ejus

166 3019 359 3084 lillerentiac
374 3037 500 3098 causas3
523 3019 554 3080 in
577 3019 626 3081 bis
648 3022 822 3098 praecipue
837 3022 961 3082 entium
983 3020 1188 3083 rationalium
1207 3024 1276 3083 sive

167 3119 324 3186 bominum
345 3122 492 3184 diversos
506 3120 750 3199 comprehendit
769 3129 885 3195 status,
908 3139 990 3200 quos
1011 3121 1072 3184 sub
1093 3120 1205 3184 mundi
1221 3139 1276 3184 no·

166 3225 246 3285 nine
264 3223 461 3300 compellet,
483 3229 516 3284 ct
535 3220 577 3282 ob
600 3220 663 3283 boc
684 3237 831 3283 errorem
853 3221 1001 3285 confutat
1021 3221 1210 3295 nicentium,
1234 3221 1275 3284 si·

169 3323 255 3386 miles
274 3325 412 3387 mundos
434 3339 593 3402 paresque
613 3321 746 3384 evenire
767 3322 953 3400 aliquando.

243 3423 306 3488 «Sl
326 3425 423 3497 enirn,
438 3423 561 3498 scribit,
584 3422 697 3486 similis
712 3441 772 3503 per
786 3426 892 3486 omnia
909 3423 1049 3489 mundus
1064 3424 1200 3499 dicitur,
1216 3425 1279 3487 erit

167 3526 331 3589 utiterum
346 3522 461 3598 illem,
484 3523 535 3586 rel
551 3521 620 3586 uva
636 3525 747 3588 cadem
764 3525 894 3600 iaciunt,
911 3543 996 3606 quse
1013 3525 1171 3590 iecerunt:
1193 3526 1275 3589 idem

166 3627 279 3689 iterum
299 3627 363 3689 erit
382 3623 545 3688 diluvium
556 3647 568 3704 3
591 3635 690 3707 atque
711 3626 795 3690 idern
827 3623 957 3711 Moyses
978 3645 1095 3691 rursus
1117 3627 1275 3709 populum

167 3743 206 3790 ex
228 3728 374 3812 Aegypto
399 3726 539 3805 educet3
561 3725 663 3790 ludes
683 3744 816 3807 quoque
837 3728 885 3790 bis
908 3729 1013 3790 tradet
1029 3727 1201 3792 Dominum
1212 3749 1224 3808 3
1246 3739 1279 3792 et

168 3831 282 3904 omnia,
303 3847 390 3910 quae
411 3829 444 3890 io
464 3830 526 3891 lsac
558 3830 622 3890 rite
645 3835 733 3908 gesta
753 3837 847 3903 sunt,
873 3829 991 3892 iterum
1015 3829 1151 3908 perenna
1174 3829 1280 3892 ‹licen-

168 3933 231 3990 tnr.
253 3927 348 4006 Quot
370 3947 434 3992 nou
455 3937 535 4007 puto
558 3930 684 3992 ratione
704 3929 814 4008 alique
836 3947 929 4006 posse
952 3929 1087 4002 firmari,
1110 3931 1137 3992 si
1151 3929 1279 3992 arbitrii

167 4029 312 4095 libertate
331 4037 477 4112 aguntur
490 4031 628 4105 enimse,
649 4041 683 4092 et
699 4031 749 4094 sel
773 4030 939 4112 proiectus
957 4051 1046 4104 suos,
1064 4032 1115 4094 rel
1130 4033 1279 4095 decessus

168 4147 227 4211 pro
256 4133 433 4197 voluntatis
451 4149 533 4194 susc
555 4132 714 4195 sustinent
732 4139 902 4212 potestate.
918 4151 935 4190 r
951 4131 1054 4206 ldest,
1077 4151 1140 4196 non
1161 4134 1275 4196 eodem

167 4231 289 4312 iugenio
308 4240 342 4298 et
357 4232 525 4296 soluntste
545 4233 578 4294 in
589 4235 837 4313 superventuris
859 4234 985 4296 mundis
1000 4233 1068 4294 sire
1083 4233 1201 4296 seculis
1218 4232 1278 4296 dn·

167 4342 284 4398 cuntur
303 4343 440 4398 naturae
463 4335 658 4410 rationales,
677 4343 713 4397 ut
733 4335 864 4398 eaedem
886 4335 960 4408 sint,
976 4341 1009 4398 et
1030 4333 1141 4396 eadem
1164 4342 1278 4414 agent,

168 4429 248 4512 cure
269 4437 598 4518 luerunteteperunt
618 4439 650 4498 ln
670 4437 789 4501 seculis
810 4436 1099 4518 praecedentibus5
1115 4437 1169 4500 secl
1193 4436 1280 4517 ipsse

167 4554 208 4600 ex
227 4538 357 4621 proprio
377 4538 539 4620 snjnsqnc
559 4539 734 4617 arbitratu,
754 4556 882 4619 suoque
905 4546 1049 4620 tempore
1071 4545 1202 4630 agentes
1225 4555 1280 4602 rs·
