3375 5567
1186 706 1246 778 llll

155 825 202 890 per
218 813 358 892 eorporis
370 810 519 894 ejusdem
541 811 815 892 regenerationem
830 807 1002 874 cessabunt
1022 810 1055 872 in
1070 810 1245 874 universali
1366 842 1372 849 ·

154 912 276 975 omnium
296 915 428 994 piorum
450 913 690 992 impiorumque
713 911 964 985 resurrectione,
988 917 1024 974 ut
1044 911 1153 975 denno
1173 930 1246 976 cor·

154 1029 212 1092 pos,
231 1024 333 1078 morte
354 1015 498 1086 devicte,
519 1014 656 1094 eiusque
685 1017 790 1090 causis
811 1011 969 1088 sublatis,
991 1016 1186 1076 restituatur
1206 1013 1245 1075 ad

154 1115 245 1188 sitam,
266 1116 560 1187 immortalitatem,
582 1115 859 1196 incorruptionem
880 1122 913 1176 et
934 1114 1177 1185 beatitudinem,
1204 1114 1246 1175 si·

153 1214 238 1274 cutia
261 1216 419 1296 principio
440 1214 522 1278 illud
544 1216 668 1278 creavit
683 1212 771 1278 Deus
793 1215 994 1296 perlectum:
1019 1225 1049 1277 et
1069 1213 1246 1278 alstemus

152 1311 240 1376 nasio
252 1334 332 1395 pone
351 1319 485 1395 sereret,
501 1325 530 1378 at
549 1327 639 1379 eram
651 1319 742 1382 ooldc
760 1315 852 1379 bono.
870 1317 1012 1397 ldcoque
1032 1313 1069 1377 ιἰι
1085 1315 1247 1378 Psolmasm

153 1411 171 1474 l.
188 1415 224 1476 its
244 1416 389 1479 delinivit
410 1415 645 1481 beatitudinem:
663 1439 679 1478 ι
694 1413 904 1516 μακαριότης
920 1408 954 1486 δὲ
976 1416 1091 1510 ψηχῆς
1105 1412 1247 1490 ἀπαθέια

151 1507 215 1604 gni
227 1515 368 1608 γνώσεως
387 1515 451 1586 τῶν
465 1513 561 1587 ὄντων
580 1515 727 1604 ἀληθδιις.
751 1522 771 1582 i.
794 1537 822 1580 a.
845 1516 1018 1580 beatitudo
1038 1526 1162 1590 sutem,
1179 1515 1246 1578 aui·

153 1631 208 1677 mae
237 1625 284 1678 est
311 1618 556 1698 impassibilitas
581 1636 656 1681 cum
688 1618 870 1699 cognitione
891 1633 967 1679 vcra
996 1634 1134 1691 rerum,
1161 1631 1246 1696 quae

152 1723 219 1777 suni.
240 1737 256 1774 ιι
277 1715 389 1794 Quam
412 1720 527 1799 utique
547 1729 742 1798 assequetur
762 1727 880 1782 natura
903 1719 1042 1782 bumana
1063 1718 1095 1779 in
1117 1735 1247 1797 regene-

153 1817 256 1880 ratione
277 1837 355 1882 eum
378 1819 501 1882 sederit
523 1817 627 1882 Filius
648 1820 783 1882 bominis
805 1817 931 1882 insede
953 1818 1130 1899 majestatie
1151 1833 1245 1891 suae,

152 1923 179 1976 ut
196 1918 236 1978 ait
254 1917 491 2004 Hieronymus:
511 1919 643 1999 quando
662 1920 786 1983 soilioet
806 1925 840 1982 et
860 1919 982 1982 mortui
1002 1919 1044 1981 de
1064 1918 1246 1998 corruptio·

151 2033 181 2078 ne
198 2027 364 2100 resurgent
387 2019 581 2100 incorrupti.

212 2115 309 2183 [liras
332 2137 437 2200 porro
459 2118 673 2201 Augustinus,
686 2120 835 2202 quamvis
855 2119 1040 2200 saepissime
1061 2117 1242 2199 proborum

151 2217 314 2284 incoelesti
336 2223 445 2302 patria
468 2221 655 2285 fruitionem
677 2221 855 2301 designavit
874 2220 937 2284 sub
957 2220 1020 2281 boo
1040 2217 1245 2282 beatitudinis

150 2320 256 2383 semiue
276 2339 378 2401 penes
401 2321 619 2385 universalem
641 2319 807 2386 Ecclesiae
826 2339 921 2385 usum
933 2340 945 2400 3
969 2327 1074 2384 tamea
1095 2321 1128 2382 ias
1148 2335 1245 2397 argu·

151 2431 238 2484 meato
257 2422 296 2486 de
317 2439 501 2504 corporum
524 2425 763 2486 resurrectione
777 2422 1008 2504 sapientissime
1028 2420 1090 2484 sub
1103 2420 1166 2484 alia
1190 2437 1246 2482 no·
1325 2465 1330 2472 .

151 2524 220 2586 tione
238 2524 320 2588 illud
335 2526 484 2605 suscepit
498 2524 708 2600 vocabulum,
724 2525 868 2604 satisque
881 2530 1013 2588 nostrae
1030 2522 1247 2601 disquisitioni

151 2632 327 2700 opportuna.
355 2622 472 2704 ltaque
492 2624 669 2688 secundum
692 2625 834 2704 priorem
857 2623 1119 2705 significationem
1139 2624 1173 2686 ia
1194 2620 1247 2686 Li·

151 2719 197 2784 lro
214 2721 266 2786 ΣΙ.
289 2723 336 2786 lle
373 2721 506 2787 Ciuitate
528 2721 587 2786 Dei
606 2743 634 2787 c.
658 2721 707 2788 1³.
729 2726 857 2806 inquit:
880 2744 896 2781 ιι
925 2723 1098 2787 lleatitudo
1122 2723 1248 2787 intelle·

151 2825 248 2888 ctualia
273 2832 418 2891 naturae
438 2827 584 2889 consistit
611 2828 644 2888 in
665 2825 818 2889 lruitlone
849 2827 922 2888 boni
950 2825 1246 2900 incommutabilis,

149 2924 218 3000 qnod
237 2934 284 2989 est
305 2926 411 3002 Deus,
435 2945 473 2991 ac
494 2927 526 2988 in
547 2945 586 2990 eo
609 2927 693 2990 bono
715 2943 888 2990 mansurae
908 2929 942 2990 in
963 2937 1246 3007 perpetuum‚,aeo

151 3024 204 3086 alls
222 3026 428 3090 dubitatione
448 3035 633 3103 cunctetur,
648 3045 705 3092 nec
726 3029 797 3092 ullo
823 3047 939 3092 errore
959 3028 1107 3091 fallatur.
1125 3047 1142 3085 ιι
1166 3026 1247 3089 llam

149 3123 173 3184 in
190 3121 279 3191 libro
304 3127 548 3211 contaminarem
561 3147 589 3191 c.
605 3126 657 3192 Ἠ.
672 3151 689 3188 ιι
703 3128 887 3204 beatitudo,
902 3130 963 3204 ait,
984 3132 1051 3191 aire
1076 3129 1138 3190 rita
1155 3128 1248 3190 besta

150 3233 187 3288 est
203 3230 345 3308 pudere
369 3229 410 3292 ad
433 3227 550 3304 Deum,
573 3230 613 3292 de
635 3229 715 3306 Deo,
738 3237 873 3310 propter
893 3229 997 3292 Deum
1020 3239 1082 3292 ete.
1105 3249 1122 3286 ιι

212 3327 447 3394 Verumtamen
463 3330 548 3394 baud
565 3330 663 3394 latuit
685 3331 902 3410 Augustinum
918 3329 1017 3410 bajus
1033 3330 1121 3393 vocis
1137 3325 1251 3432 panop

150 3427 239 3502 lunda
259 3433 485 3532 μακαριότης)
506 3432 681 3512 praecipua
705 3434 793 3495 notio
814 3449 917 3511 prope
937 3431 1186 3516 etymologicam
1206 3431 1249 3493 si·

150 3529 371 3604 suificationem
402 3531 528 3610 (veluti
549 3549 655 3613 nuper
679 3551 721 3595 ex
744 3533 857 3613 priscis
882 3532 1006 3612 graccis
1036 3532 1249 3613 scriptoribus

150 3625 251 3694 deduxi
273 3640 359 3695 teste
380 3629 569 3716 Sylburgiol
583 3631 671 3711 quod
694 3632 778 3696 idem
795 3642 879 3695 esset
898 3648 937 3695 ao
951 3634 1019 3713 foto
1033 3650 1145 3711 expers
1166 3633 1248 3696 idest

150 3723 308 3796 inmortale
328 3731 571 3813 incorruptibile
592 3741 653 3797 eto.
677 3731 889 3814 Quapropter
907 3733 939 3794 in
960 3732 1058 3796 Libro
1081 3732 1104 3795 l.
1129 3732 1174 3796 m
1190 3731 1251 3796 llo·

150 3828 238 3892 ctrina
252 3829 440 3896 Cbristiorso
461 3851 491 3896 ιι,
507 3829 557 3898 18.
580 3833 695 3913 dogma
710 3833 750 3896 de
772 3842 876 3896 morte
891 3833 985 3896 et‘de
1008 3834 1248 3898 resurreetione

148 3935 273 4008 ,insum
294 3934 432 3996 scribit:
451 3955 468 3994 ι
485 3933 559 3997 Jam
586 3951 665 3999 aero
685 3934 769 3997 sicut
790 3935 887 3997 animi
909 3935 1069 4013 quaedam
1091 3941 1249 4006 moreest

156 4030 222 4094 ritae
234 4035 356 4113 prioris
371 4053 566 4115 morumque
581 4035 720 4109 relictio,
733 4053 818 4115 qnae
830 4035 865 4097 lit
877 4035 1083 4114 poenitendo,
1095 4037 1142 4097 sio
1152 4035 1249 4096 etiam

155 4135 282 4212 torporis
298 4153 388 4198 mors
403 4142 452 4198 est
461 4137 663 4198 animationis
675 4137 828 4214 pristinae
844 4137 1014 4199 resolutio.
1032 4133 1250 4214 thnomodo

155 4233 260 4298 animus
282 4245 357 4316 post
378 4236 619 4316 poenitentiam,
642 4253 707 4316 qua
730 4238 855 4317 priores
876 4254 984 4299 mores
1005 4234 1149 4316 perditos
1170 4235 1249 4296 inte-

158 4334 254 4410 renis,
276 4337 481 4400 reformatur
511 4338 542 4399 in
565 4338 680 4400 melius
692 4357 703 4416 5
725 4337 771 4399 sic
801 4337 899 4400 etiam
921 4353 1040 4417 corpus
1061 4343 1134 4414 posi
1155 4336 1248 4397 istam

158 4445 288 4514 nortem,
310 4456 411 4517 quam
435 4437 565 4501 viuculo
586 4439 708 4517 peccati
731 4455 841 4500 omnes
863 4437 1017 4499 debemus
1025 4455 1037 4515 ς
1053 4433 1248 4498 credendum
1326 4478 1331 4488 ·

159 4537 183 4591 et
198 4539 385 4614 sperandum
407 4546 456 4602 cst
477 4539 723 4604 resurrectionis
747 4547 893 4620 tempore
912 4537 945 4600 in
966 4537 1083 4603 melios
1104 4553 1246 4599 commu·

368 4737 389 4776 ,Ι
