3375 5567
161 776 400 856 rerieitseoolum
422 792 482 837 neo
504 773 618 837 interni
633 791 763 857 poenas.
788 771 835 835 llti
857 770 941 835 enim
959 788 1018 851 pro
1039 787 1130 833 more
1144 788 1218 842 suo,

159 878 290 957 olegnrieo
307 894 454 939 sermone
474 874 612 949 ludens,
643 874 770 938 Israelis
801 872 1017 935 conditionem
1039 871 1222 933 considerat

160 977 350 1040 irioitelitste
370 977 548 1049 manentis,
576 984 609 1038 et
630 978 794 1055 gentium,
821 993 906 1055 quae
927 973 1034 1036 adhue
1056 970 1222 1037 Christum

159 1078 216 1139 urs
232 1085 390 1142 uorernol.
413 1075 505 1153 Quos
518 1079 592 1140 ideo
614 1076 781 1153 Dominus,
803 1079 921 1157 inquit,
945 1074 1077 1140 tradidit
1097 1075 1224 1137 erucia-

159 1178 215 1242 tilos
225 1200 323 1245 toruos
340 1179 516 1261 perfidiae:
532 1179 642 1242 donee.
656 1180 831 1265 aliqnando
848 1180 1069 1260 resipiscentes
1083 1178 1122 1239 etl
1146 1196 1220 1241 oum

156 1291 353 1345 untertaotnr.
383 1280 426 1344 tit
453 1284 516 1345 hoo
536 1282 631 1344 (locet
651 1290 863 1345 consentanee
884 1281 1071 1361 apostolicis
1093 1280 1220 1343 serbis:

156 1381 206 1461 oio
219 1384 333 1447 eueeitut
352 1402 394 1445 eo·
409 1392 500 1464 porto
519 1382 653 1463 eontioit
672 1382 709 1447 t'n
732 1382 832 1446 lsrael
852 1384 947 1445 donee
963 1380 1131 1461 plenitudo
1151 1400 1226 1461 yea-

154 1482 209 1545 tr'su
223 1483 369 1546 latraret:
390 1494 422 1548 et
446 1486 741 1565 exsequentibus:
770 1482 931 1547 conclusit
954 1481 1038 1545 euim
1060 1482 1142 1545 lleur
1163 1502 1226 1545 oot-

154 1602 187 1645 ru
201 1585 229 1646 ia
244 1584 459 1648 incredulitate
477 1599 513 1647 ut
532 1584 676 1649 omniunt
696 1588 891 1651 misereatur.
912 1584 951 1649 Et
974 1586 1046 1647 nine
1064 1586 1160 1667 juxta
1184 1582 1227 1647 t·

154 1687 237 1761 rutuli
254 1707 378 1752 sensum
400 1691 445 1751 ait
464 1688 644 1770 Origenes,
663 1689 802 1772 jutlaeos
821 1696 855 1751 et
876 1698 1007 1768 gentes,
1031 1706 1116 1769 quae
1150 1696 1226 1751 tunc

155 1804 197 1848 rm
212 1790 380 1865 credidere,
395 1790 517 1853 dooere
539 1790 643 1855 Deum
665 1810 726 1872 per
740 1794 847 1855 terim
869 1790 967 1872 hujus
991 1792 1074 1852 ritae
1096 1789 1227 1853 calauri-

154 1891 322 1963 attested
347 1901 474 1972 tempus
494 1891 553 1953 sibi
578 1892 802 1956 tantummodo
821 1902 953 1966 uotum,
975 1901 1011 1955 ιιι
1033 1891 1154 1971 peccati
1176 1892 1226 1952 sui

152 1992 250 2053 uutiaot
261 1991 397 2072 pontius,
410 2002 508 2074 atque
520 1993 593 2055 iden
603 1994 634 2055 io
645 2014 680 2056 se
692 1993 795 2057 laetae
806 2002 1025 2073 assequantur
1039 1993 1223 2054 veritatem:

152 2108 202 2152 tun
215 2094 283 2157 selit
297 2096 367 2175 ipse
383 2092 482 2169 Dens,
504 2114 616 2158 omnes
638 2095 783 2161 homines
802 2096 910 2158 salsos
932 2093 1013 2157 fleri.
1031 2093 1134 2156 Porro
1159 2108 1230 2153 ver·

151 2188 350 2273 lasymbolica
371 2203 409 2257 ut
426 2193 514 2275 iouis
533 2196 691 2275 oelenuae
710 2194 745 2258 r'o
765 2194 960 2259 muciotilus
978 2203 1114 2274 puroet,
1136 2209 1229 2272 quern

150 2294 308 2373 mendicus
328 2314 429 2359 termo
448 2316 514 2361 ooo
529 2295 697 2379 puteant,
718 2298 939 2362 assimilantur
959 2305 991 2360 et
1011 2295 1230 2376 explanantur

151 2399 340 2476 straminei
372 2397 472 2463 lsaiae
491 2404 647 2464 sententia
680 2401 803 2481 nsoter
822 2401 885 2463 sub
908 2399 1064 2479 allegoria
1086 2398 1226 2461 dietata:
1259 2473 1264 2482 Ι

149 2494 220 2558 lt'ltut
231 2497 382 2564 lloorimr
401 2502 509 2564 smiles
520 2501 661 2582 filiorum
676 2511 705 2564 et
723 2500 867 2581 filiorum
888 2498 980 2575 St'orr,
998 2509 1027 2563 et
1043 2496 1231 2579 statuissent

148 2600 277 2663 usulis
292 2604 331 2666 de
350 2602 452 2666 metlt'o
469 2606 538 2686 ejus
557 2603 595 2667 ιἰι
613 2602 733 2684 spiritu
747 2602 871 2685 judieii
889 2613 918 2667 et
937 2601 1054 2684 spiritu
1072 2598 1230 2671 ustionis5

149 2708 363 2771 musterlerit
385 2722 499 2786 nempe
523 2706 735 2784 impietaten
761 2706 875 2770 lamb.
894 2705 988 2783 Quod
1011 2713 1120 2768 autem
1143 2702 1231 2765 atltlit

147 2793 270 2879 θήιιιω
292 2815 330 2868 ut
348 2802 437 2885 iouis
457 2804 612 2886 ortem
636 2802 832 2870 eruer'ott'lur
854 2816 989 2887 puroet,
1009 2806 1102 2868 illuto
1129 2808 1229 2869 inten-

149 2896 316 2984 litseopnm
339 2916 374 2970 et
403 2926 558 2983 sensnm,
583 2927 650 2989 quo
671 2911 739 2989 ipse
765 2908 921 2973 [lominus
949 2927 1008 2989 per
1030 2908 1232 2973 Matthaoom

147 2997 338 3086 irllraogelio
358 3010 483 3091 iuquit:
506 3010 564 3091 qui
585 3020 691 3075 auten
709 3009 829 3075 ιιίωιιίι
847 3011 949 3092 [rotrr'
961 3032 1018 3073 suo
1038 3013 1138 3091 solue,
1161 3030 1234 3073 reur

148 3100 189 3162 to't
202 3107 351 3184 qeleuooe
372 3112 478 3193 iussin
499 3114 686 3192 ulti-agitur
702 3114 743 3176 tle
764 3133 865 3194 poena
889 3115 1059 3193 temporali
1082 3111 1232 3193 proinde-

147 3209 363 3286 nodositate,
386 3214 487 3275 reloti
509 3233 570 3277 suo
590 3215 665 3278 loeo
687 3215 727 3279 tle
750 3216 809 3280 liae
830 3224 864 3277 et
883 3215 1041 3278 similibus
1063 3214 1236 3278 locutioni·

147 3302 190 3366 lus
206 3306 484 3391 Evangelistarnm
507 3315 680 3379 tlieentlum
701 3328 810 3397 postea
832 3318 905 3379 erit.
935 3314 1087 3379 Ceterum
1110 3315 1167 3377 nisi
1191 3316 1233 3378 ita

146 3412 344 3484 mundantur
372 3415 548 3492 praecitata
571 3417 689 3494 verb23
714 3417 765 3477 rel
787 3419 813 3479 si
841 3417 921 3479 volis
946 3414 1174 3478 adamantium
1196 3415 1235 3477 tle

147 3510 358 3587 suppliciorum
380 3517 518 3577 termino
542 3518 628 3597 apud
651 3517 771 3579 interos
791 3526 863 3598 post
882 3527 1066 3580 extremum
1083 3518 1165 3581 diem
1190 3518 1235 3579 io·

148 3611 258 3675 tulisse
280 3633 479 3690 sermonem,
506 3619 633 3693 videas,
655 3628 792 3700 quantas
811 3627 923 3683 contra
945 3637 979 3682 se
1001 3620 1165 3681 statuisset
1186 3636 1240 3692 an·

148 3707 252 3775 titiones
261 3736 274 3793 ;
290 3734 330 3778 ae
351 3716 553 3796 notissimum
566 3718 687 3782 Christi
710 3720 817 3783 serbis
832 3722 985 3783 mentitus
1007 3729 1090 3783 esset
1103 3720 1235 3793 eisdem,

148 3812 241 3884 quibos
260 3827 356 3881 antea
378 3819 559 3883 haereticos
582 3825 707 3885 revicit.

207 3914 320 3999 Neque
339 3920 474 4001 insuper
493 3932 605 3986 eontra
621 3924 826 3998 austasium,
842 3946 927 4007 quae
943 3924 1095 3989 Petatius
1117 3944 1157 3987 ex
1174 3923 1239 3987 Ho-

149 4013 213 4076 utta
221 4016 310 4082 vlit.
324 4038 354 4081 n.
366 4018 397 4085 5.
414 4025 445 4085 io
460 4021 592 4087 Librum
604 4024 706 4090 losue
719 4014 983 4108 argn‘insumpto
998 4027 1070 4088 inde
1088 4026 1239 4092 thomate:

149 4114 313 4183 etintendit
331 4120 422 4185 Iesus
445 4122 538 4204 How
564 4135 592 4188 et
617 4128 723 4209 effecto
743 4136 789 4189 eat
808 4128 903 4203 urbs,
926 4144 1006 4209 quoe
1036 4145 1100 4188 uon
1125 4126 1240 4189 nolite·
1272 4132 1282 4146 ·

150 4220 188 4273 to
202 4217 235 4279 ia
248 4232 455 4287 oeternum
474 4223 582 4299 Vides,
597 4230 654 4302 uit,
670 4230 745 4308 qnia
765 4229 844 4291 haec
859 4245 944 4307 qnae
965 4236 1161 4307 sequuntur,
1176 4244 1242 4288 ma·

151 4314 235 4387 lssttl
257 4325 417 4405 mysterii,
437 4327 589 4404 quemad
615 4328 768 4391 historiae
790 4330 950 4410 pertinent
969 4332 1148 4391 veritatem.
1167 4326 1238 4391 Non
1300 4356 1302 4362 v

151 4416 288 4482 mnu·
305 4422 362 4485 ille
376 4424 470 4487 loeus
486 4432 592 4490 terrae
603 4428 821 4493 inhabitabilis
833 4438 881 4493 est
894 4430 924 4492 in
945 4436 1126 4503 aeternum,
1143 4446 1242 4508 quam

152 4507 225 4581 lotus
243 4520 441 4587 doemonum
463 4526 678 4592 inhabitabilis
693 4531 756 4593 erit
777 4540 866 4608 tunc,
889 4548 963 4594 eum
977 4529 1042 4610 iarn
1065 4548 1159 4593 nemo
1173 4550 1244 4613 pec·
