3375 5567
174 745 220 826 poi
238 742 319 807 titud
336 746 473 827 peperit,
494 760 710 831 synonymum
725 752 785 809 est.
808 744 852 808 ttt
869 750 1007 825 propter
1025 760 1086 807 uos
1099 640 1275 823 permen?

171 865 230 909 csse
250 844 366 909 tactum
388 847 558 911 domiuum
579 848 777 927 apostolicus
794 864 903 911 sermo
918 854 1069 919 testetur,
1091 848 1272 926 psccstrice
1367 856 1370 859 ’

174 956 267 1010 nostro
283 958 398 1011 ustura
413 949 575 1011 indutum.
594 946 670 1009 iure
687 964 765 1010 sune
781 945 920 1011 Domino
933 944 1159 1025 sputeotpms
1175 944 1274 1024 (Pnu-

172 1048 235 1123 iur).
258 1046 289 1112 Si
304 1049 397 1109 *cutm
415 1060 548 1127 serpens
563 1055 744 1127 peecatum,
760 1056 792 1109 et
807 1045 964 1109 Dominus
978 1053 1147 1125 porcetum
1167 1045 1274 1109 iectus

168 1156 207 1208 est
219 1148 282 1226 (qui
303 1146 529 1228 serpeusnihil
550 1145 637 1209 uliud
653 1156 713 1221 est,
736 1165 836 1225 quum
855 1143 1036 1227 peccatum)
1059 1162 1174 1207 rerum
1197 1163 1273 1225 pro·

170 1257 229 1325 pter
253 1266 309 1311 nos
332 1248 438 1312 iscius
468 1259 517 1311 ost
536 1264 689 1329 serpens,
714 1256 750 1310 ut
770 1259 936 1327 serpentes
967 1248 1136 1332 aepypoos
1154 1235 1274 1310 cousu-

171 1356 233 1411 nrt.
249 1346 320 1411 »Et
342 1348 444 1430 punto
466 1360 539 1430 post
559 1366 689 1411 curnem
713 1349 886 1411 humanum
907 1347 970 1410 sub
989 1346 1155 1410 doemonis
1172 1350 1277 1411 uomi-

170 1466 201 1509 ue
223 1450 391 1529 designans
410 1450 538 1513 subdit:
561 1472 580 1509 r
601 1448 710 1513 Noxio
741 1450 825 1511 euim
847 1458 880 1509 et
900 1448 1091 1528 corruptori
1119 1449 1273 1512 doemoni

170 1550 219 1613 inc
236 1558 349 1613 contra
373 1552 520 1613 hominos
539 1568 639 1614 curse
661 1558 724 1623 est,
745 1567 785 1612 ne
805 1549 837 1609 in
860 1547 990 1611 coelum
1011 1547 1126 1611 oculos
1140 1550 1271 1613 eiesurs

170 1652 290 1729 possint3
312 1652 371 1714 ssd
399 1652 430 1714 iu
454 1660 574 1715 terrum
595 1653 751 1715 continuo
781 1648 960 1729 inclinari„
979 1656 1012 1711 et
1032 1648 1119 1711 inse
1140 1650 1270 1730 ipsoex

168 1748 225 1813 tuto
250 1751 373 1815 tstsres
394 1752 547 1815 iacere.»
1182 1770 1188 1794 τ

231 1849 387 1931 Deinceps
407 1868 435 1914 s.
460 1850 583 1915 Ductor
596 1850 715 1915 eisdem
732 1848 904 1913 vocubulis
922 1849 1107 1913 sentinus
1125 1849 1272 1923 loeutus,

168 1953 310 2029 quomodo
332 1953 491 2016 nimirum
513 1950 661 2017 Christus
682 1958 834 2014 ustorum
855 1968 969 2014 secum
989 1950 1137 2013 eumdem
1159 1958 1273 2014 contu·

168 2051 206 2123 tit,
224 2060 258 2114 ut
276 2054 317 2115 sb
338 2068 382 2116 cu
404 2054 518 2116 vitium
540 2052 746 2126 dissolveret,
759 2050 870 2115 notit:
897 2048 1168 2127 Quemadmodum
1187 2051 1272 2113 miss

168 2148 219 2211 mo
234 2150 311 2215 idest
332 2152 459 2214 homiui
479 2152 639 2227 interiori,
658 2150 867 2230 ptormsrsm
886 2148 1035 2215 mmiiiter
1053 2149 1220 2225 admiscet,
1240 2161 1271 2215 et

167 2248 212 2330 psi
222 2248 412 2325 insidiarur,
423 2270 502 2315 curo
516 2268 646 2333 nempe,
656 2252 712 2315 ubi
727 2252 852 2315 nubitut
866 2260 1049 2332 peccatum,
1060 2251 1108 2315 ntt
1120 2253 1168 2315 uit
1182 2251 1269 2334 Apo·

169 2352 263 2429 stolus,
276 2371 315 2418 uc
330 2355 381 2418 ito
401 2355 494 2419 uobis
516 2352 641 2419 hostilis
661 2362 695 2417 et
714 2353 871 2444 exitium¹
890 2361 920 2416 rt
938 2350 998 2434 poi
1011 2352 1096 2417 idest
1109 2352 1270 2433 Chritus,

170 2454 285 2517 modom
305 2455 334 2519 ci
354 2456 482 2519 homini
500 2454 626 2519 scilicet
644 2454 825 2536 spiritnuii,
851 2452 910 2536 qssi
935 2453 1090 2534 oppsiitrsr
1114 2453 1273 2534 semiui-

172 2550 229 2617 tito.
253 2554 310 2620 Vel
330 2556 409 2620 ultis
431 2556 558 2631 serbis,
588 2555 864 2637 quomadmodum
884 2555 1007 2619 nomini
1025 2556 1175 2621 interiori
1194 2558 1270 2622 iusi·

103 2702 104 2707 ,
172 2652 349 2721 iinturcsro
370 2658 407 2719 in
421 2656 566 2737 ejusdem
589 2658 730 2732 ruinam,
748 2664 862 2736 utpote
883 2656 1095 2737 phoeniceum
1117 2658 1267 2738 noxium3

170 2756 204 2818 ric
215 2754 265 2821 Dei
278 2756 427 2823 Verbum
442 2758 562 2839 quippe
575 2758 660 2821 hund
677 2755 746 2822 Deo
767 2758 910 2820 arduum
930 2757 995 2822 hoc
1008 2758 1040 2821 in
1061 2776 1120 2822 sus
1143 2760 1269 2840 supien-

171 2856 203 2917 du
219 2866 248 2920 ct
266 2861 391 2923 virtute
413 2858 582 2939 perficere,
597 2858 712 2921 codem
728 2858 906 2938 phurmsoo
920 2875 1017 2921 usum
1032 2866 1081 2921 est
1099 2858 1182 2922 idest
1196 2876 1268 2922 cur·

170 2972 199 3017 nc
215 2958 358 3035 inmens,
383 2959 495 3039 ibique
518 2967 683 3023 remotum
704 2958 744 3019 sd
760 2958 852 3021 iilius
865 2959 978 3021 rennui
1000 2957 1269 3023 medicamentum

170 3057 252 3122 eidem
266 3062 354 3124 csrui
378 3060 480 3135 insiti,
498 3067 536 3123 ut
553 3058 693 3123 sulutem
709 3060 830 3124 homiui
855 3059 1031 3123 conferret.
1046 3056 1182 3124 Minime
1193 3076 1269 3138 pos*-

168 3173 204 3231 ω,
221 3159 301 3224 sddit
320 3158 506 3244 Nysseuus,
526 3156 585 3222 ists
605 3161 716 3239 medor
736 3158 914 3225 curoeiomt'r
938 3176 1068 3239 scopum
1088 3158 1271 3239 conserendi
1381 3166 1383 3170 ’

169 3252 322 3337 Μάνη
342 3259 531 3340 corrumpit.
555 3258 641 3325 Nom
665 3259 724 3325 etsi
742 3261 782 3323 ni
801 3258 967 3341 utrisque,
992 3277 1013 3323 s
1033 3277 1133 3324 curus
1151 3278 1268 3341 nempe

170 3352 280 3457 Quoue
297 3360 333 3425 im
356 3360 510 3425 ottmmto
529 3362 590 3441 fiat
608 3358 725 3424 mistio
748 3360 917 3442 pharmaci
919 3381 938 3435 ,·
967 3380 1097 3441 scopum
1115 3372 1222 3425 oedem
1240 3371 1269 3426 st

169 3449 325 3517 mnemon
345 3473 394 3517 cx
412 3455 480 3533 ipsu
502 3455 658 3518 mixtione
678 3456 836 3518 intentum
860 3452 1072 3534 uspicientes,
1093 3454 1179 3519 dunc
1197 3457 1270 3533 pse

170 3548 222 3610 dem
232 3552 412 3628 isodomon
428 3550 593 3618 Christum
604 3555 741 3631 scilicet,
753 3556 809 3634 qui
827 3555 860 3617 iu
872 3564 1039 3635 ussumptn
1055 3572 1153 3619 cerne
1168 3556 1265 3634 pnsr·

172 3664 276 3716 utrum
297 3653 475 3717 immiscuit
499 3654 538 3715 ud
560 3654 706 3717 sstotsrs
727 3656 917 3719 elimentum
938 3653 1034 3735 eius,
1066 3657 1123 3735 qui
1145 3674 1267 3721 veoeuo

170 3747 281 3814 eiectos
300 3762 384 3816 erut.
407 3752 552 3817 Alterum
570 3772 643 3815 vero
663 3752 789 3817 odimus
808 3763 838 3817 ct
856 3772 1063 3830 censemur,
1092 3756 1175 3819 idest
1195 3775 1268 3837 pee-

103 3826 105 3929 i
171 3847 219 3908 esti
246 3868 388 3923 curnem,
410 3870 495 3932 quoe
516 3870 626 3917 necem
647 3852 942 3931 conformemini,
964 3854 1148 3934 praebendo
1169 3856 1268 3936 phur-

171 3960 273 4013 uncum
293 3953 430 4017 noxium
453 3952 492 4016 ud
515 3954 602 4019 itlius
622 3955 801 4019 interitum.

103 4050 104 4111 3
229 4046 276 4113 ito
287 4070 420 4134 quoquc,
434 4055 597 4133 sequitur,
617 4054 740 4119 reticos
748 4054 897 4137 justitior
909 4055 991 4120 tolia
1003 4053 1116 4136 recipit
1127 4056 1268 4134 deceptor

103 4186 104 4251 ζ
171 4158 228 4207 ατο
244 4166 354 4230 nempe
375 4155 522 4232 percuti,
548 4158 639 4237 oujttr
665 4155 787 4221 mmino
803 4154 1046 4238 perproprt'om
1066 4154 1265 4229 tlxit'mms

103 4254 104 4269 ¹
170 4256 209 4303 tm
224 4266 273 4311 mo
289 4250 389 4315 iniero
411 4251 544 4317 arbitrio
562 4257 691 4337 jecerot.
713 4254 766 4323 Sic
789 4275 941 4323 resersus
962 4256 1087 4323 tinctor
1105 4256 1145 4320 ud
1167 4274 1264 4337 urgu-

174 4352 288 4413 nenton
307 4371 385 4417 cum
405 4352 623 4419 similitudinis
644 4358 873 4437 applicatione,
894 4358 943 4421 sit
961 4374 1022 4437 pur
1042 4359 1113 4437 puri
1129 4358 1263 4438 rependi

174 4428 321 4521 deceptori,
339 4446 423 4511 tdost
442 4447 543 4525 curui,
557 4465 631 4513 cum
646 4456 738 4515 nutes
755 4450 917 4518 hominem
931 4448 1123 4529 deeeperst3
1137 4468 1176 4515 nc
1190 4449 1262 4516 idco
