3375 5567
388 812 441 870 eo,
461 793 549 875 quod
571 793 692 860 bonum
713 798 774 870 est,
797 795 1065 874 contemperato,
1090 795 1229 855 mortem
1253 791 1354 857 vetuti
1369 810 1507 875 poena·

385 898 416 959 ei
436 896 615 978 imponens,
630 898 686 977 qui
703 901 815 959 contre
830 913 903 959 eam
918 895 1025 975 legem
1040 893 1177 957 iecisset.
1193 893 1254 959 Sed
1270 895 1368 959 homo
1388 915 1431 959 cx
1444 916 1508 961 sno

385 997 522 1062 arbitrio
541 1016 581 1062 nc
603 1000 778 1062 voiuntutis
798 1015 878 1061 anae
899 997 1006 1059 libero
1027 1005 1137 1071 motu',
1158 996 1272 1059 roiicta
1293 1006 1395 1073 sorte,
1418 1015 1508 1077 qnae

387 1116 406 1161 a
429 1100 647 1180 malniutagra
670 1109 753 1173 erat,
770 1117 855 1173 eam,
877 1099 1079 1161 econtrariis
1093 1106 1382 1177 contemperatam,
1406 1102 1507 1163 vitatu

387 1200 525 1263 adscivit
544 1212 577 1264 et
597 1202 770 1283 ampiexus
784 1209 844 1265 est.
869 1199 1021 1263 Attamen
1042 1218 1105 1262 nou
1119 1199 1188 1260 siue
1208 1199 1432 1263 emendatione
1446 1201 1512 1263 hu·

384 1302 526 1382 jusmodi
547 1304 702 1366 stolidum
722 1304 894 1366 consilium
923 1310 1071 1365 nostrum
1102 1300 1238 1380 reliquit
1259 1300 1365 1364 diviua
1398 1303 1511 1384 provi·

388 1403 495 1466 deutiu
517 1412 580 1469 etc.
606 1426 622 1461 a

467 1506 519 1571 Ex
542 1508 602 1582 his,
624 1525 709 1587 quae
730 1507 902 1587 hucusque
926 1504 1054 1583 scripsit
1083 1501 1247 1588 Nyasenns
1268 1511 1301 1568 et
1327 1522 1345 1566 a
1371 1522 1513 1584 sequen·

387 1608 489 1685 tibus,
513 1611 652 1689 primum
674 1609 954 1671 animadvertatur
969 1606 1057 1687 qnod
1071 1607 1117 1669 nit
1137 1607 1223 1669 circu
1239 1606 1403 1671 bonicum
1418 1606 1510 1669 maio

386 1712 647 1775 commixtionem
669 1714 701 1773 iu
723 1712 865 1786 humine,
888 1709 972 1773 uude
993 1711 1060 1788 ipse
1080 1708 1165 1770 aiios
1187 1705 1291 1771 iactus
1311 1715 1360 1771 est
1389 1708 1430 1769 ab
1450 1727 1511 1780 eo,

386 1832 483 1895 quem
497 1812 583 1878 [iens
597 1814 785 1877 condiderat
797 1816 827 1877 in
839 1812 911 1876 soio
923 1812 1007 1875 bono
1022 1816 1152 1890 praeter
1170 1828 1413 1891 quamcumque
1427 1810 1509 1875 maii

387 1918 418 1981 iu
439 1917 508 1997 ipsu
529 1916 773 1979 immixtionem.
796 1914 945 1979 Secundo
964 1915 1073 1987 instat,
1089 1915 1238 1993 quamuis
1259 1920 1377 1975 natura
1393 1913 1512 1976 huma·

387 2036 425 2079 nu
450 2016 528 2079 vitiu
546 2023 800 2095 contemperata,
822 2016 1005 2094 ceterisque
1027 2013 1120 2077 malis
1139 2014 1212 2103 inde
1232 2016 1376 2090 exortis,
1400 2020 1510 2077 tamen

386 2120 444 2182 ista
467 2136 529 2181 nou
556 2115 687 2180 officere
710 2115 952 2188 resurrectioni,
981 2115 1038 2179 nbi
1059 2131 1143 2177 unsa
1167 2116 1233 2179 uita
1264 2116 1359 2195 ionga
1378 2116 1444 2178 alia
1464 2116 1512 2179 ab

385 2238 436 2294 ea,
458 2236 544 2299 qnae
565 2236 649 2281 nunc
670 2219 815 2291 ducitur,
838 2215 1047 2279 instauranda
1068 2217 1153 2295 erit;
1174 2218 1261 2297 quod
1287 2220 1505 2297 praecipuum

387 2320 583 2401 quaestionis
614 2326 714 2400 capnt
734 2318 915 2394 coustituit,
947 2319 1025 2397 quin
1047 2317 1089 2380 de
1111 2315 1225 2383 intuso
1257 2320 1397 2383 hominis
1417 2324 1510 2385 statu

386 2430 459 2503 pust
479 2421 751 2486 resurrectionem
772 2419 894 2483 interae
923 2436 1105 2483 sermonem
1123 2436 1222 2483 anum
1241 2420 1430 2485 instruerat

466 2518 711 2595 Verumtamen,
733 2520 821 2600 quod
842 2518 1018 2585 admodum
1039 2520 1080 2583 ad
1103 2520 1301 2601 quaestionis
1315 2520 1511 2585 illustratio·

386 2640 460 2685 nem
489 2620 636 2686 coniuret
665 2629 698 2685 et
726 2620 765 2684 ad
797 2628 936 2686 mentem
967 2620 1103 2704 Nysaeui
1135 2622 1440 2703 dignoscendorum
1467 2620 1511 2687 iis

385 2742 470 2805 quaa
491 2724 521 2787 in
542 2724 628 2787 libro
644 2722 791 2805 praefatu
809 2721 853 2784 Dr
872 2720 1111 2787 Resurrectiouc
1131 2733 1164 2787 et
1178 2725 1256 2788 aiibi
1276 2725 1443 2808 disquirit,
1466 2724 1510 2787 il-

386 2826 496 2887 lorum
507 2826 685 2888 sententiae
698 2825 740 2888 uit
761 2825 875 2887 nonius
889 2835 1063 2904 ponantur,
1086 2844 1168 2907 quas
1181 2838 1295 2891 contra
1311 2829 1376 2891 itoc
1388 2827 1508 2907 dogma

386 2930 558 2991 commenti
578 2935 663 2990 snut.
689 2924 733 2989 tta
757 2944 897 3006 namque
916 2926 1090 3007 aiebantru
1111 2928 1144 2991 Si
1166 2928 1196 2991 id
1211 2947 1320 3001 omne,
1342 2929 1431 3009 quod
1452 2947 1511 3010 ge-

386 3031 489 3091 uitnm
511 3038 556 3091 est
579 3045 676 3108 aegm
696 3046 730 3090 se
752 3028 861 3106 uaoeq
882 3046 921 3091 ac
943 3037 1007 3090 tam
1028 3031 1061 3091 in
1082 3030 1289 3108 generatione
1304 3033 1384 3111 ipsa,
1405 3047 1509 3111 quatu

386 3130 564 3203 nutricatu,
581 3136 613 3193 ct
634 3130 675 3190 ab
695 3129 923 3192 accedentibus
944 3139 1087 3209 augetur
1108 3137 1142 3194 et
1161 3148 1181 3193 u
1202 3130 1431 3196 decedentibus
1449 3132 1513 3194 mi-

384 3231 511 3310 nuitur3
533 3249 618 3311 quae
638 3236 747 3295 antem
769 3232 901 3295 minime
922 3232 1110 3310 gignuntur,
1132 3232 1165 3293 in
1184 3232 1322 3294 sanitate
1341 3239 1430 3307 snut,
1447 3248 1511 3295 uec

387 3341 555 3413 aegrotant
577 3350 735 3414 unquam3
758 3351 864 3413 nequa
885 3333 987 3396 uiiius
1010 3332 1056 3395 rei
1078 3332 1232 3411 indigent,
1253 3342 1313 3396 ant
1331 3339 1509 3413 appetunt3

386 3452 472 3515 quae
492 3443 601 3497 antem
624 3437 727 3514 genita
749 3443 836 3509 suut,
865 3441 898 3499 et
918 3436 1041 3497 coitum
1062 3444 1095 3497 et
1124 3435 1314 3498 alimentum
1336 3442 1508 3515 appetunt.

384 3532 442 3597 Est
462 3542 570 3597 autem
593 3543 746 3615 appetere
762 3535 844 3597 idem
861 3544 960 3614 atque
980 3545 1173 3615 aegrotare;
1195 3554 1214 3597 a
1241 3538 1406 3600 contrario
1428 3554 1512 3599 vcro

387 3636 510 3699 nultius
540 3636 683 3715 indigere
705 3652 763 3697 nec
789 3648 943 3715 appetere
970 3638 1054 3699 idem
1077 3645 1126 3723 ast
1145 3654 1184 3699 uc
1204 3654 1318 3700 munau
1340 3655 1420 3701 asse.
1443 3636 1511 3701 de·

385 3745 515 3818 grotant
546 3755 645 3816 porro
667 3754 895 3817 quaecumque
930 3747 1002 3800 nata
1023 3745 1119 3813 sunt,
1140 3738 1217 3818 quia
1247 3740 1481 3820 concupiscunt
1494 3760 1509 3819 ;

384 3856 469 3920 quaa
492 3858 570 3902 vero
592 3840 722 3901 minime
743 3844 814 3901 nata
836 3836 1291 3917 sunt‚uouaegrotaut.1am
1314 3857 1393 3903 vero
1407 3858 1512 3921 quae·

385 3957 528 4020 cumqna
549 3957 645 4019 aegra
660 3949 879 4013 aculeorum,
897 3958 981 4020 qnae
1001 3942 1173 4010 accedunt,
1191 3940 1243 4003 vel
1263 3941 1436 4017 decedunt,
1452 3961 1513 4005 co·

387 4042 439 4121 pia
462 4039 511 4103 rei
534 4040 639 4120 inopia
662 4041 822 4105 laborant.
847 4040 943 4117 Quod
965 4053 1076 4105 antem
1097 4044 1237 4121 patitur,
1270 4044 1438 4123 corrumpi
1461 4052 1514 4105 at.

384 4160 450 4222 qne
461 4143 594 4206 interire
616 4161 744 4206 necesse
758 4152 819 4218 est,
842 4143 938 4224 cujus
953 4146 999 4207 rei
1015 4144 1119 4224 gratia
1135 4144 1290 4222 gignitum
1305 4145 1397 4223 atqui
1410 4144 1511 4211 homo

384 4245 541 4325 gignitur,
561 4262 624 4307 uon
650 4252 755 4325 potest
776 4262 856 4324 ergo
885 4246 982 4310 homo
1003 4245 1165 4325 apatibiiis
1186 4262 1255 4307 esse
1282 4252 1315 4306 ct
1341 4246 1512 4309 immorta-

386 4345 437 4408 iis.
460 4364 476 4402 n
499 4343 541 4408 Et
559 4347 607 4409 sic
628 4364 669 4409 ex
695 4344 811 4409 Proctn
833 4344 1032 4426 Epiphanius
1054 4346 1095 4408 da
1116 4343 1250 4409 Haeresi
1271 4339 1321 4413 dd.
1346 4362 1375 4405 n.
1397 4342 1449 4409 at.

465 4444 675 4527 Quapropter
695 4456 807 4511 contra
830 4448 889 4511 iaus
908 4465 935 4510 s.
961 4446 1084 4511 Ductor
1106 4452 1193 4511 totus
1215 4446 1247 4507 in
1268 4460 1308 4507 eo
1321 4450 1383 4521 est,
1406 4453 1444 4509 ut
1457 4445 1509 4509 iu·

384 4542 660 4613 deiectitititataru
681 4558 714 4613 et
735 4550 1014 4631 incorruptionem
1041 4556 1180 4613 naturae
1203 4546 1364 4611 humanae
1390 4565 1435 4611 ex
1455 4562 1511 4611 ru·
