3375 5567
449 803 490 865 iis
502 803 619 867 sauciis
633 802 803 883 pressiori,
821 800 925 865 Psiris
939 818 1017 865 uero
1038 809 1070 865 et
1086 796 1158 864 Filii
1177 798 1326 863 beneficis
1345 800 1393 863 rei
1415 800 1542 883 inopere·

449 906 551 969 tiones
572 902 794 985 peruenirend
818 904 919 966 bonos
939 912 972 967 ei
986 904 1100 980 mulos,
1120 903 1226 985 jnsios
1246 910 1279 964 ei
1300 901 1442 984 injurios,
1463 918 1546 983 prrs-

448 1007 560 1071 roiisse
581 1024 640 1087 per
660 1005 722 1069 boc
742 1004 832 1070 Petri
854 1012 887 1068 et
908 1001 992 1069 Filio
1012 1004 1168 1086 Spiriium
1189 1003 1342 1070 Sanctum
1353 1025 1365 1084 ;
1390 1003 1437 1069 rei
1458 1004 1545 1087 niujo

447 1108 601 1190 remeius
622 1125 681 1189 per
695 1108 758 1170 boc
773 1124 918 1171 asserere
934 1107 1140 1188 dignitatem:
1163 1108 1250 1188 quod
1271 1108 1385 1187 usique
1407 1106 1493 1169 uelde
1506 1108 1545 1167 in·

447 1228 646 1292 consequens
666 1216 724 1273 esi.
748 1209 985 1291 Proprieiniem
1001 1224 1139 1290 nemque
1161 1210 1283 1289 proiice
1298 1209 1369 1291 eius
1389 1208 1545 1289 operisque

446 1312 684 1391 descripsimus.
707 1308 812 1375 Porro
834 1320 943 1373 eutem
966 1314 997 1375 iu
1018 1306 1173 1374 Triuiieie
1186 1310 1267 1374 nibil
1289 1311 1394 1393 majus
1415 1311 1545 1372 minusue

445 1412 616 1477 dicendum
638 1420 698 1490 esi,
721 1431 823 1492 quum
847 1413 942 1477 unius
964 1410 1144 1477 Diviniiniis
1163 1411 1234 1476 inne
1257 1414 1357 1476 rerbu
1378 1430 1416 1475 ec
1436 1412 1545 1474 rotinus

445 1532 504 1578 rue
527 1522 635 1579 lenoni
655 1516 818 1578 universe:
841 1512 966 1594 Spiritu
988 1515 1243 1591 commiscui,
1265 1532 1351 1594 quae
1372 1515 1464 1593 digus
1483 1518 1547 1575 suni

445 1614 708 1691 sanctificatione,
723 1614 911 1691 sanctifices,
934 1616 1019 1678 sicui
1033 1616 1064 1676 io
1086 1613 1213 1678 Psalmo
1233 1616 1393 1697 scriplum
1407 1625 1468 1679 esis
1487 1610 1544 1675 Ver-

443 1712 481 1777 so
495 1711 625 1779 Domini
644 1710 724 1778 coeii
734 1716 855 1796 firmati
873 1724 960 1793 suoi,
980 1726 1011 1779 rt
1031 1712 1154 1797 Spiritu
1175 1715 1240 1780 oris
1254 1716 1320 1798 rjus
1342 1714 1444 1779 omnis
1456 1714 1546 1779 sirius

445 1836 565 1883 rorum.
588 1838 606 1877 s
628 1817 788 1900 liquibus
803 1820 952 1883 omnibus
973 1822 1116 1900 uperiins
1131 1822 1311 1902 percipitur
1332 1821 1412 1902 qnid
1426 1820 1482 1885 sibi
1503 1836 1546 1881 vo·

446 1919 485 1983 iii
504 1918 662 2001 Origenes
682 1922 716 1983 in
736 1922 803 2002 ipse
825 1920 1043 1985 Personarum
1065 1922 1267 1986 distinctione
1287 1940 1468 2004 eorumque
1487 1938 1548 1983 mu·

443 2038 571 2086 nerum.
595 2020 737 2103 ideoque
757 2022 834 2103 quid
858 2023 937 2086 bnon
966 2040 1137 2087 commune
1158 2024 1276 2087 buboni
1296 2042 1374 2087 cum
1397 2024 1452 2099 iis,
1474 2038 1546 2103 quse

445 2124 519 2188 inde
536 2126 708 2189 commenti
722 2131 798 2188 suoi
812 2124 949 2205 praeisti
965 2125 1159 2207 inierpreies
1174 2124 1214 2188 do
1231 2126 1352 2188 siricio
1368 2134 1402 2188 ei
1415 2125 1453 2188 de
1468 2142 1546 2204 prse-

442 2226 559 2290 sinniis
574 2226 723 2290 nbsointn
742 2225 853 2300 nnius,
875 2225 957 2290 idest
973 2224 1077 2290 Petris
1097 2244 1197 2308 snper
1209 2224 1344 2303 Filium,
1368 2234 1400 2289 ui
1414 2222 1483 2290 Filii
1502 2240 1546 2286 sn·

444 2343 502 2406 pre
517 2325 674 2406 Spiritum
695 2325 862 2404 Sennium,
880 2333 912 2391 ci
927 2326 1025 2409 buius
1046 2345 1147 2407 super
1160 2336 1286 2391 eeteros
1301 2322 1458 2389 sunctus'?
1477 2320 1546 2385 vus

442 2444 522 2507 ergo
542 2426 694 2491 eborium
706 2446 718 2506 ;
740 2446 837 2491 cerne
858 2428 1036 2493 nbsurdum
1047 2448 1059 2509 3
1089 2428 1210 2510 inspice
1231 2426 1501 2492 incubuereniiem
1520 2423 1545 2485 iu

441 2528 641 2610 bujusmodi,
665 2547 763 2610 quum
785 2550 825 2593 ex
848 2532 991 2612 prorsuis
1012 2531 1176 2594 codicibus
1199 2530 1331 2595 irrduui
1345 2527 1547 2612 Theophilus,

442 2626 662 2715 Hieronymus
677 2639 708 2694 ei
731 2629 858 2696 Aucior
879 2630 1055 2713 Epistulae,
1079 2632 1299 2695 translatione.

522 2728 629 2812 Siquis
651 2748 730 2795 rero
750 2738 862 2795 conire
884 2732 963 2795 boec
984 2739 1070 2795 sinus
1092 2730 1196 2807 dicei,
1219 2732 1249 2795 in
1270 2734 1333 2795 boc
1356 2730 1546 2813 peregrupbo

441 2832 627 2897 emendasse
646 2826 825 2910 Romnum,
841 2850 927 2915 quse
948 2851 1083 2897 erroneo
1102 2835 1171 2897 sire
1193 2834 1270 2897 ieise
1292 2836 1468 2916 scripserri
1484 2831 1547 2894 Ori·

441 2953 558 3016 penes:
576 2946 652 2999 iuno
667 2937 875 2999 asserendum
893 2930 989 3014 inrui}
1011 2952 1074 2998 nou
1088 2936 1247 3015 quaedem
1265 2936 1295 2997 in
1311 2934 1418 2999 Libris
1434 2932 1547 2998 Periur-

441 3036 522 3100 ebor
544 3037 738 3101 reiormrsse
761 3035 926 3102 Rudinum
948 3040 1069 3119 ipsum,
1094 3047 1131 3101 ui
1151 3036 1176 3100 is
1197 3039 1242 3100 uit
1261 3038 1293 3100 iu
1316 3036 1481 3118 Prologo,
1500 3034 1545 3098 sed

441 3149 546 3203 uorum
566 3148 665 3220 ceput
685 3160 703 3203 u
726 3140 883 3221 principio
911 3138 949 3203 od
974 3140 1068 3205 duem
1102 3138 1321 3220 redopendum
1343 3141 1405 3221 ipsi
1440 3140 1543 3209 inisse.

442 3250 479 3305 ui
498 3258 627 3306 sensnm
649 3243 749 3305 eiium
766 3249 897 3306 erueret
912 3242 953 3305 ub
966 3261 1018 3319 eo,
1034 3261 1132 3323 quem
1147 3252 1373 3323 exposuerunt
1387 3242 1474 3307 oiieii
1490 3242 1546 3303 du·

442 3354 550 3407 eiures
572 3345 625 3421 (in
639 3344 757 3407 coieris
777 3362 917 3425 nomque
935 3355 1021 3408 recie
1043 3344 1125 3407 dixis
1147 3344 1264 3407 ibidem
1285 3343 1445 3423 Origenes
1454 3344 1476 3421 ij
1496 3356 1545 3404 scu

441 3453 554 3507 conire
574 3462 609 3507 se
630 3444 703 3506 iisse
725 3441 953 3509 Adsmeoiium
976 3445 1140 3508 incudem
1162 3454 1370 3525 argumento,
1394 3445 1478 3526 quod
1498 3442 1545 3504 nd·

442 3542 524 3605 miili
546 3544 667 3624 nequii.
699 3541 786 3606 Huic
808 3561 886 3607 uero
914 3544 1087 3609 adsensioni
1108 3544 1309 3624 sudrngeiur
1336 3546 1426 3625 quod
1446 3542 1546 3609 scribit

442 3662 468 3705 s.
492 3642 684 3707 bibenesins
704 3642 741 3706 irs
764 3642 908 3724 Epirroio
930 3644 984 3709 Ν.
1002 3646 1041 3709 ed
1064 3644 1271 3727 Serapionem
1288 3663 1317 3708 n.
1332 3645 1366 3711 9.
1392 3644 1439 3713 iii.
1460 3646 1545 3709 disse·

445 3744 570 3809 rensde
591 3745 789 3825 biespbensis
810 3747 842 3809 iu
856 3746 1011 3827 Spiritum
1033 3748 1198 3814 Sanctum.
1223 3748 1268 3811 ibi
1290 3767 1432 3831 numque
1451 3768 1475 3812 s.
1491 3742 1545 3808 Do·

441 3858 515 3911 cior
533 3844 683 3927 Origenis
704 3848 801 3911 rcrbn
824 3848 914 3926 cirri,
936 3867 1079 3931 quornm
1101 3868 1212 3914 sensus
1233 3850 1359 3931 peuiins
1380 3846 1543 3914 concordo

439 3950 491 4024 iis,
512 3966 598 4028 quse
617 3948 774 4029 ieguniur
787 3949 818 4011 in
839 3950 990 4031 pericope
1009 3952 1106 4032 juxis
1131 3950 1249 4015 Rudini
1273 3954 1473 4030 versionem
1495 3966 1544 4011 nu·

440 4052 481 4113 ds
502 4052 635 4131 insuper
653 4050 753 4129 ipsius
773 4048 921 4130 Origenir
944 4070 1031 4117 meus
1051 4054 1251 4127 iliustretur,
1265 4054 1306 4116 ub
1321 4052 1435 4117 eodem
1456 4049 1544 4114 bibr-

440 4152 531 4215 nnsio
551 4151 783 4233 comprobetur
807 4173 825 4212 s
846 4152 959 4228 Prisci,
982 4155 1039 4232 aii,
1061 4164 1150 4218 cerie
1173 4156 1247 4230 riri,
1267 4153 1425 4237 Origenes
1444 4152 1542 4217 erudi·

442 4250 595 4326 sissimus,
617 4258 652 4313 el
669 4249 854 4315 laboriosus
874 4255 1026 4334 scriptor,
1049 4265 1081 4321 ei
1102 4251 1327 4336 Tbeopuosius
1346 4252 1542 4319 edmirrndns

441 4345 498 4415 iiie
518 4358 551 4414 et
569 4351 734 4416 studiosus
755 4352 853 4416 bomo
886 4356 1023 4431 (borum
1046 4358 1131 4419 euim
1154 4356 1261 4438 Opere
1284 4356 1431 4438 legebam
1443 4398 1456 4431 ,
1474 4366 1539 4415 cnm

443 4450 622 4532 EpisioIom
643 4454 752 4533 accepi
776 4455 886 4533 ruem)
909 4456 1003 4521 umbo
1021 4458 1140 4540 quippe
1160 4465 1211 4521 etc
1215 4501 1323 4520 .....
1346 4455 1427 4522 Nem
1441 4452 1542 4531 Oriss-

441 4570 496 4617 nes
513 4554 643 4633 quidem
659 4574 789 4621 enussnu
803 4556 916 4638 judicii
938 4566 1049 4624 conire
1067 4560 1252 4643 hujusmodi
1273 4559 1417 4623 homines
1433 4556 1487 4619 leui
1500 4552 1539 4614 ric
