3375 5567
170 722 238 787 radit
254 722 368 799 lesus,
389 744 454 789 uon
475 733 581 807 potest
600 726 701 789 abire.
734 722 855 790 Nullus
876 726 960 787 enim
991 733 1141 791 mortuns
1165 726 1259 807 ecqui

168 834 252 904 potest
270 825 393 905 iesum,
415 827 679 908 quandoquidem
693 848 702 889 s
718 842 783 889 seon
803 824 923 889 mortui
942 826 1118 891 laudabunt
1138 836 1181 903 te,
1196 825 1259 891 llo·

166 926 241 1002 rire,
255 946 353 1009 ecque
369 947 487 1003 omues,
502 928 562 1008 qui
581 929 772 991 descendunt
782 925 818 988 io
840 925 1014 1009 infernum.
1032 948 1049 987 n
1066 926 1156 993 Unde
1171 930 1259 1009 quis·

170 1030 204 1090 ris
222 1027 331 1108 procul
353 1028 454 1092 dubio
476 1028 829 1108 intelliget-Origenem
851 1028 1034 1103 declarare,
1055 1048 1123 1104 cos,
1145 1028 1202 1110 qni
1224 1029 1257 1091 in

168 1139 276 1209 peccato
298 1132 420 1194 mortni
440 1138 533 1205 sunt,
555 1128 680 1193 nullam
701 1146 845 1209 unquam
867 1128 953 1209 apud
984 1127 1159 1193 Dominum
1181 1147 1256 1193 con·

166 1240 313 1295 uenturos
334 1232 579 1311 indulgentiam,
601 1231 656 1293 sed
680 1230 748 1293 ulla
770 1230 893 1308 absque
913 1229 1028 1294 salutis
1048 1249 1104 1311 cpe
1127 1232 1159 1295 iu
1181 1246 1255 1311 per·

167 1342 274 1411 petum
294 1334 344 1395 ire
367 1332 592 1413 perditionem.

222 1432 312 1497 llisce
331 1436 443 1515 positis
461 1435 558 1515 juxta
572 1433 696 1497 Petarii
718 1432 1029 1513 interpretationem,
1045 1448 1083 1495 ac
1108 1431 1208 1495 veluti
1225 1432 1257 1493 in

165 1536 287 1598 rersione
306 1537 409 1598 latina
432 1537 564 1616 legitur,
581 1543 695 1599 contra
717 1552 752 1597 se
776 1535 898 1597 veniret
922 1534 953 1595 ln
974 1532 1088 1597 eodem
1108 1551 1258 1596 sermone

163 1638 304 1716 Origenes.
329 1636 433 1701 lintea
456 1656 595 1717 namque
615 1637 765 1699 absolute
789 1638 906 1700 statuit
927 1635 1163 1699 immedicabile
1186 1634 1257 1698 lore

163 1747 371 1815 postmortem
394 1748 587 1818 peccatum,
611 1737 813 1819 proindeque
842 1754 963 1817 pravus
985 1737 1015 1799 in
1034 1746 1167 1817 peccato
1190 1736 1256 1799 vita

163 1838 307 1901 diiunctos
327 1858 347 1900 a
370 1856 471 1917 reguo
496 1836 616 1901 Christi
631 1838 764 1901 coelesti
787 1838 1026 1919 inperpetuum
1050 1838 1194 1903 excludi.
1212 1835 1257 1901 Ut

162 1957 220 2017 crgo
234 1941 387 2019 antilogia
412 1940 563 2013 tollatur,
589 1958 628 2005 ac
653 1940 826 2019 pericopae
848 1958 960 2003 sensus
984 1940 1195 2019 explanetur,
1213 1947 1257 2001 te·

162 2051 219 2103 rus
230 2060 367 2121 graecus
381 2044 413 2103 ln
428 2041 569 2105 medium
584 2041 773 2122 proteratur
788 2042 830 2101 ita
844 2059 974 2105 sonans:
991 2039 1050 2121 qni
1063 2040 1257 2121 ttcsptema·

161 2140 222 2203 ecrit
239 2140 272 2203 ie
291 2140 454 2221 Spiritum
474 2140 626 2205 &ectum
646 2160 711 2205 uon
731 2139 852 2205 lambit
872 2140 1084 2205 remissionem
1101 2160 1199 2223 neque
1219 2140 1257 2203 io

160 2242 295 2319 proesmi
324 2246 451 2319 seculo,
472 2262 572 2323 crepare
591 2242 627 2305 ie
649 2246 775 2324 futuro,
796 2240 834 2310 du
857 2234 1003 2334 μέντοιγε
1029 2238 1059 2311 it
1084 2234 1134 2333 μή
1155 2238 1189 2311 ἔν
1209 2240 1259 2337 τῷ

160 2340 287 2428 pilleum
309 2343 428 2417 ἀιῶνι,
451 2342 517 2426 ἤδη
540 2339 615 2417 δυδέ
638 2367 669 2415 εν
691 2346 762 2427 rire
795 2346 893 2418 ἀιῶσι
917 2345 986 2426 ricc
1007 2341 1256 2441 suppremam

162 2447 223 2509 iicet
240 2467 304 2512 non
324 2468 415 2525 sone,
438 2448 467 2512 ai
485 2468 551 2512 corr
572 2447 780 2527 (remittetur)
801 2446 838 2513 io
858 2449 961 2511 seculo
972 2447 1097 2525 futuro,
1119 2462 1175 2509 uec
1194 2444 1257 2510 oli·

160 2549 264 2624 quaudo
294 2549 333 2612 in
361 2548 602 2630 superventuris
626 2547 752 2618 seculis.
785 2548 951 2613 l’articula
983 2538 1140 2638 μέντοιγε,
1171 2564 1257 2627 quae

161 2649 335 2731 quandoque
359 2651 461 2716 veluti
482 2651 685 2714 adversativa
707 2668 822 2731 nempe
842 2658 948 2714 tamen
966 2660 1170 2731 usurpatum
1191 2648 1255 2711 lton

161 2748 183 2808 ln
198 2749 264 2816 loco
286 2771 403 2815 rerum
425 2755 473 2815 nti
494 2751 687 2815 affirmativa
709 2760 784 2827 stat,
800 2737 1040 2815 nimiru'mrone
1061 2758 1143 2812 certo
1154 2750 1252 2830 juxta

161 2864 235 2911 uon
253 2853 454 2933 scriptorum
476 2870 671 2931 graecorum
694 2850 961 2931 frequentiorem
978 2870 1016 2912 ac
1036 2850 1252 2915 sicutictatim

161 2960 216 3025 post
224 2956 393 3034 perspicue
406 2954 517 3017 antidit
528 2955 612 3016 idern
627 2947 646 3019 ὁ
670 2942 817 3044 μὲντοιγε
835 2971 910 3015 rouo
925 2952 1101 3017 Heracleon
1121 2959 1182 3015 etc.
1199 2950 1250 3015 Ex

161 3068 211 3127 quo
228 3054 432 3133 arguendum
452 3065 513 3131 eet,
535 3073 599 3117 non
622 3064 746 3119 tantum
768 3058 800 3119 in
819 3055 977 3118 damnatis
999 3054 1251 3134 resipiscentiam

160 3168 187 3213 ae
202 3157 435 3237 suppliciorum
458 3158 631 3221 terminum
662 3176 792 3238 negasne
813 3156 987 3236 Origeuem
1008 3158 1039 3219 in
1072 3155 1186 3219 luturc
1206 3172 1256 3219 ee·

160 3254 238 3335 cnlo;
256 3259 440 3337 quinimmo
454 3258 527 3320 inde
548 3258 711 3333 firmatur,
727 3261 833 3339 ipsum
850 3259 1004 3333 tenuisse,
1022 3276 1079 3321 neo
1093 3256 1177 3327 dari,
1193 3272 1252 3319 nco

160 3352 213 3417 ieri
231 3377 321 3437 posse
352 3360 386 3421 in
407 3360 624 3440 reproborum
655 3362 770 3426 animis
791 3380 849 3427 nec
881 3360 1097 3440 poeniteutiae
1123 3374 1253 3423 aeneum

159 3470 242 3534 neque
260 3460 423 3523 evasionis
442 3478 544 3538 spem.

221 3555 289 3619 Pari
312 3560 438 3621 ratione
466 3559 545 3620 uitril
566 3558 711 3623 nliiciunt
731 3560 873 3639 dogmati
894 3560 1056 3623 catholico
1078 3559 1117 3622 de
1140 3576 1252 3640 perpe·
1337 3620 1340 3629 ,

161 3654 251 3720 uitale
279 3677 480 3739 poenarum,
501 3677 588 3739 quae
608 3661 648 3722 ab
669 3660 864 3723 adversariis
889 3660 1008 3725 iterum
1030 3660 1252 3740 objiciuntur,

161 3772 190 3817 er
209 3757 350 3838 ejusdem
367 3759 570 3825 praelatione
583 3772 711 3842 sumpta
734 3760 768 3823 iu
783 3761 989 3841 &cupellam
1002 3760 1152 3825 Joomria:
1167 3783 1183 3820 s
1196 3760 1255 3825 Ce-

162 3862 255 3936 lemm,
273 3862 391 3943 inquit,
407 3882 470 3925 non
492 3882 558 3927 nuo
573 3883 678 3944 eoqnc
701 3866 809 3942 brevi,
825 3874 924 3945 atque
946 3866 1030 3927 inter
1044 3864 1131 3927 solos
1148 3872 1253 3944 pastu-

165 3973 201 4019 rrs
215 3962 362 4026 obeundo
383 3982 519 4027 munere
533 3965 716 4045 funguutur
735 3966 840 4045 angeli
862 3966 1071 4046 evangelim3
1089 3965 1144 4029 sed
1166 3965 1198 4025 in
1220 3964 1254 4025 fi·

163 4074 190 4118 ne
204 4063 343 4126 sublimis
364 4074 397 4127 et
420 4065 531 4128 volans
552 4067 685 4146 angelus
701 4064 914 4146 Evangelium
937 4066 1069 4140 habens,
1092 4064 1253 4141 evengeli-

164 4160 228 4223 ntis
243 4168 328 4227 omni
350 4166 496 4246 populo,
527 4167 611 4230 bono
634 4167 731 4230 Patre
752 4186 816 4231 nou
843 4168 974 4231 omniuo
995 4166 1161 4229 deserente
1182 4182 1251 4239 eos,

164 4260 204 4335 ili
220 4281 236 4323 a
253 4285 286 4328 se
307 4268 513 4331 desciverint.
528 4288 545 4324 s
559 4266 665 4333 lnlnis
680 4278 785 4332 temen
807 4268 873 4331 alio
893 4288 927 4331 se
952 4268 1047 4330 vertit
1070 4263 1253 4328 lldamantii

164 4372 257 4438 temo,
276 4385 374 4445 quam
397 4369 437 4431 ad
459 4368 554 4433 tinem
575 4374 783 4435 cruciatuum
804 4368 891 4450 apud
914 4368 1035 4433 inlcros
1056 4364 1253 4429 constituen-

166 4454 232 4525 llm·
247 4464 431 4543 Quinimmo
443 4480 512 4535 tum
526 4492 567 4537 ex
582 4471 849 4567 praecedentibus
865 4477 932 4535 tum
949 4490 989 4535 ex
1002 4486 1104 4551 prope
1117 4482 1254 4547 sequen·
