3375 5567
1210 734 1344 787 ΙΧ.

262 834 355 911 Cum
385 836 532 912 iuterim
560 838 650 912 haec
682 840 803 911 omnia
839 838 1050 934 praemittat
1064 838 1243 935 Origenes

180 985 231 1057 pre
249 964 304 1038 sni
322 968 358 1039 in
389 964 606 1041 Periorciron
624 968 828 1061 argumenti
855 965 1008 1049 retines,
1037 967 1247 1063 interpretis

178 1090 288 1165 iorum
317 1093 494 1169 librorum
528 1094 689 1170 studium
720 1107 838 1170 totum
874 1094 959 1171 illuc
987 1094 1244 1172 intendendum

176 1224 233 1301 cst,
263 1233 304 1293 ut
332 1222 532 1297 secuudum
552 1222 668 1319 ipsius
691 1220 862 1297 Auctoris
886 1221 1126 1319 propositum,
1150 1221 1246 1301 diota

174 1366 226 1417 sna
244 1347 445 1443 expendat,
472 1372 621 1431 sensum
650 1362 860 1430 scrutetur,
888 1351 1061 1451 mamete
1091 1350 1247 1447 probett

173 1473 292 1547 ethius
309 1476 341 1547 ai
359 1474 408 1549 ab
427 1476 504 1560 iris,
522 1497 618 1575 quae
635 1489 736 1553 certa
766 1478 972 1575 proposuit,
992 1489 1031 1552 et
1049 1478 1247 1556 universim

172 1600 306 1686 erute,
335 1603 530 1679 traditione
559 1604 760 1702 apnacticu
792 1603 1096 1683 manifestissime,
1118 1602 1248 1681 suffra·
1369 1594 1376 1601 ’

171 1738 280 1820 mter
304 1731 521 1831 mundoque
550 1731 773 1817 aberrasset,
804 1731 969 1830 proiecto
999 1731 1247 1829 reprobandus

169 1870 280 1943 casct;
304 1859 362 1931 siu
382 1880 471 1934 sero
489 1884 562 1934 unu
587 1860 798 1945 recesserit,
823 1860 877 1935 uti
896 1858 1097 1938 catholicus
1116 1858 1247 1933 admit·

169 1983 301 2057 ardus,
321 1984 375 2060 tro
392 1988 528 2062 ceteris
545 2010 654 2085 perro
677 1988 794 2085 siquis
811 1987 929 2085 ipsum
956 1984 1169 2062 insimulare
1190 2006 1247 2059 rc·

169 2107 279 2198 inerit,
304 2135 400 2211 quac
413 2135 466 2189 cx
482 2116 631 2213 proprio
650 2132 763 2191 seusu
785 2114 912 2200 dubia,
938 2126 1002 2189 aut
1029 2115 1182 2199 incerte,
1204 2114 1247 2189 ai·

168 2260 206 2311 rc
223 2239 379 2317 cheam
407 2241 629 2321 existimarit
651 2243 701 2321 ob
726 2266 804 2331 eas,
828 2266 920 2342 quus
949 2242 1134 2323 enarravit
1166 2264 1247 2320 cau·

167 2386 217 2439 sas
242 2365 488 2466 (pracsertim
507 2382 714 2469 temporum
738 2372 888 2449 iuteutis
907 2368 1190 2455 conditionibus,
1209 2370 1245 2445 in

164 2494 286 2589 quibas
309 2496 418 2573 multi
450 2499 564 2574 multa
595 2500 707 2576 etde
739 2499 867 2577 multis
894 2498 1081 2573 rarimede
1115 2498 1246 2595 opina·

162 2616 454 2725 ururrquippa
476 2628 635 2705 nondum
666 2628 715 2703 ab
736 2604 900 2707 Ecclesia
928 2624 1100 2722 definita)
1122 2627 1247 2699 imme·

163 2750 226 2824 rito
242 2776 331 2827 sane
354 2753 392 2827 id
419 2753 569 2832 fucaret.
592 2754 734 2831 Nemini
758 2755 857 2833 cuim
879 2754 1072 2853 quemdum
1100 2754 1246 2829 demna-

162 2898 196 2949 ra
219 2878 322 2966 linat,
339 2904 409 2957 nce
426 2884 779 2960 ammanuensium
806 2883 927 2959 dicere
957 2882 1091 2967 virum,
1110 2881 1171 2979 qui
1199 2904 1247 2955 ex

160 3000 349 3103 scripturis
364 3024 430 3084 aut
452 3034 499 3085 eu
513 3012 715 3088 traditione.
729 3009 929 3109 apostolica
951 3009 1047 3083 haud
1075 3028 1247 3104 quorum·

158 3129 234 3205 duur
259 3133 477 3232 dogmatum
507 3152 700 3213 essecutus
732 3136 965 3235 exploratam
1002 3132 1246 3234 perspicuita-

160 3272 242 3343 tem
259 3284 307 3336 ex
336 3266 483 3363 proprio
502 3266 849 3365 ingenioquomodo
871 3285 913 3341 eu
936 3265 1024 3349 siut,
1040 3261 1164 3339 rimari
1185 3282 1246 3336 cc·

156 3401 273 3463 ratur.-
299 3394 469 3488 quamris
486 3395 525 3467 in
552 3395 622 3471 hcc
638 3396 760 3473 studio
788 3395 909 3469 rniuus
927 3392 1079 3476 iaceret,
1095 3390 1152 3465 vel
1181 3410 1246 3463 ne-

159 3510 230 3590 lens
254 3540 403 3618 quoquc
430 3522 643 3597 admitteret
671 3520 864 3597 falsitates.

255 3645 432 3723 Ceterum
459 3649 576 3725 rciate
602 3651 651 3725 ad
676 3673 734 3737 aa,
762 3672 856 3747 quae
884 3646 1060 3743 Origenes
1074 3644 1245 3729 credidit,

154 3770 344 3879 docuitque
373 3792 546 3877 tauquam
574 3781 750 3856 veritates
779 3776 1077 3854 manifestissime
1098 3773 1243 3871 praedi·

154 3918 249 3978 catas
267 3906 305 3978 iu
324 3907 572 3983 aeclesiastica
601 3909 812 3991 traditione,
831 3926 999 4004 quaeque
1019 3902 1137 3979 titulis
1160 3922 1246 4001 pro·

155 4032 235 4124 prii's
251 4035 436 4121 distinxit,
454 4036 638 4136 atquibus
655 4036 744 4111 statii
758 4035 1041 4111 christianornm
1057 4020 1241 4109 contraire

158 4154 294 4247 iicerot,
319 4186 364 4238 ac
389 4164 472 4240 idco
490 4163 601 4263 Operi
630 4164 833 4263 praemisit3
853 4162 1056 4237 mirandum
1086 4182 1173 4236 sanc
1199 4159 1244 4233 dc

158 4284 230 4384 ipm
256 4290 369 4375 forat,
396 4294 449 4369 uti
472 4294 521 4369 de
548 4294 696 4368 humine
723 4293 866 4379 insuam
892 4291 923 4365 ei
952 4290 986 4363 iu
1016 4288 1073 4393 his
1101 4286 1241 4365 eudem

156 4432 279 4511 matra
315 4422 515 4495 tnesaudis
540 4422 784 4518 argumentis,
809 4418 993 4495 centraria
1026 4417 1241 4514 loqueretur

158 4549 412 4641 evomueritis,
450 4572 542 4649 quae
568 4549 728 4635 statuit3
754 4569 870 4647 eaque
898 4548 1117 4649 destrueret,
1145 4567 1239 4643 quae
