3375 5567
228 799 350 864 ductor
374 819 452 864 vcro
472 819 533 883 pro
554 803 613 868 bac
638 801 855 866 Personarum
880 799 1083 864 distinctione
1106 807 1171 864 tum
1196 801 1261 862 sol-

162 899 267 963 licitum
281 919 317 964 sc
332 903 426 982 gessit
443 910 554 966 contra
576 903 794 978 adversarios,
808 909 845 965 nt
860 899 1100 981 quodammodo
1112 899 1258 964 Verbum

164 995 210 1064 bei
230 1005 400 1065 secandam
416 1000 516 1065 Diam
535 1011 669 1068 vocaret
690 1003 792 1068 veluti
813 1003 844 1065 in
876 1001 975 1067 Libro
996 999 1035 1064 V.
1058 1021 1089 1065 n.
1112 999 1161 1068 39.
1185 1019 1261 1066 con·
1334 1063 1336 1066 .

162 1111 201 1163 tra
220 1100 370 1166 Celsum:
395 1124 412 1161 s
434 1101 517 1167 Nam
539 1103 747 1186 Sapientiam,
764 1105 825 1181 ult,
848 1103 1011 1167 credimus
1032 1121 1089 1166 cos
1111 1120 1179 1167 csse
1200 1100 1259 1164 ilai

162 1197 291 1277 lilium,
313 1210 449 1267 teslantc
471 1203 650 1284 llpustolo:
673 1205 730 1288 yai
757 1209 863 1288 factas
882 1212 928 1268 cst
948 1203 1035 1267 cobis
1055 1201 1219 1284 Sapientia
1239 1222 1260 1264 a

161 1298 211 1362 lla
228 1311 283 1365 etc.
310 1301 351 1367 Et
371 1305 520 1383 quamvis
536 1305 631 1369 illum
652 1307 854 1387 appellemus
875 1300 930 1373 τὸν
953 1299 1097 1403 δεύτερον
1118 1299 1192 1374 θεὸν
1216 1323 1261 1369 ss·

160 1404 283 1465 modam
305 1402 417 1480 Dsasm
438 1408 540 1470 sciant
560 1407 692 1470 secundi
714 1406 941 1484 licinanius,
963 1406 1043 1470 nibil
1064 1423 1122 1470 uos
1143 1404 1261 1468 inlclli·

163 1521 227 1581 ycse
245 1505 358 1580 alind,
382 1523 479 1584 quam
510 1507 665 1569 virtulem
689 1508 826 1572 virtutes
847 1525 958 1572 omncs
978 1507 1259 1588 complectentem,

163 1610 190 1664 et
206 1605 301 1686 loyca
323 1605 479 1669 sationem
493 1607 707 1671 continentem
728 1609 760 1670 iu
780 1627 815 1672 se
831 1607 989 1689 quidquid
1012 1606 1145 1670 rationis
1160 1612 1208 1669 esl
1230 1606 1260 1668 in

160 1705 254 1781 rebus,
272 1725 358 1786 quac
380 1705 484 1770 iactae
504 1719 580 1770 snut
599 1718 661 1772 ela.
677 1707 797 1773 »Nihil
819 1725 920 1790 porro
942 1709 1075 1784 mirum,
1097 1707 1123 1770 si
1144 1705 1259 1785 Origo·

160 1824 204 1869 nes
218 1816 293 1870 lunc
306 1808 338 1870 in
355 1807 540 1890 hujusmodi
556 1809 743 1873 adhibendis
764 1808 1059 1892 nuncupationibus
1073 1807 1248 1887 aliqnando

159 1926 260 1972 nomen
282 1909 458 1990 hypostasis
478 1929 553 1974 cum
574 1911 687 1974 housia
707 1912 904 1989 conludcrit,
921 1911 998 1992 quin
1022 1918 1126 1974 tameo
1149 1909 1261 1972 osllso·

159 2011 268 2074 donum
286 2009 375 2075 Fidei
390 2013 541 2076 nicaenae
556 2013 741 2078 conluderit
759 2031 899 2078 sensum.
916 2012 959 2077 Et
972 2031 1048 2076 sane
1069 2030 1132 2075 uon
1151 2011 1257 2074 solum

161 2119 236 2187 tunc,
254 2115 368 2175 scium
384 2123 416 2175 et
437 2123 528 2177 retro
550 2115 768 2196 temporibus,
784 2116 941 2193 (testibus
956 2111 1145 2177 Editoribus
1166 2109 1261 2174 blau·

160 2213 247 2290 sinist
269 2231 333 2276 vox
355 2231 469 2294 ncmpc
489 2214 663 2294 hypostasis
684 2216 769 2297 apud
796 2233 929 2296 graccos
950 2215 1118 2278 cllutinos
1149 2213 1260 2277 hastas

159 2313 352 2377 substantiam
366 2315 586 2396 signideabut:
604 2316 689 2379 nndc
704 2315 790 2380 band
808 2335 885 2380 suso
899 2316 1016 2379 hossas
1033 2323 1066 2378 et
1079 2309 1261 2395 hypostasin

159 2430 209 2493 pso
222 2433 283 2478 ana
297 2414 478 2494 cademque
499 2433 534 2477 rc
554 2416 639 2477 sumi
655 2415 740 2496 apud
766 2424 890 2480 sclusas
912 2415 1123 2496 comperitur.
1145 2411 1260 2492 llsqnc

160 2531 181 2574 s.
200 2513 416 2596 Hieronymus
437 2517 468 2578 in
492 2513 635 2595 Epistola
652 2513 721 2581 XV.
745 2534 775 2577 u.
796 2514 828 2579 3.
858 2514 1000 2579 scribens
1021 2513 1060 2577 ad
1083 2512 1258 2578 llnmasnm

160 2609 265 2693 Papam
286 2617 413 2698 inquil:
438 2637 455 2676 u
477 2615 682 2681 clamamus:
704 2617 804 2697 siquis
827 2624 893 2680 tres
914 2617 1119 2696 hypostases,
1140 2619 1177 2679 ut
1200 2615 1262 2677 tria

158 2715 366 2796 atypostata,
389 2719 450 2780 buc
472 2726 521 2782 cst
542 2726 607 2781 tres
636 2719 845 2782 subsistanles
874 2716 1052 2795 Pcrsouas,
1076 2734 1139 2780 non
1165 2713 1263 2779 conli-

160 2822 256 2893 tetns,
275 2819 446 2882 anathema
467 2820 519 2880 sit.
543 2816 583 2880 Et
605 2819 680 2898 qnia
704 2817 864 2882 vocabula
900 2835 962 2880 noo
991 2815 1165 2887 edicimus,
1188 2815 1263 2876 huc·

160 2919 236 2979 retici
253 2919 452 3000 judicamus.
468 2917 575 2998 siquis
589 2928 699 2983 nutem
721 2918 912 2999 hypostasim
926 2919 1044 2982 hastas
1066 2915 1259 2995 intelligens,

160 3032 212 3078 non
225 3019 253 3080 in
269 3021 373 3083 tribus
391 3017 538 3083 Personis
560 3037 657 3083 unam
678 3019 869 3100 hypostasim
884 3019 973 3096 dicit,
994 3019 1118 3082 alicnus
1135 3034 1153 3079 n
1169 3013 1264 3080 curi·

161 3125 203 3178 sto
221 3126 274 3182 est.
297 3118 339 3183 El
367 3120 429 3184 sub
450 3123 511 3184 buc
537 3121 737 3185 conlassiono
761 3122 926 3186 vobiscum
958 3123 1081 3202 pariter
1115 3113 1262 3182 canterio

165 3221 279 3286 unionis
300 3221 507 3286 inurimur.»
829 3213 833 3222 ’
