3375 5567
231 849 234 856 Ι
279 771 491 854 Quapropter
510 778 537 837 si
559 781 658 854 ceput
678 773 752 838 tidei
772 774 851 840 dicit
872 773 1084 840 Adamantius
1105 791 1187 852 esse,
1207 771 1313 838 Deum

196 872 346 952 credere,
367 875 424 956 qui
445 877 552 938 omnin
574 894 615 939 en
636 875 739 938 nihilo
760 876 905 952 cressit,
927 875 1092 957 quomodo
1114 877 1187 956 quis
1209 875 1314 954 suspi-

195 982 305 1053 cetur,
328 975 434 1056 ipsum
457 977 624 1038 materiem
646 974 714 1041 Deo
736 987 941 1042 coaeternum
962 974 1151 1042 admisisse?
1173 974 1267 1051 item,
1284 973 1311 1038 si

196 1077 243 1140 ibi
265 1077 296 1138 in
316 1076 459 1141 secundo
474 1077 548 1140 ioco
562 1085 685 1140 sistunt
712 1077 810 1142 soluti
826 1077 1043 1142 necessarium
1058 1075 1206 1150 credere,
1223 1072 1316 1139 Cirri-

197 1185 284 1241 stnm
319 1195 434 1241 rernm
456 1196 525 1240 esse
547 1175 651 1241 Deum
679 1188 711 1241 et
732 1179 915 1255 homiuem
937 1195 999 1242 cur
1024 1184 1175 1257 putemus
1203 1172 1316 1254 Orige-

197 1296 271 1342 uem
293 1276 373 1342 seso
394 1279 595 1343 divinitatem
617 1279 819 1360 denegasse?
839 1279 967 1344 Pariter
986 1279 1012 1342 si
1038 1279 1220 1341 necessario
1249 1295 1319 1340 cre·

193 1378 337 1442 dendum
358 1397 427 1443 esse
452 1380 483 1440 in
504 1377 662 1460 Spiritum
678 1379 831 1444 Sanctum
848 1380 961 1444 docent
970 1399 982 1458 3
998 1395 1101 1460 quere
1115 1377 1155 1441 de
1171 1378 1232 1440 hoc
1247 1377 1317 1456 ipso

195 1478 381 1544 dubitarit?
399 1479 557 1564 Similiter
578 1482 663 1544 inter
683 1482 757 1546 fidei
770 1481 929 1545 articulos
943 1481 1095 1545 nume'rst
1108 1479 1251 1543 liberum
1266 1495 1319 1540 er·

196 1579 346 1659 bitrium,
369 1581 451 1645 idest
472 1595 529 1645 nus
551 1583 651 1645 nostri
673 1601 742 1645 esse
760 1581 869 1663 juris3
892 1599 954 1646 cnr
968 1581 1054 1645 istud
1070 1580 1209 1661 negarit,
1228 1577 1316 1642 hund

144 1677 148 1685 ’
196 1681 341 1761 ignarus,
363 1682 459 1746 sicuti
481 1683 661 1746 obtestatus
682 1690 742 1757 est,
764 1682 912 1764 quisquis
934 1683 996 1745 hnc
1017 1681 1146 1760 dogma,
1161 1679 1316 1762 quemod-

197 1780 331 1845 modum
353 1790 386 1844 ei
406 1790 515 1846 cetere
538 1782 698 1863 prseiotn,
721 1784 909 1864 respuisset,
930 1789 1024 1846 entra
1038 1781 1216 1847 Ecclesium
1232 1780 1315 1857 fieri,

195 1899 256 1963 per
274 1885 486 1964 semetipsum
506 1884 706 1960 damnatum,
725 1902 890 1965 regnoque
905 1885 1037 1948 coelesti
1052 1879 1248 1949 extorrem?

278 1982 425 2064 ideoque
442 1987 560 2048 merito
580 1986 665 2048 inter
678 1984 820 2049 absurdo
843 1984 1039 2048 admittenda
1062 1984 1177 2048 estiiin
1193 1981 1317 2048 Cossio·

198 2083 306 2148 dorin
331 2086 444 2164 priscis
469 2095 617 2166 susceptu
641 2089 797 2150 sententio
822 2087 909 2149 ciros
923 2084 1072 2165 Origenis
1094 2083 1202 2160 iidem,
1218 2100 1318 2164 quens

200 2188 325 2250 romum
342 2187 373 2249 in
393 2187 461 2250 suis
477 2187 667 2251 tractatibus
682 2197 715 2249 et
730 2187 927 2249 contrsriom
947 2185 1099 2266 supponit
1112 2185 1144 2247 in
1158 2184 1223 2246 iliis
1246 2200 1316 2246 rer·

197 2285 268 2350 isis:
286 2287 340 2351 tsis'
353 2287 426 2351 desse
441 2305 530 2350 nemo
544 2288 657 2351 meiius
665 2309 677 2369 3
694 2287 748 2350 udi
761 2287 843 2349 eruic
856 2305 946 2350 ormo
957 2287 1059 2368 pejus.
1078 2286 1217 2367 Accepto
1232 2286 1316 2348 euim

200 2386 467 2452 adversariorum
489 2390 674 2473 hypothesi,
690 2386 863 2468 Origenem
885 2389 1058 2468 praecipuo
1081 2385 1314 2452 Christianismi

202 2486 352 2567 dopmnis
374 2506 591 2569 expugnasse,
604 2497 638 2554 et
661 2508 765 2570 usqne
786 2488 825 2552 ud
852 2490 979 2570 triginta
1000 2489 1187 2568 etamplius
1208 2488 1314 2568 cupite

199 2589 407 2654 reducuntur
427 2591 527 2673 ipsius
548 2609 693 2668 errores,
716 2599 753 2654 ut
775 2592 841 2672 ipse
857 2591 980 2654 fatetur
1000 2588 1223 2664 Cassiodorus,
1245 2594 1317 2651 ctu

200 2691 294 2755 nobis
315 2694 467 2772 superius
486 2709 583 2773 coepe
604 2693 727 2757 dictum
748 2701 819 2772 esi;
834 2690 999 2772 quomodo
1020 2697 1107 2753 stsre
1130 2690 1208 2753 hnec
1230 2696 1320 2769 potc-
1347 2747 1351 2754 .

200 2793 245 2855 rit
266 2791 450 2857 Cassiodori
470 2797 649 2871 sententio,
673 2797 832 2859 neminem
856 2793 972 2856 meiius
993 2790 1134 2871 Origene
1154 2789 1319 2870 scripsisse

201 2891 257 2954 out
272 2891 352 2954 bene
366 2893 507 2972 scripsit,
523 2911 597 2957 cum
613 2896 644 2957 in
658 2896 724 2959 suis
738 2895 831 2957 libris
847 2893 984 2957 sedidcii
1000 2891 1165 2954 christiani
1181 2889 1320 2953 diruerit

201 2990 479 3056 fundumentum?
493 2992 524 3058 Si
540 3002 650 3058 nutem
671 2996 714 3058 itu
739 2996 818 3059 veiis
839 2997 945 3075 ipsum
967 2995 1082 3056 ceteris
1104 2991 1220 3055 meiius
1240 2989 1319 3053 scri-

203 3093 316 3173 psisse,
341 3100 419 3157 tunc
440 3095 623 3158 necessario
646 3094 818 3176 Origenem
840 3095 1015 3158 constitues
1038 3093 1068 3154 iu
1090 3090 1318 3156 contradictio·

201 3211 266 3269 ne,
289 3194 368 3275 quin
389 3213 534 3274 nuquam
561 3194 657 3259 tatem
684 3196 863 3259 adverterit
889 3202 922 3260 et
948 3194 1110 3259 uotoverit
1133 3190 1316 3255 offensionis

203 3301 344 3375 petrum,
366 3295 462 3360 sicuti
485 3295 608 3362 dictum
630 3306 689 3361 esi.

284 3391 337 3456 Ex
358 3393 407 3458 his
428 3396 529 3477 igitur
549 3396 769 3476 argumentis,
796 3394 916 3476 quibus
936 3393 1135 3468 ostenditur,
1160 3399 1319 3472 perpetuo

203 3493 263 3558 sibi
285 3496 447 3560 contraire
469 3496 655 3580 Origenem,
678 3499 707 3562 ei
729 3497 1073 3572 inscribendu‘errote,
1092 3495 1191 3576 vulgo
1213 3492 1316 3556 eidem

202 3594 376 3674 hucusque
397 3597 562 3678 inscripta,
585 3599 767 3663 necessario
788 3597 1048 3661 concludendum
1064 3601 1125 3671 est,
1144 3597 1248 3675 ipsum
1276 3592 1317 3656 sd

200 3697 404 3777 septnsgintn
427 3695 495 3761 iere
516 3716 633 3775 annos,
656 3698 844 3780 hujusmodi
867 3699 961 3761 iidem
983 3696 1113 3762 dubium
1136 3696 1317 3778 proiessum

203 3813 287 3869 esse,
310 3804 358 3872 ut,
376 3797 431 3860 nbi
454 3798 521 3878 ipse
540 3809 655 3878 steret,
677 3801 812 3877 iaceret,
835 3799 991 3876 doceret,
1014 3798 1241 3875 crederetque,
1263 3812 1318 3856 ne·

201 3898 345 3960 sciverit.
367 3897 464 3974 Qnod
485 3916 549 3963 non
572 3901 641 3966 viro
662 3901 787 3981 ignoro,
809 3900 865 3964 sed
887 3900 998 3964 insono
1020 3906 1053 3962 et
1076 3897 1182 3962 deliro
1211 3897 1314 3975 impu·

205 3997 338 4061 toodnm
358 4017 435 4064 sone
455 4001 527 4065 erit.
