3375 5567
435 781 543 843 stolo:
563 786 724 858 peceatum
745 777 869 840 erotis
890 777 946 839 troc
968 775 1104 840 mondo:
1129 796 1144 834 o
1170 773 1298 839 videtur
1318 774 1408 852 mili,
1427 775 1529 856 iuquit,

434 879 521 966 qood
543 876 580 940 in
600 878 656 942 doc
676 879 796 942 muodo
816 878 993 959 Apostolus
1009 878 1153 942 homiues
1174 877 1249 940 illos
1263 877 1388 952 sentiat,
1410 877 1462 957 qai
1474 877 1530 958 jan

435 979 569 1043 rationis
583 997 717 1061 capuces
731 987 819 1057 suot,
833 989 866 1043 et
882 981 1086 1046 naturalibus
1107 980 1234 1061 legibus
1250 984 1375 1060 pareut;
1390 977 1474 1039 illam
1488 995 1532 1039 ra·

436 1100 473 1144 ro
495 1089 656 1156 sautem,
678 1100 763 1163 quae
784 1083 925 1146 noudum
949 1084 987 1146 sd
1012 1084 1144 1148 rationis
1166 1084 1374 1162 capacitatem
1395 1080 1532 1152 accessit,

436 1200 499 1245 ooo
522 1194 590 1245 tam
609 1184 766 1261 homiues,
788 1204 886 1267 quam
904 1185 1060 1250 mundum
1082 1185 1309 1265 appellaverit,
1331 1200 1391 1263 pro
1410 1201 1447 1244 eu
1460 1180 1533 1261 quod

436 1291 544 1363 partes
560 1285 690 1364 quidem
705 1286 815 1350 muudi
829 1289 904 1360 siut,
922 1287 1063 1349 nundum
1081 1294 1187 1346 tomen
1209 1286 1238 1345 iu
1256 1283 1317 1346 hoc
1341 1283 1489 1356 venerint,
1504 1289 1533 1342 ut

437 1385 606 1462 imaginem
629 1386 659 1446 iu
680 1404 714 1448 se
730 1385 800 1460 liei,
823 1389 862 1449 ad
886 1407 984 1468 quana
1008 1388 1105 1450 homo
1128 1385 1233 1448 iactus
1253 1401 1324 1446 esso
1345 1383 1472 1456 dicitur,
1493 1397 1536 1443 ot·

435 1489 574 1563 poeitate
597 1487 729 1549 rationis
750 1491 979 1567 expresserim.
1003 1510 1019 1548 o

517 1586 661 1668 Cprillus
683 1588 925 1654 Alexandrinos
941 1590 1039 1655 Libro
1057 1590 1098 1656 x.
1120 1589 1319 1656 indoctiorem
1341 1608 1370 1652 e.
1388 1583 1468 1651 XlV.
1488 1583 1533 1646 ait:

438 1711 456 1749 s
479 1683 616 1780 Κόσμον
638 1689 795 1753 mundum
817 1691 913 1771 juxta
935 1693 1063 1757 obuiam
1093 1701 1124 1758 et
1146 1695 1294 1757 omuibus
1316 1699 1424 1755 uotam
1453 1687 1534 1750 ratio

437 1807 510 1852 nem
531 1788 698 1871 appellare
718 1792 862 1856 solemus
884 1812 1007 1871 omues,
1030 1797 1086 1875 qni
1108 1795 1308 1858 {anniversa
1330 1797 1406 1856 suut
1420 1785 1534 1863 mnodo;

438 1892 711 1974 quemadmodum
726 1896 827 1974 siquis
848 1895 934 1960 dicat
949 1898 1112 1961 civitatem
1135 1917 1203 1973 ecs,
1216 1898 1272 1977 qui
1295 1903 1397 1959 totam
1411 1893 1533 1972 aliquan

439 1993 555 2058 urbem
575 1995 730 2059 incolunt.
752 1995 908 2060 »Deinde
929 1997 960 2059 iu
975 2015 1003 2060 o.
1026 1996 1113 2063 xvt.
1133 1998 1277 2078 ejusdcm
1300 1993 1434 2060 loannis
1451 1989 1533 2054 addit:

440 2087 577 2186 Κόσμον
598 2094 709 2159 muudi
733 2113 797 2160 ror
818 2097 950 2161 denotat
971 2099 1002 2160 in
1025 2099 1178 2161 universo
1200 2096 1321 2161 muudo
1343 2096 1493 2174 dispersos
1510 2099 1536 2151 ct

436 2199 629 2263 habitantes.
654 2218 671 2256 a
695 2197 737 2261 Et
759 2199 832 2262 hinc
853 2198 1032 2280 Gregorius
1055 2198 1219 2283 Nysaeous
1242 2197 1285 2262 Dc
1308 2197 1426 2261 Animo
1443 2201 1470 2256 st
1490 2189 1536 2254 ils·

437 2299 653 2363 surrectione:
677 2321 695 2359 o
716 2298 823 2364 llorou
843 2318 861 2362 u
884 2301 1103 2382 sapientibus,
1126 2303 1250 2382 inquit,
1274 2317 1396 2382 parvus
1424 2294 1534 2378 quidm

437 2401 578 2465 ruaudus
599 2400 720 2463 dicitur
739 2419 820 2477 osse,
843 2402 900 2483 qui
923 2405 953 2465 in
974 2421 1008 2464 se
1021 2421 1063 2466 ee
1086 2403 1165 2466 haee
1186 2403 1348 2464 elementa
1371 2399 1532 2464 contineat,

440 2502 622 2582 exquibus
652 2519 775 2564 rerum·
789 2503 983 2566 universitas
1005 2513 1129 2566 cunstat
1154 2513 1253 2584 atque
1275 2502 1435 2583 completa
1456 2503 1535 2560 cst.»

440 2601 585 2666 isidorus
601 2602 764 2667 Pelusiota
779 2606 810 2666 io
827 2603 970 2685 Epistola
986 2602 1060 2670 259.-
1074 2624 1089 2663 α
1106 2602 1230 2680 Brevis,
1243 2605 1301 2678 ait,
1318 2604 1533 2667 recontractus

440 2704 581 2768 mundus
602 2706 700 2768 homo
721 2711 781 2780 ost,
805 2714 842 2769 ut
863 2707 919 2786 qni
941 2708 1085 2770 omnium
1108 2707 1360 2781 elementorum,
1382 2723 1422 2766 ex
1437 2700 1535 2782 quibos

441 2807 594 2882 mundus,
617 2808 707 2870 velut
726 2807 877 2871 omuibus
899 2809 966 2871 suis
988 2809 1130 2872 numeris
1152 2807 1323 2871 absolutus
1345 2815 1402 2869 est.
1424 2825 1439 2862 o
1460 2800 1535 2878 Quae

440 2909 547 2972 omnia
569 2911 723 2972 concinne
744 2917 898 2991 aptantur
918 2927 956 2972 ac
978 2911 1176 2974 roborantur
1195 2929 1237 2973 ex
1260 2907 1478 2989 trequeutibus
1494 2899 1536 2964 Bi·

444 3010 585 3074 loliorum
619 3011 838 3077 locutionibus
859 3031 911 3076 ex.
937 3031 966 3092 p.
992 3011 1032 3075 Et
1054 3014 1192 3076 mundos
1213 3029 1284 3074 som
1305 3029 1371 3074 noo
1391 3003 1533 3089 copmait:

443 3108 482 3174 Ut
500 3112 641 3175 soluetur
661 3113 797 3175 mundus
815 3130 872 3192 par
892 3109 1010 3192 iprum:
1035 3109 1117 3175 Coro
1131 3131 1197 3174 meo
1217 3121 1260 3173 ert
1269 3129 1332 3190 pro
1352 3103 1533 3172 montinio:

442 3209 481 3276 Ut
495 3213 604 3276 credet
624 3214 763 3277 mundos
783 3210 862 3292 puio
877 3222 911 3275 to
935 3231 980 3275 mc
993 3210 1121 3276 misistis
1144 3211 1223 3276 Ecce
1235 3213 1378 3275 mundus
1391 3207 1535 3286 ooditpctt

440 3333 521 3376 sirm:
546 3312 712 3394 Sapientia
732 3314 828 3396 trojus
849 3314 961 3378 mundi
975 3326 1029 3377 ete.
1123 3351 1126 3357 ·

522 3414 733 3497 Quapropter
752 3435 770 3480 e
790 3419 915 3480 cunctis
938 3418 1108 3497 hucusque
1129 3414 1380 3491 animadversis,
1402 3407 1534 3492 dignosci·

444 3518 759 3593 terminantium,
782 3519 937 3582 mundum
960 3536 1124 3599 uunquam
1148 3517 1268 3599 plurali
1289 3531 1425 3581 numero
1445 3525 1534 3574 rocas

445 3636 492 3694 se,
505 3619 565 3680 uisi
585 3636 644 3682 seu
665 3619 708 3682 ob
722 3619 896 3700 quamdam
917 3620 1000 3682 coeli
1022 3638 1040 3681 e
1061 3627 1148 3681 terra
1165 3617 1422 3698 discrepantiam,
1441 3607 1535 3676 scoot

444 3719 648 3800 planetarum
676 3724 888 3797 renotatam,
910 3737 1011 3784 unum
1034 3719 1075 3782 ab
1101 3718 1206 3782 altero
1229 3728 1381 3800 tauquam
1403 3711 1534 3778 mundun

442 3820 544 3883 aliurn
559 3829 777 3885 secernenteru
786 3841 797 3901 ;
812 3822 881 3884 sive
904 3831 939 3886 ut
954 3821 1160 3885 rationalium
1182 3829 1310 3885 notaret
1325 3819 1532 3883 diversitatem,

443 3931 502 3986 aut
523 3921 605 3984 coeli
621 3922 792 4003 plagarum
814 3906 1119 4003 dissimilitudinem
1134 3929 1192 3986 aut
1213 3931 1250 3986 ut
1267 3922 1377 3986 secula
1399 3916 1487 3999 hujus
1499 3911 1533 3973 ri·

447 4032 498 4085 tue
517 4026 699 4088 successiva
722 4032 905 4088 recenseret
932 4025 1027 4088 sicuti
1049 4032 1081 4086 et
1103 4024 1257 4104 tutnrao;
1279 4031 1337 4088 aot
1363 4020 1533 4085 nsotrnoro

448 4125 546 4205 hujus
569 4126 671 4188 veluti
693 4125 824 4189 totidem
840 4125 978 4188 mundos
999 4123 1229 4187 consideraret.
1247 4125 1382 4189 semotis
1400 4113 1532 4184 aninlo·

444 4227 587 4307 jusmodi
602 4227 755 4307 loquendi
768 4228 931 4303 termolis,
946 4246 1031 4308 quae
1045 4225 1130 4308 apud
1142 4243 1251 4290 omues
1265 4228 1297 4290 iu
1311 4237 1452 4288 sermons
1463 4229 1532 4280 cont·

446 4329 534 4391 muni
556 4337 732 4408 praestant,
749 4326 905 4392 mundum
925 4328 1131 4392 solummodo
1153 4345 1254 4392 uuum
1275 4325 1433 4389 admisisse
1451 4319 1531 4381 iater-

444 4429 521 4492 dum
552 4440 622 4510 cst;
644 4431 740 4511 eujus
771 4430 919 4510 opificem
941 4431 1017 4494 iecit
1044 4429 1148 4495 Deum
1160 4450 1172 4510 3
1194 4447 1232 4493 se
1263 4428 1336 4492 ideo
1356 4428 1400 4491 uti
1425 4419 1529 4484 diriore

446 4531 608 4609 potentiae
627 4531 866 4612 sapientiaeque
882 4540 1045 4608 tesseram,
1062 4531 1148 4595 hune
1163 4530 1414 4611 irequeotissime
1425 4521 1482 4588 suis
1494 4517 1528 4577 io

447 4631 575 4710 scripsit
594 4631 685 4696 libris
705 4629 816 4694 moedi
837 4629 995 4710 opificem.
