3375 5567
161 784 204 849 ssl
213 783 249 848 is
265 784 379 865 quitus
390 784 461 867 isus
480 782 613 867 pullen
627 782 725 850 flium
743 781 942 863 suscepistis,
956 780 1126 847 eredentes
1147 782 1179 845 in
1195 800 1247 847 ru·

159 884 361 949 surrectionem
375 883 518 950 llominiz
528 893 561 951 et
574 886 617 951 ol
628 887 691 950 luno
706 882 917 949 tulleruuoulu
933 900 1089 949 uouemus
1103 902 1246 965 eorpors

159 1004 261 1061 eorum,
279 989 335 1068 qui
355 988 528 1053 tendunt.
551 985 632 1051 Vitie
652 997 762 1053 nutem
784 985 949 1066 queneto
971 991 1004 1049 st
1026 986 1127 1049 uerbo
1147 1004 1247 1066 oppo-

157 1091 203 1151 site
218 1107 290 1153 usus
308 1095 368 1153 est
391 1080 466 1154 Non
486 1090 569 1153 nirtt
588 1092 733 1153 ooolsnm
753 1098 815 1162 est,
837 1087 891 1150 sel
911 1086 1085 1167 liepurult,
1106 1086 1162 1151 ssd
1184 1086 1247 1150 slis-

157 1189 275 1253 solutum
293 1198 354 1271 ⁰⁸²3
376 1210 446 1271 qno
465 1190 657 1266 declaravit,
680 1192 787 1271 lpsum
808 1188 942 1251 dissolri
958 1196 995 1250 ut
1015 1194 1167 1267 resurget
1181 1187 1246 1251 lul·

158 1291 247 1369 pilius,
266 1299 303 1354 ut
322 1292 510 1355 invenietur
528 1292 652 1356 elurius
667 1337 674 1353 .
689 1336 697 1351 .
711 1336 719 1351 .
734 1335 742 1353 .
758 1288 856 1367 Quotl
877 1298 987 1353 uutem
1011 1298 1173 1371 resurget,
1194 1295 1248 1351 ‹lo-

157 1408 208 1453 sns
222 1393 343 1455 nomine
359 1400 472 1467 voest,
491 1400 603 1457 utnon
622 1392 814 1471 simpliciter
825 1391 973 1465 domurn,
994 1389 1050 1453 set
1068 1397 1246 1465 ueternum,

157 1510 199 1554 uer
213 1494 512 1568 edentulorum,
534 1493 591 1557 setl
611 1494 799 1569 coelestem,
830 1492 1058 1559 excellentium
1079 1492 1151 1572 ejus
1183 1498 1248 1555 tum

156 1602 324 1675 amre,
345 1612 449 1675 quum
468 1613 487 1657 u
508 1596 584 1659 loeo
610 1594 827 1659 subindicunt.
851 1590 942 1657 llueu
973 1592 1059 1655 euim
1085 1584 1247 1657 terrestris

157 1702 202 1767 est,
213 1696 262 1757 illu
281 1695 447 1769 missus,
463 1696 544 1759 lruee
564 1694 765 1777 rumpentis,
777 1694 835 1758 illu
857 1703 1001 1757 selerne.
1019 1712 1036 1751 s
1053 1692 1135 1759 lliue
1149 1711 1247 1759 eruus

156 1812 206 1874 uuo
219 1814 310 1861 neuen
330 1796 521 1877 sooipieudu
541 1798 609 1861 siut·
625 1796 801 1877 spostoliou
825 1796 938 1860 verber
956 1796 1082 1859 murs
1101 1795 1249 1859 totenes

158 1900 439 1979 amulwinus,
454 1907 612 1961 moeson
625 1895 663 1960 s’st
682 1898 789 1975 coelis,
804 1904 838 1961 et
851 1896 1018 1978 quomodo
1028 1914 1092 1960 nou
1113 1897 1153 1960 tle
1166 1913 1249 1977 quo·

157 2000 290 2074 runem,
310 2009 347 2063 nt
366 2000 411 2063 tle
430 2002 576 2063 omnium
595 2000 756 2080 loquutur
779 1999 974 2081 corporibus
995 1998 1247 2071 resuscitandis,

156 2118 220 2177 quse
237 2101 274 2163 iu
292 2102 403 2177 noeto,
418 2102 477 2177 sit,
493 2102 618 2177 tuturo,
633 2104 711 2182 onis
726 2101 769 2164 sl)
787 2100 875 2164 nunni
896 2100 1111 2181 corruptione
1131 2100 1248 2163 immn-

156 2200 193 2261 uis
203 2200 334 2282 ideoque
356 2201 494 2265 meliors
508 2219 607 2281 quum
620 2220 707 2267 nuno
720 2210 807 2265 eunt.
829 2200 873 2264 Et
886 2207 992 2264 tolum
1006 2199 1069 2262 hoe
1083 2199 1247 2276 aptissime

156 2304 280 2380 exposuit
299 2302 567 2385 chrysostomus,
588 2304 758 2384 prolisque
778 2305 1010 2383 interpretetus
1031 2308 1078 2364 esi
1092 2300 1248 2381 Origenes

156 2400 235 2464 soluts
252 2403 292 2466 ssl
313 2403 593 2482 regenerationem
608 2404 755 2483 eorporis
776 2404 998 2467 resurrecturi
1020 2402 1052 2464 in
1073 2402 1247 2465 nouissime

156 2497 204 2575 lle,
220 2504 269 2565 eui
289 2520 389 2567 omne
411 2503 620 2583 purtieipubit
640 2520 741 2585 genus
761 2505 952 2567 homonum.

212 2600 372 2667 llsotenus
392 2602 480 2667 slietu
500 2602 541 2666 tle
561 2606 770 2680 necessitate,
794 2605 920 2667 ratione
941 2622 980 2668 so
1003 2608 1149 2686 tempore
1173 2602 1248 2665 nult·

154 2704 417 2769 mopsuesteno
435 2722 616 2785 corporeae
637 2708 905 2786 regenerutiouis,
925 2724 985 2789 pro
1013 2724 1064 2781 eo,
1088 2704 1188 2787 quod,
1211 2711 1250 2768 ut

157 2802 235 2867 relisi
248 2804 443 2878 siremrti,
456 2806 621 2886 proposito
633 2806 790 2881 ofliolsut,
800 2808 942 2887 emplius
955 2808 1134 2880 illustrent,
1151 2806 1196 2869 itu
1211 2812 1249 2869 ut

155 2911 179 2963 ei
193 2914 312 2983 psteunt
330 2908 421 2970 ‹lietn
443 2906 604 2972 llomiliue
626 2905 714 2972 viii.
736 2926 768 2970 n.
782 2907 814 2980 l.
834 2908 873 2973 s'n
890 2906 1073 2972 Leuits'ossm:
1089 2928 1106 2967 r
1120 2907 1182 2973 Setl
1203 2907 1249 2969 lu·

106 3053 107 3072 r
157 3008 229 3067 ierln
246 3026 331 3087 quoe
353 3010 483 3088 peperit
502 3008 698 3085 musculum,
720 3016 835 3072 oetsuu
858 3009 910 3072 ‹lie
930 3016 963 3071 et
982 3008 1041 3089 qui
1068 3014 1162 3071 nutus
1182 3013 1249 3080 est,

155 3102 391 3182 ununoiditnr‚
411 3115 446 3170 et
459 3106 515 3169 illu
536 3108 572 3171 tit
587 3108 718 3173 munis.
741 3108 826 3175 Sutls
839 3126 976 3187 operose
992 3126 1044 3171 res
1057 3114 1118 3183 est,
1140 3109 1173 3169 iu
1188 3106 1249 3169 uso

156 3202 288 3271 lreritste
307 3209 469 3290 temporis
482 3210 541 3273 istu
562 3212 792 3289 roustringere.
808 3208 930 3273 lumen
952 3215 991 3273 ut
1011 3212 1044 3273 in
1057 3216 1245 3271 truusoursu

155 3302 241 3385 ilique
260 3308 427 3382 dicemus,
445 3310 622 3389 septlmsuu
644 3310 725 3374 lrueo
745 3313 924 3389 praesentis
947 3311 1033 3373 ritue
1055 3317 1181 3388 ternpus
1205 3306 1251 3369 vi·

155 3403 206 3467 leri
223 3417 335 3487 potest.
362 3408 399 3472 lu
421 3412 597 3490 septimuns
618 3428 758 3492 numque
779 3411 908 3475 dierum
930 3418 1174 3474 consummetur
1201 3418 1250 3471 est
1275 3460 1284 3471 .

156 3509 280 3573 nuntius.
305 3508 342 3572 ln
364 3528 434 3590 quo
453 3511 557 3574 ‹loneo
574 3529 689 3575 sumus
710 3513 743 3573 iu
763 3529 862 3575 ourne
884 3512 991 3591 positi,
1022 3510 1061 3573 ud
1085 3509 1246 3589 liquidum

106 3697 107 3700 Ἴ
156 3610 212 3682 puri
226 3628 295 3674 esse
315 3629 383 3675 uon
398 3628 584 3691 possumus,
605 3613 665 3675 nisi
685 3621 803 3675 oeteru
825 3613 952 3674 venerit
972 3610 1063 3689 ἀίεις
1086 3610 1167 3673 idest
1187 3609 1246 3672 uisi

106 3745 107 3750 κ
155 3704 236 3773 iuturi
253 3713 359 3777 munli
383 3722 509 3793 iempuu
529 3713 672 3777 siluerit.
696 3711 732 3775 lu
753 3730 821 3793 quo
845 3710 1030 3785 iuuenile,
1053 3712 1110 3791 qul
1125 3728 1251 3773 muten-

155 3804 194 3870 lus
208 3823 263 3888 est,
278 3823 312 3877 et
334 3815 476 3879 uiriliter
495 3817 611 3895 egerit,
634 3814 744 3878 stuilm
765 3815 797 3876 in
818 3815 890 3894 ipso
911 3814 1053 3875 udreutu
1076 3812 1181 3876 loturi
1202 3830 1251 3874 se·

156 3910 205 3973 null
222 3924 394 3996 purputurp
417 3924 451 3979 et
471 3918 581 3979 stutiur
603 3916 724 3979 munis
745 3915 914 3989 niuster,
938 3931 1022 3994 quse
1037 3915 1146 3993 penult
1160 3930 1247 3975 eum.

158 4002 306 4091 iuratum
336 4033 479 4096 numque
501 4018 586 4079 vitiis
613 4033 743 4079 nuruum
765 4033 808 4078 ex
837 4012 1077 4077 resurreetione
1100 4012 1242 4091 recipiet.

158 4103 181 4168 Sl
203 4130 274 4178 rero
293 4116 377 4179 nihil
397 4117 430 4177 iu
456 4134 491 4179 se
513 4117 626 4181 irsbuit
651 4116 747 4179 uirile
766 4116 941 4179 urlsersum
968 4122 1136 4193 peooutum
1147 4132 1158 4191 3
1189 4110 1243 4175 sed

159 4212 283 4277 missus
304 4223 339 4277 et
354 4214 578 4280 elloeminstus
599 4215 663 4279 luit
676 4216 708 4277 in
728 4215 854 4279 notibus
868 4215 947 4289 sule,
970 4213 1065 4294 nujus
1079 4219 1245 4293 peecatum

160 4306 291 4385 eiusmodi
312 4323 377 4391 esi,
398 4315 487 4395 quod
508 4334 572 4379 uon
591 4319 779 4382 remittetur
800 4332 906 4395 neque
928 4316 958 4377 in
979 4312 1137 4394 praesenti
1159 4327 1252 4373 secu·

161 4404 292 4494 ltneque
313 4418 348 4478 iu
369 4416 504 4480 loturo:
526 4417 586 4481 iste
609 4420 723 4482 truusit
745 4424 779 4479 et
803 4434 901 4479 nuum
924 4422 956 4478 et
985 4413 1081 4477 ullum
1102 4411 1253 4493 septimu-

161 4513 261 4577 unis
279 4516 483 4579 immunditie
504 4535 586 4594 suu,
607 4524 641 4581 et
663 4517 755 4581 tertio
776 4516 907 4581 demum
929 4515 1099 4596 incipiente
1119 4510 1243 4576 oboriri
