3375 5567
441 677 502 748 m

446 790 478 845 ot
489 780 528 844 ad
540 781 700 844 sinistram
711 779 743 842 in
757 795 857 859 regno
868 777 949 859 eius.
964 776 1005 842 nt
1019 778 1231 844 conveniebat
1241 777 1371 859 quidem
1382 793 1546 857 congrega·

338 947 343 958 ,
449 902 496 959 re,
511 900 596 963 quae
609 889 685 944 sunt
695 882 813 961 scripta
826 880 865 943 de
881 879 1077 943 sessionibus
1093 878 1164 956 Dei,
1178 881 1228 943 rel
1243 876 1376 954 Christi,
1386 888 1423 941 ut
1435 899 1476 942 ex
1490 888 1547 942 tra·

443 991 533 1048 otatu
555 1001 682 1058 corum,
705 987 800 1045 etex
821 981 994 1044 conatione
1015 998 1129 1042 eornm
1151 980 1190 1042 ad
1214 981 1350 1043 invicem
1375 979 1546 1041 clarescere

445 1079 552 1166 posset
572 1084 681 1164 aliqua
703 1083 861 1162 dogmatis
883 1081 1081 1161 magnitudo.
1103 1081 1165 1147 Sed
1181 1082 1377 1161 prolixitatis
1397 1078 1547 1143 deelinan-

445 1186 505 1247 dae
518 1185 617 1264 gratia
631 1185 839 1264 proponimus
855 1201 970 1259 unum,
986 1181 1073 1262 quod
1085 1182 1164 1246 dicit
1176 1180 1339 1245 Michaeas
1351 1201 1360 1242 a
1373 1179 1443 1243 eidi
1457 1179 1546 1243 lirun

445 1283 544 1348 Israel
563 1285 713 1346 rodentem
734 1281 770 1344 in
798 1285 867 1345 sede
887 1301 972 1346 auos
996 1294 1024 1347 et
1045 1282 1148 1346 omnia
1167 1280 1286 1345 militia
1306 1282 1382 1344 coeii
1400 1282 1500 1344 atohot
1517 1281 1548 1343 ia

442 1381 580 1447 circuito
601 1385 670 1463 ejus
690 1383 733 1446 ud
753 1385 916 1447 dexterum
938 1385 1005 1465 ejus
1025 1394 1055 1446 et
1078 1383 1122 1446 od
1140 1381 1317 1446 sinistrum.
1336 1383 1449 1445 Omnis
1468 1401 1548 1460 ergo,

444 1485 500 1566 qui
515 1493 563 1547 est
583 1483 735 1564 spiritalis
750 1492 783 1546 et
805 1503 879 1548 cum
900 1484 1025 1565 iudicio
1041 1485 1112 1546 uult
1133 1491 1250 1547 cuncta
1271 1484 1446 1557 discutere,
1459 1483 1546 1556 dicet,

443 1585 595 1664 quoniam
617 1583 768 1664 spiritalis
789 1592 837 1647 est
857 1587 956 1648 sossio
988 1583 1046 1649 liei
1066 1603 1166 1664 super
1189 1583 1328 1664 spiritali
1346 1584 1445 1660 sede,
1470 1585 1546 1646 simi·

444 1685 521 1748 liter
540 1686 635 1746 etiam
652 1683 780 1749 Christi.
804 1682 893 1746 Nihil
908 1685 992 1747 euim
1014 1687 1045 1746 in
1066 1685 1215 1750 omnihus
1229 1685 1424 1748 sessiooihua
1444 1684 1546 1766 hujus·

446 1785 530 1848 modi
547 1782 617 1860 net,
642 1785 692 1848 vel
710 1784 841 1862 Christi,
864 1785 904 1848 de
925 1788 1088 1868 corporali
1101 1789 1241 1851 sessione
1262 1787 1420 1866 significat
1437 1805 1544 1849 sermo.

446 1885 632 1950 Ridiculum
648 1888 732 1950 enim
754 1896 814 1964 est,
832 1895 968 1970 proptor
987 1890 1044 1952 has
1066 1889 1254 1969 corporales
1273 1890 1430 1952 sessiones
1450 1889 1547 1968 appel·

443 1988 525 2049 latas
546 1986 731 2052 existimare
748 1988 839 2051 sedeo
853 1989 981 2070 aliquas
994 1992 1211 2070 corporaliter
1223 2008 1293 2074 esse
1311 1989 1494 2053 aedificatas
1512 1989 1546 2052 do

445 2089 578 2150 materia
595 2088 701 2151 nescio
722 2107 800 2167 qua,
817 2088 981 2168 inquibus
1002 2091 1112 2152 sedeat
1127 2088 1227 2165 Deus,
1246 2090 1296 2152 rel
1308 2089 1458 2153 Christus
1471 2090 1544 2169 ejus,

446 2188 497 2251 rel
517 2188 572 2269 qui
589 2189 627 2250 od
650 2188 818 2252 dextoram
833 2189 904 2269 ejus
918 2193 1039 2254 sessori
1052 2199 1139 2264 sunt,
1157 2191 1208 2253 sel
1223 2191 1263 2253 ad
1278 2192 1464 2268 sinistram
1484 2191 1546 2271 qui

444 2287 503 2352 hus
525 2290 586 2351 hoc
599 2307 616 2350 a
631 2288 726 2352 Patre
748 2299 899 2369 puratum
913 2301 973 2355 est.
992 2290 1032 2354 iit
1046 2294 1153 2356 naacio
1167 2293 1194 2355 ai
1208 2295 1250 2355 sit
1263 2293 1451 2370 corporale,
1466 2292 1543 2372 quod

444 2388 575 2463 dicitur,
591 2390 736 2454 militiam
759 2392 841 2456 coeli
854 2400 942 2456 stare
961 2393 1002 2455 ad
1019 2390 1077 2456 Dei
1099 2393 1280 2468 dextoram,
1306 2394 1357 2455 rel
1377 2395 1542 2466 sinistram,

444 2490 611 2552 etiterum
631 2491 830 2568 existimare,
847 2494 999 2572 quoniam
1015 2495 1071 2572 qui
1084 2495 1256 2557 salvantur
1276 2494 1408 2573 quidem
1433 2506 1471 2558 et
1484 2494 1545 2556 lau·

445 2588 566 2654 dabilea
586 2597 683 2667 sunt,
705 2609 722 2654 a
745 2591 870 2656 dextris
890 2594 1117 2674 corporalibus
1135 2601 1211 2658 aunt
1231 2597 1317 2674 aegis
1337 2597 1442 2659 nostri
1460 2593 1542 2666 dean,

446 2690 522 2754 mali
543 2696 651 2754 autem
667 2701 699 2753 ot
713 2693 828 2773 perditi
851 2694 1000 2758 similiter
1013 2695 1045 2758 in
1066 2695 1202 2760 sinistris
1213 2696 1442 2775 corporalibus
1461 2703 1542 2760 etc.»

824 2893 936 2958 Hoetii
959 2893 1179 2975 Interpretotin
1230 2888 1235 2898 '

524 3099 711 3183 Anonymus
742 3115 841 3179 porro
862 3096 1090 3178 Transcriptor
1119 3097 1239 3162 eisdem
1258 3095 1541 3168 maciomanum,

443 3200 583 3280 plurima
604 3200 740 3264 adauxit
761 3201 940 3265 testimonia
955 3218 975 3262 a
990 3197 1186 3279 Scriptum,
1208 3217 1294 3279 quae
1313 3199 1430 3262 dmnnt
1450 3203 1480 3263 io
1499 3217 1544 3258 vo·

445 3300 505 3362 teri
527 3299 622 3363 latina
646 3300 937 3380 interpretatioue3
968 3307 1002 3362 et
1030 3300 1184 3362 nonnulla
1216 3302 1375 3374 mutarit,
1408 3317 1489 3380 quac
1507 3317 1542 3359 ox

445 3397 555 3464 lluatii
578 3402 737 3476 versione,
759 3401 884 3482 iudicio
904 3417 1033 3480 oppono
1053 3401 1206 3464 lactoris:
1229 3421 1247 3460 ιι
1269 3398 1396 3464 hcutus
1409 3400 1543 3479 Scriptu-

446 3517 503 3562 rae
524 3499 655 3563 auditor
682 3519 752 3564 esso
771 3501 830 3565 sihi
858 3501 967 3563 videns
987 3499 1128 3580 aliquis,
1159 3501 1312 3579 quidnam
1340 3501 1401 3564 sihi
1425 3500 1541 3571 selina

444 3599 566 3662 dextris
587 3598 690 3677 lesu,
717 3602 766 3664 rel
788 3617 805 3662 a
827 3601 962 3664 sinistris
983 3602 1014 3663 in
1036 3601 1135 3681 ipsius
1156 3617 1257 3680 regno
1276 3601 1391 3664 sedere
1412 3599 1542 3680 postola-

445 3698 500 3761 hit.
524 3700 571 3763 hc
592 3701 623 3762 iu
644 3719 758 3765 eorum
780 3702 911 3782 quidem
932 3703 1080 3780 gratiam,
1107 3701 1163 3782 qui
1186 3702 1266 3764 haec
1286 3703 1382 3764 anxio
1403 3700 1491 3762 nimis
1510 3715 1542 3758 ac

446 3799 607 3862 curiosea
629 3801 718 3864 nohis
739 3802 873 3881 disquiri
890 3809 1017 3882 putant,
1032 3801 1210 3882 colliganda
1225 3807 1313 3876 suut,
1328 3819 1414 3881 quae
1434 3802 1472 3862 de
1492 3797 1540 3861 liei

448 3899 499 3961 vel
521 3897 639 3964 Christi
659 3901 798 3966 sessione
818 3903 939 3982 scripta
960 3909 1072 3966 extant
1083 3921 1095 3980 3
1118 3909 1156 3965 ut
1175 3901 1215 3962 ab
1236 3919 1353 3964 eorum
1373 3903 1413 3966 ad
1434 3902 1463 3964 id
1484 3898 1543 3962 col·

445 4002 606 4064 lectorum
623 4003 769 4066 examine
784 4012 815 4066 et
837 4003 973 4067 invicem
988 4003 1230 4082 comparatione
1242 4021 1285 4066 ox
1297 4004 1466 4082 desumpto
1478 4002 1542 4063 sim·

448 4101 574 4180 pliciori
595 4104 745 4183 exemplo
775 4104 952 4168 sententiae
984 4104 1170 4184 magnitudo
1190 4103 1353 4167 elucescat
1364 4124 1376 4181 3
1404 4103 1497 4183 qualo
1514 4099 1541 4158 in

445 4201 556 4267 lartio
571 4203 696 4284 Regum
711 4204 868 4285 scriptum
884 4211 987 4278 extat,
1002 4204 1121 4268 dixisse
1142 4201 1345 4267 Michaeam:
1368 4201 1435 4266 Vidi
1455 4199 1540 4264 lituu

446 4301 546 4365 Israel
575 4303 727 4366 sedantem
747 4321 840 4382 super
860 4300 976 4365 solium
995 4319 1109 4376 ιιιιιιιι,ο
1133 4312 1163 4364 et
1181 4301 1284 4366 omnis
1305 4301 1460 4366 exercituo
1482 4296 1541 4377 ciat

447 4401 596 4468 maistans
627 4403 656 4467 ei
675 4425 697 4468 o
716 4403 852 4468 deuteria
872 4413 901 4466 at
925 4424 947 4466 u
966 4401 1119 4466 sinistris.
1146 4422 1162 4462 a
1194 4403 1276 4468 llinc
1306 4421 1441 4468 exorsus
1467 4398 1542 4461 Αῑῑθ·

448 4521 563 4588 aymus
583 4523 718 4587 graecus
734 4506 829 4587 plura
852 4513 884 4569 et
904 4505 944 4568 ad
966 4505 1149 4585 quindecim
1172 4507 1351 4572 testimonia
1370 4503 1540 4583 Scriptura·
