3375 5567
211 813 288 879 Com
302 823 408 877 tamen
419 811 569 894 Apostmi
582 814 722 894 pauidus
737 816 875 880 velimus
891 815 987 878 verba
1003 815 1252 896 expendereni

158 918 246 995 ipsius
264 923 418 980 contextu
441 916 569 978 ridetur
589 919 662 979 erui
683 935 787 995 posse,
806 927 970 1000 pmcmnm
988 918 1031 982 od
1049 928 1178 984 mortem
1195 917 1252 979 lm·

158 1018 216 1080 lteri
236 1018 464 1092 infidelitatem,
479 1035 544 1098 que
561 1019 659 1082 homo
679 1037 796 1099 negans
813 1017 933 1084 Filium
950 1018 1022 1096 llei,
1042 1019 1198 1083 abstrahit
1215 1023 1251 1082 sd

157 1122 247 1181 urite
268 1130 410 1196 aeterna,
426 1139 523 1200 quum
544 1121 748 1184 credentibus
765 1121 861 1184 donat
884 1119 992 1184 Deus:
1013 1117 1078 1196 Qui
1098 1119 1185 1184 lain
1199 1117 1253 1182 Fi·

157 1221 239 1292 liun,
259 1221 343 1283 ludet
367 1221 488 1284 vitem:
511 1221 653 1302 quinon
669 1223 755 1286 ludet
780 1220 921 1298 Filium,
943 1223 1043 1286 sitnm
1066 1239 1130 1284 nors
1154 1221 1251 1284 nosen

155 1319 233 1384 Hom
250 1319 352 1383 serico
372 1319 479 1397 nolis,
499 1331 535 1384 nt
548 1320 670 1394 sciatis,
683 1320 835 1404 qnoniam
849 1321 947 1388 silom
963 1321 1081 1386 doletis
1095 1332 1252 1386 mennon

153 1422 204 1501 qui
222 1423 347 1487 creditis
365 1423 402 1487 in
422 1423 548 1486 nomine
568 1423 651 1487 Filii
671 1422 740 1488 Dei.
755 1424 798 1488 Et
812 1429 855 1490 ob
872 1428 934 1491 hoc
950 1425 1069 1490 subdit:
1086 1425 1252 1488 credentes

156 1528 264 1592 scimus
274 1528 444 1608 petitiones
457 1538 583 1591 nostras
597 1539 746 1608 acceptus
759 1526 830 1593 lieo
842 1547 923 1592 esse.
945 1525 1149 1606 Proindeque
1166 1527 1252 1606 quis·

155 1629 219 1706 quis
245 1647 287 1691 ex
308 1629 456 1692 fidelibus
477 1630 611 1694 tratrem
639 1649 735 1694 suum
762 1631 872 1694 sidens
900 1638 1084 1710 peccantem
1113 1627 1252 1710 quodvis

155 1739 325 1808 peccatum,
349 1741 479 1810 praeter
498 1741 667 1812 peccatum
686 1733 728 1795 ad
748 1743 899 1808 mortem,
918 1751 935 1794 a
953 1729 1020 1795 lieo
1034 1731 1177 1812 postulet
1192 1719 1252 1810 pru

154 1849 210 1910 eo,
230 1842 261 1895 et
283 1832 437 1895 Dominus
457 1834 545 1896 dabit
564 1835 594 1896 oi
616 1836 761 1915 poscenti
789 1852 853 1896 oon
873 1832 912 1896 ad
942 1839 1103 1909 mortem,
1128 1835 1248 1894 vitame

154 1951 243 2013 quam
257 1935 355 1998 vitam
369 1935 467 1998 habel
477 1932 593 2010 Filius,
608 1946 747 2015 eamque
761 1935 860 1999 donst
874 1934 1079 1998 credentibus
1092 1937 1123 1997 in
1139 1951 1247 1996 summ

226 2033 403 2114 Propterea
424 2035 601 2110 concludit,
616 2037 817 2116 quicumque
831 2037 1015 2113 peccaverit
1029 2043 1197 2114 peccatum
1212 2033 1252 2096 sd

156 2146 296 2211 mortem,
314 2137 393 2199 idest
409 2155 471 2200 non
487 2136 659 2199 crediderit
675 2137 705 2198 io
723 2136 841 2199 Filium
861 2135 931 2212 Dei,
946 2137 1002 2218 qui
1019 2137 1115 2199 babet
1131 2137 1228 2197 sitam
1238 2155 1249 2213 3

153 2254 238 2298 nemo
259 2255 321 2316 pro
342 2255 382 2299 eo
403 2237 550 2316 rogabit,
573 2238 751 2317 irritosque
777 2239 937 2303 habentur
960 2238 1151 2317 postulantis
1179 2252 1253 2299 ora·

153 2340 246 2401 tiones
267 2357 327 2417 pro
348 2357 398 2402 eo.
422 2337 500 2414 Qui,
515 2357 589 2403 cum
606 2357 668 2402 noo
681 2338 885 2414 confiteatur,
902 2339 1066 2403 Christum
1084 2341 1207 2402 venisse
1221 2340 1253 2399 iu

154 2457 297 2516 carnem,
320 2440 531 2503 mediatorem
552 2449 584 2503 et
603 2441 798 2504 advocatum
819 2449 965 2503 nostrum
988 2439 1073 2520 apud
1097 2439 1250 2514 Patrem,

152 2561 188 2604 ex
208 2540 274 2604 ileo
294 2561 360 2605 uon
384 2550 455 2619 est;
476 2550 510 2604 et
531 2544 578 2604 sic
598 2544 782 2620 postulator
809 2542 912 2606 tidelis
934 2543 1055 2606 irustra
1085 2545 1165 2621 petit
1189 2560 1250 2621 pro

152 2636 225 2722 ipso,
248 2639 305 2716 qui
325 2636 490 2714 iudignum
510 2655 546 2698 se
567 2636 645 2698 iacit
666 2637 755 2698 senia
776 2636 818 2698 ob
840 2645 1007 2716 peecatum
1037 2636 1075 2698 ad
1103 2644 1251 2700 mortem.

154 2727 210 2792 Pro
231 2751 299 2810 quo
320 2739 475 2808 peccato,
497 2730 575 2793 dicit
594 2728 757 2804 Joauues,
780 2749 874 2794 nemu
896 2732 1022 2811 precari
1049 2730 1169 2794 debet:
1195 2731 1251 2810 qul

153 2834 228 2894 euim
250 2851 313 2894 non
336 2832 451 2906 credit,
469 2831 537 2912 joun
556 2830 721 2913 judicatus
741 2840 812 2894 est.·

223 2933 380 3013 Origenes
403 2946 498 3013 p'orro
520 2932 551 2995 in
574 2934 656 2995 hauc
678 2932 824 3012 Apostoli
845 2931 960 3010 cedens
985 2933 1154 3012 regulum,
1178 2950 1254 2995 nnn

155 3034 255 3098 nullus
275 3037 419 3115 increpat
440 3035 622 3098 secerdotes
644 3036 769 3113 ignaros
792 3034 957 3114 potestatis
976 3051 1073 3107 suae,
1092 3034 1251 3114 jactantes

154 3153 185 3196 se
204 3155 295 3216 posse
317 3155 375 3216 per
387 3155 498 3216 preces
511 3154 599 3210 suas,
614 3138 709 3198 sicuti
723 3135 940 3210 idololatriae,
956 3135 1122 3212 adulterii,
1139 3146 1171 3198 et
1186 3136 1252 3199 ior-

152 3240 313 3301 nicatiouis
334 3239 515 3302 condonant
536 3247 658 3312 reatus,
681 3241 749 3318 pari
772 3237 897 3299 ratione
915 3238 1012 3299 etiam
1028 3245 1195 3316 peceatum
1212 3237 1250 3298 sd

152 3349 295 3415 mortem,
319 3339 399 3402 idest
414 3339 634 3402 infidelitatem
649 3339 815 3400 remittere
836 3339 867 3398 in
883 3337 1065 3400 hominibus
1074 3356 1086 3415 3
1100 3355 1173 3400 cum
1191 3338 1251 3398 hoc

153 3437 231 3500 haud
247 3441 381 3502 illorum
404 3442 600 3518 pertingeret
615 3440 769 3504 cretionis
784 3441 900 3516 virtus,
917 3439 1035 3518 quippe
1051 3440 1173 3514 gratiae
1188 3437 1255 3500 tlu-

152 3547 281 3614 cturem,
305 3549 472 3620 peccantes
492 3540 532 3600 ad
556 3548 692 3602 mortem
714 3548 880 3618 negarent,
902 3557 940 3602 ac
965 3537 1173 3600 mediatorem
1200 3536 1254 3601 le·

150 3657 215 3702 sum
237 3641 403 3706 Christum
425 3637 544 3703 Filium
566 3638 647 3714 liei,
670 3642 725 3720 qui
749 3649 799 3702 est
828 3658 924 3702 serus
948 3639 1034 3702 Deus
1063 3647 1095 3702 et
1118 3640 1180 3702 sita
1203 3655 1256 3700 ae·

153 3749 260 3804 terno:
284 3762 343 3806 nec
364 3743 436 3806 iden
458 3744 517 3822 ipsi
541 3744 623 3804 sitae
644 3743 732 3804 illius
757 3745 1056 3820 communicarent,
1081 3759 1185 3820 neque
1206 3759 1256 3802 sa·

151 3845 317 3906 cerdotnm
338 3847 484 3906 oratione
506 3835 610 3923 n'equc
628 3845 747 3905 virtute
762 3843 960 3905 fruerentur.
979 3840 1189 3923 Quapropter
1205 3860 1256 3904 re-

150 3943 212 4008 late
232 3946 270 4006 od
293 3947 473 4009 orationem
493 3964 594 4026 super
622 3947 840 4023 poenitentes,
862 3945 901 4008 de
922 3962 985 4025 qua
1008 3946 1053 4006 ait
1078 3943 1253 4023 Apostolus

151 4055 180 4106 et
198 4047 432 4126 interpretatur
451 4045 619 4126 Origenes,
641 4047 731 4108 nobis
754 4045 830 4108 lacit
850 4043 964 4108 iacobi
988 4045 1204 4110 testimonium
1223 4047 1255 4104 iu

151 4142 291 4225 Epistola
312 4167 342 4211 c.
358 4145 396 4209 V.
414 4146 462 4214 lt.
479 4147 639 4211 doceatis:
657 4146 840 4226 infirmatur
859 4144 982 4226 quirin
1005 4141 1256 4208 oodisPindneot

145 4249 333 4327 presbyteros
356 4247 526 4323 Ecclesiae,
547 4257 575 4309 ct
592 4258 681 4310 orent
704 4267 796 4327 super
818 4265 887 4308 eum
897 4293 909 4323 ,
931 4259 1079 4328 ungentes
1100 4266 1170 4310 cum
1191 4245 1257 4306 otoo

151 4344 325 4414 innomine
349 4349 496 4413 Domini:
513 4361 541 4412 et
560 4349 661 4411 oratio
681 4348 756 4430 fidei
776 4347 912 4412 sulcabit
932 4347 1109 4428 infirmum,
1132 4357 1160 4409 ct
1180 4347 1257 4408 clle-

151 4446 241 4512 oiodit
256 4471 324 4515 sum
338 4450 511 4513 Dominus:
526 4448 596 4512 etsi
616 4449 651 4511 in
668 4449 805 4530 peccetis
825 4449 882 4524 sit,
903 4449 1098 4512 remittentur
1119 4447 1155 4510 si.
1177 4445 1258 4512 Gon·

149 4548 277 4624 fitnmni
294 4553 482 4618 alterutrum
502 4560 629 4631 peceato
648 4559 915 4627 vestimentorum
934 4567 993 4630 pro
1014 4547 1146 4612 invicem
1168 4556 1254 4612 stc.»
