3375 5567
410 802 564 884 quomodo
575 800 687 866 eccidit
699 800 738 863 dr
750 796 833 885 coeto
847 794 1042 877 docilemque
1056 812 1147 859 mcor
1158 790 1318 857 oriebatur
1330 790 1347 858 i
1361 789 1432 857 Hoc
1445 802 1521 873 ergo

410 903 469 967 tali
488 920 568 967 casn
583 910 683 983 negat
704 899 857 965 cecidisse
879 898 991 963 lsrael.
1013 895 1138 963 florum
1160 896 1244 959 enim
1267 893 1320 957 vel
1341 894 1373 957 io
1394 892 1457 957 doe
1476 910 1523 957 se·

412 1004 481 1077 cuii
499 1004 671 1067 conversio
691 1002 754 1064 erit
778 1008 855 1065 tune
875 1017 949 1063 cum
964 997 1132 1079 plenitudo
1153 996 1296 1076 gentium
1321 994 1522 1059 subintrare·

413 1104 456 1166 rit
463 1124 475 1183 ς
498 1112 531 1166 et
550 1104 655 1166 omnis
677 1101 779 1164 lsrael
798 1099 910 1163 salsus
932 1098 995 1161 det.
1014 1094 1110 1161 lilino
1130 1094 1471 1176 oeconomumque·
1489 1095 1525 1159 de

411 1205 494 1267 coeio
513 1203 659 1269 cecidisse
679 1203 820 1276 dieitur,
852 1219 908 1263 nec
927 1199 964 1261 in
983 1200 1046 1279 fine
1066 1196 1165 1261 secuti
1184 1198 1255 1261 utto
1274 1196 1335 1260 crit
1354 1194 1524 1259 conversio.

413 1305 502 1382 idest
522 1323 689 1386 nunqnam
710 1305 750 1367 ad
774 1302 948 1367 Dominum
969 1308 1194 1375 convertetur,
1213 1300 1314 1363 vetuti
1336 1299 1436 1380 paulo
1457 1304 1526 1380 post

414 1407 557 1486 explicet
576 1407 690 1470 cadem
714 1405 925 1485 vernansque
945 1404 989 1465 cd
1012 1400 1312 1481 consummationem
1326 1399 1438 1477 secuti,
1453 1410 1528 1481 qun*

414 1509 443 1571 ri
457 1507 591 1571 dixisset
601 1524 720 1588 semper
732 1516 762 1568 ct
775 1505 844 1569 sine
855 1507 928 1587 fine.
945 1504 1034 1569 Unde
1048 1504 1268 1577 concluditur,
1281 1500 1455 1583 Origencm
1472 1504 1529 1585 hu·

409 1609 553 1689 jusmodi
575 1608 795 1674 locutionibus
809 1609 935 1689 penitus
959 1607 1043 1669 veile
1063 1605 1308 1669 adoemonibus
1328 1613 1392 1666 eta
1415 1620 1527 1684 repro·

417 1710 465 1773 bis
478 1720 551 1790 post
568 1710 729 1791 indicium
750 1710 974 1782 novimum,
990 1725 1117 1771 omnnem
1133 1708 1259 1787 penitus
1273 1706 1418 1768 adimere
1440 1722 1528 1785 apem

413 1812 483 1875 sive
504 1813 731 1891 poenitentiae,
753 1811 823 1873 siva
835 1810 877 1871 ad
892 1810 1012 1872 bonum
1030 1810 1285 1872 restaurationis.
1308 1806 1350 1871 Et
1365 1808 1427 1869 hoc
1442 1809 1528 1870 insu·

416 1913 565 1993 perdicit
580 1912 722 1975 Romilia
737 1910 777 1975 X.
800 1910 838 1973 in
852 1906 1042 2001 Excedictem
1057 1928 1087 1972 u.
1101 1904 1131 1973 1.
1148 1930 1189 1973 ax
1206 1910 1312 1972 verbis
1325 1906 1432 1987 accipe
1443 1906 1531 1988 ipro·

329 1998 334 2009 ’
416 2012 551 2077 minium
571 2006 673 2089 tuom,
696 2014 752 2077 ubi
766 2008 900 2075 scribite
924 2033 941 2071 n
962 2010 1005 2075 Et
1023 2012 1103 2075 hacc
1122 2011 1209 2088 dicos
1225 2018 1263 2074 ut
1284 2008 1529 2092 profundiorem

363 2162 366 2167 .
417 2115 560 2194 aliquem
581 2132 711 2177 sensnm
732 2115 773 2177 de
796 2113 910 2176 iutura
924 2114 1171 2177 inhonoratione
1192 2114 1407 2193 interponam.
1425 2108 1468 2175 tn
1488 2110 1529 2173 ibi

415 2217 536 2297 quippe
548 2216 611 2278 crit
624 2215 734 2295 ulique
756 2215 927 2295 ignominia
950 2216 1015 2291 his,
1030 2216 1087 2296 qui
1106 2215 1238 2295 dignum
1254 2232 1336 2296 opus
1358 2215 1531 2296 ignominia

416 2316 587 2396 iecerunt3
609 2315 769 2397 siquidem
789 2326 955 2397 resurgent
973 2316 1034 2381 otii
1052 2315 1091 2379 in
1110 2315 1209 2380 oitom
1230 2325 1403 2394 murnum,
1425 2324 1456 2378 et
1474 2310 1533 2377 otii

414 2414 451 2478 in
469 2414 674 2497 opprobrium
693 2418 947 2498 etooosanonem
968 2428 1138 2482 octonum.
1163 2416 1248 2495 Quid
1270 2425 1380 2483 nutem
1402 2424 1453 2480 est
1473 2417 1534 2479 hoc

415 2517 505 2581 aliud
528 2522 586 2585 aiei
601 2536 737 2602 poenam
752 2519 903 2585 infamiae
922 2518 1111 2584 sustinone?
1125 2518 1211 2583 Dum
1225 2538 1305 2600 ergo
1321 2520 1432 2581 adhuc
1455 2518 1531 2580 licet

415 2618 519 2696 nobis,
536 2618 691 2684 debemus
712 2622 957 2684 minorationem
980 2628 1123 2683 nostram
1139 2627 1200 2684 etc.
1218 2640 1235 2679 s
1257 2620 1299 2685 Et
1313 2622 1360 2683 sic
1374 2618 1533 2698 Origenes

416 2714 527 2782 iideles
547 2720 702 2784 hortatur
716 2721 756 2783 ad
771 2721 990 2795 contusiones,
1010 2720 1197 2801 ignominias
1213 2724 1244 2783 in
1266 2723 1328 2784 hnc
1341 2720 1456 2784 seculo
1479 2734 1532 2799 pa·

419 2818 536 2882 tienter
553 2820 767 2895 sustinendas,
792 2830 829 2885 ut
850 2822 1198 2899 inde'nniserioordiam
1221 2822 1279 2886 Dei
1290 2827 1535 2902 consequantur

417 2920 449 2982 in
469 2920 583 2983 seculo
605 2921 738 3002 intur03
761 2942 836 2986 cum
858 2914 951 2988 secus
972 2924 1169 3004 impossibile
1190 2925 1253 2999 sit,
1275 2922 1395 3004 lapidei
1426 2921 1534 2986 cordis

419 3020 585 3102 aliquem,
607 3032 641 3086 et
661 3024 788 3103 penitus
815 3042 877 3087 non
898 3026 1085 3087 sentientem
1106 3024 1261 3088 delictum
1282 3042 1379 3086 suum
1410 3032 1445 3087 et
1465 3028 1537 3085 ante

421 3123 553 3194 vultum
575 3121 633 3187 Dei
654 3125 881 3204 omnipotentis
905 3126 1158 3206 superbientem,
1183 3112 1438 3189 misericordiam
1465 3142 1538 3190 con·

421 3224 526 3301 scuni.
551 3222 675 3287 Deinde
699 3242 802 3306 prope
825 3224 921 3288 duem
946 3222 1108 3290 Humiliae
1128 3226 1238 3290 addit:
1266 3225 1434 3290 «idcireo
1462 3226 1538 3306 qnia

420 3325 592 3403 ignominie
613 3334 647 3389 et
667 3326 816 3390 contusio
836 3336 968 3391 aeterna
988 3328 1079 3390 nobis
1102 3328 1241 3409 reposita
1263 3334 1323 3403 est,
1345 3330 1371 3393 si
1384 3344 1540 3410 peccare-

424 3426 542 3502 rimus‚
563 3426 650 3489 omui
670 3428 770 3491 corde
790 3446 965 3510 precemur
985 3426 1103 3505 Deum,
1126 3437 1165 3493 ut
1183 3431 1238 3494 det
1259 3430 1350 3493 nohis
1370 3448 1480 3511 usque
1500 3428 1539 3491 ad

423 3523 520 3589 hem
533 3534 567 3589 ct
580 3528 676 3591 animi
696 3533 731 3591 ct
744 3529 891 3610 corporis
905 3530 1010 3594 nisum
1026 3546 1086 3611 pro
1099 3530 1237 3593 veritate
1251 3529 1487 3595 contendere...
1502 3546 1542 3592 ne

423 3624 541 3694 domus
553 3635 664 3691 nostra
679 3619 711 3691 iu
725 3630 1004 3713 hyeme-corruat,
1026 3638 1066 3693 ne
1083 3628 1265 3694 aedificatio
1279 3633 1372 3712 quasi
1389 3631 1422 3693 in
1442 3646 1540 3696 arena

421 3736 608 3792 constructa
626 3732 869 3812 tempestatibus
890 3733 1075 3814 dissipetur.
1087 3752 1104 3793 a
1118 3732 1239 3814 Aperte
1251 3736 1283 3797 iu
1299 3734 1348 3797 his
1366 3734 1539 3814 siguificat,

421 3828 551 3892 nulium
572 3831 787 3910 poenitentiae
807 3833 918 3897 locum
934 3834 1005 3898 iore
1025 3842 1262 3916 postmortem,
1285 3852 1344 3897 nec
1362 3833 1541 3916 aliquando

423 3927 468 3989 ab
486 3928 658 4007 ignominia
679 3941 713 3995 et
732 3933 922 3999 contusione
942 3950 1112 4011 evasuros,
1133 3936 1190 4015 qni
1211 3949 1230 3997 a
1251 3932 1321 3999 Deo
1335 3933 1541 4012 deiecerunt,

427 4045 468 4090 ac
487 4029 519 4092 in
540 4033 680 4111 pcccatis
698 4036 824 4098 mortui
843 4042 931 4098 sunt.

504 4130 586 4195 Item
612 4132 754 4214 Origene
778 4153 854 4198 cnm
879 4132 1081 4201 Heracleoue
1110 4138 1321 4204 contendente
1350 4140 1390 4204 de
1420 4138 1544 4205 Christi

428 4230 535 4297 verbis
553 4233 591 4296 ic
608 4230 763 4298 Jocnoem
780 4230 884 4301 Tamo
898 4236 970 4302 XX.
985 4236 1061 4305 te:
1081 4256 1136 4304 ooo
1154 4258 1195 4305 cc
1204 4251 1298 4323 petre
1309 4238 1434 4305 diodoto
1455 4240 1526 4304 estis
1535 4260 1546 4319 3

424 4332 627 4398 occiente
642 4335 749 4417 patrie
766 4338 864 4402 metri
882 4339 981 4403 uultis
1000 4344 1115 4422 succe,
1138 4349 1281 4427 aterque
1301 4344 1333 4408 in
1353 4342 1415 4408 hec
1442 4364 1544 4426 quac·

354 4441 358 4447 ’
390 4434 393 4437 ’
426 4434 567 4498 stiones
589 4436 746 4502 doemone
773 4439 888 4503 eximit
908 4448 940 4503 et
961 4443 1174 4521 poeniteutiae
1199 4442 1309 4509 locum
1331 4462 1370 4510 ac
1390 4464 1484 4527 spem
1512 4445 1543 4508 in

423 4534 597 4613 pristinum
611 4535 763 4605 decorem
776 4558 812 4606 so
832 4544 1052 4608 convertenti.
1078 4538 1126 4608 De
1140 4562 1180 4611 eo
1193 4546 1279 4612 enim
1296 4546 1342 4613 ait
1354 4544 1537 4628 0r1genes:
