3375 5567
449 855 453 868 .
531 806 686 886 Ceterum
706 807 856 888 origenis
879 808 1097 871 testimoninm
1123 806 1162 869 de
1187 805 1415 871 insolubilitate
1436 805 1541 870 vinculi

452 909 625 990 nuptialis,
648 909 735 990 quod
758 909 825 988 ipse
845 927 864 971 a
886 907 1007 973 Christi
1034 908 1139 972 vorbis
1164 907 1296 988 didicit3
1319 915 1350 970 et
1415 907 1542 970 traditio·

452 1027 490 1072 ne
511 1009 688 1090 apostoliea
704 1008 852 1085 deduxit,
869 1016 902 1071 et
924 1009 1046 1090 ubique
1067 1008 1280 1073 ecelesiarum
1296 1009 1327 1070 in
1345 1011 1436 1086 praxi
1452 1007 1542 1069 liema-

452 1117 521 1171 tnm
542 1110 685 1190 reperit,
712 1116 836 1171 tantum
864 1107 1012 1188 proficiet
1033 1111 1065 1172 in
1087 1110 1147 1172 bac
1171 1110 1381 1188 quaestione,
1404 1117 1542 1188 quantun

450 1211 516 1273 lata
537 1211 637 1290 ipsius
657 1209 808 1288 Origenis
828 1210 968 1289 proiecit
999 1211 1140 1290 cognitio
1171 1219 1205 1272 et
1232 1217 1385 1273 accurate
1405 1210 1542 1289 aequbita

451 1310 492 1371 ab
512 1310 661 1374 omnibus
682 1310 837 1386 ecclesiia,
860 1328 942 1391 ques
964 1311 1092 1375 invisit:
1109 1320 1141 1373 et
1162 1311 1193 1372 in
1215 1309 1333 1390 quibus
1357 1310 1418 1372 buc
1435 1307 1544 1372 Domini

452 1412 638 1474 mandatum
660 1411 818 1486 invaluit,
842 1411 992 1492 religiose
1013 1411 1212 1476 custoditum
1234 1429 1251 1472 a
1276 1409 1435 1474 tidelibns.
1457 1407 1546 1473 Nemo

451 1514 534 1576 enim
557 1513 695 1591 ignorat,
718 1521 798 1592 quot
818 1513 1001 1592 provincias
1022 1513 1219 1594 peragravit,
1243 1517 1324 1592 quot
1346 1511 1492 1575 ecelesias
1510 1512 1545 1572 ri

451 1615 573 1678 sitavit.
594 1611 644 1676 ab
666 1612 815 1695 Aegypto
839 1613 1028 1693 proiectus,
1051 1613 1130 1677 adiit
1154 1613 1322 1689 Arabiam,
1347 1613 1432 1675 seuit
1451 1613 1481 1673 iu
1500 1610 1546 1673 l’a·

450 1715 638 1788 laestinam,
660 1714 734 1778 inde
754 1715 788 1776 in
806 1713 1043 1794 Cappadociam
1065 1713 1104 1776 ad
1127 1713 1301 1794 Acbujaru5
1325 1715 1546 1794 cumprimum

453 1814 632 1880 Romanam
655 1813 832 1880 Ecclesiam
849 1813 1003 1876 inviserat
1021 1822 1174 1892 tanquam
1189 1813 1403 1878 ecclesiarum
1418 1811 1547 1875 vetustis·

451 1915 576 1978 simam.
600 1912 647 1978 bc
669 1915 812 1992 undique
832 1912 907 1976 tidei
928 1912 1125 1992 apostolicae
1147 1913 1329 1994 depositum
1352 1913 1546 1994 investigans,

452 2033 566 2079 earum
587 2015 801 2080 ecclesiarum
820 2013 1020 2092 disciplinam
1044 2013 1085 2074 de
1105 2013 1360 2077 christianorum
1381 2014 1494 2092 nuptiis
1512 2020 1549 2076 ta

443 2117 516 2180 lem
536 2116 707 2196 comperit,
731 2122 767 2176 ot
787 2113 953 2193 (exceptis
975 2114 1138 2176 nonnullis
1160 2115 1343 2194 episcopis,
1368 2131 1450 2194 quus
1469 2121 1547 2176 antea

453 2225 565 2283 contra
581 2215 708 2280 Domini
722 2222 945 2297 praeceptum,
967 2214 1160 2295 quibusdam
1177 2215 1374 2280 mulieribus
1388 2215 1547 2279 disortium

451 2320 635 2401 permisisse
654 2318 752 2393 dicit)
774 2333 884 2380 omnes
907 2334 972 2378 uno
994 2334 1052 2379 ore
1074 2317 1232 2380 adsersus
1255 2316 1373 2396 Legem
1396 2317 1548 2381 mosaicam

450 2430 484 2485 et
503 2419 671 2500 gentilium
689 2419 788 2500 jura,
815 2417 1048 2496 profiterentur
1077 2418 1225 2498 conjugii·
1250 2419 1419 2482 christiani
1447 2417 1549 2479 insutu

452 2521 624 2583 bilitntem.
645 2517 740 2594 Quod
764 2517 895 2597 quidem
919 2518 950 2580 iu
974 2515 1116 2582 Ecclesia
1140 2517 1341 2580 Occidentali
1366 2525 1451 2597 patet
1467 2515 1550 2578 fideli

453 2629 503 2683 ter
517 2628 701 2698 acceptum,
714 2637 752 2684 ac
765 2618 881 2680 sedulo
897 2618 1094 2682 custoditum
1111 2619 1282 2698 bucusque
1300 2627 1460 2699 perpetuu
1479 2631 1549 2681 man

451 2738 541 2784 sisse.

533 2820 723 2902 Propterea,
738 2822 821 2884 sicut
837 2820 869 2881 in
891 2821 1007 2883 ceteris
1030 2819 1295 2895 institutionibus,
1318 2818 1467 2900 Origenis
1486 2817 1549 2882 scri·

451 2930 505 3003 pta
521 2939 641 2992 nexum
657 2924 842 3002 primaevae
859 2921 1038 2984 traditionis
1060 2920 1299 2982 ecclesiasticae
1314 2938 1393 2985 curn
1415 2939 1463 2995 ea,
1480 2935 1547 2998 quae

451 3028 524 3103 post
543 3041 619 3086 enm
641 3023 750 3085 adbuc
771 3029 889 3095 monet,
905 3029 1060 3098 serrant3
1078 3021 1123 3081 ito
1144 3023 1242 3084 etiam
1265 3020 1295 3082 in
1319 3023 1381 3086 bac
1403 3029 1490 3102 parte
1508 3037 1548 3081 re·

454 3129 561 3186 tustae
580 3122 766 3200 disciplinae
786 3122 826 3184 de
849 3121 993 3192 fidelium
1015 3120 1133 3200 nuptiis
1156 3120 1386 3184 manifestatur
1406 3121 1483 3184 ordo
1490 3140 1501 3199 3
1518 3135 1548 3178 ac

454 3242 517 3288 uua
534 3223 721 3304 posterioris
736 3223 807 3286 aeri
819 3223 927 3286 elucet
942 3240 1132 3295 consensus,
1148 3239 1246 3300 quem
1262 3220 1421 3300 Origenes
1437 3224 1497 3302 ipss
1510 3219 1547 3280 lu·

453 3324 603 3388 eulenter
620 3321 770 3395 ostendit,
796 3321 934 3384 tirmiter
958 3323 1123 3399 protessus
1138 3330 1204 3398 est3
1220 3339 1257 3384 ac
1273 3338 1332 3398 per
1354 3339 1433 3384 snos
1454 3322 1545 3388 libros,

455 3442 494 3488 ne
514 3432 746 3503 rumperetur,
769 3423 954 3484 connexuit.
980 3420 1026 3484 lie
1048 3422 1194 3501 reliquo,
1215 3423 1242 3483 si
1265 3422 1295 3483 in
1318 3424 1481 3500 primaeva
1503 3419 1546 3482 lie·

453 3526 564 3599 clesia,
587 3541 653 3587 nno
674 3524 714 3587 de
734 3522 925 3604 conjugibus
949 3522 1125 3596 defuncto,
1150 3524 1204 3584 vin
1226 3523 1494 3601 permittebantur
1510 3539 1546 3582 se

452 3625 577 3689 cundae
597 3625 742 3704 nuptiae,
760 3632 797 3688 ut
812 3624 881 3688 lere
902 3623 1104 3686 adulterinae
1121 3630 1329 3698 vocarentur,
1353 3623 1430 3703 quid
1454 3631 1546 3702 putan-

453 3724 531 3788 dum
552 3725 615 3787 erit
635 3723 676 3787 de
695 3725 860 3801 divortio,
881 3732 939 3786 aut
960 3724 999 3785 do
1020 3722 1169 3786 secundis
1191 3723 1333 3803 nuptiis,
1361 3743 1437 3786 curn
1458 3723 1546 3784 adbuc

456 3826 581 3887 vireret
600 3843 685 3888 uuus
705 3824 746 3887 de
766 3823 959 3904 conjugibus
972 3823 1033 3886 sub
1054 3829 1224 3902 praetextu
1246 3822 1389 3901 quodam
1404 3821 1547 3888 adulterii,

454 3932 512 3988 aut
532 3923 702 4004 enjusdam
724 3924 832 4003 gravis
854 3924 970 4004 eulpae
983 3921 1000 3986 'i

574 4022 802 4086 Nihilominus·
820 4031 858 4088 nt
879 4026 976 4104 magis
999 4030 1143 4096 constet,
1165 4031 1287 4103 quanto
1305 4025 1382 4104 iuro
1414 4023 1548 4103 Origenes

455 4123 596 4204 conjugii
617 4123 783 4186 christiani
805 4126 908 4187 tenuit
930 4122 1207 4193 insolubilitatem,
1223 4125 1357 4202 quippe,
1377 4133 1412 4186 nt
1428 4124 1488 4201 ipse
1501 4121 1546 4188 ait,
1604 4123 1605 4132 ³

455 4222 528 4286 talis
548 4222 763 4284 insolubilitas
783 4226 825 4285 sit
843 4223 1014 4284 secondum
1034 4239 1140 4285 oerum
1156 4221 1338 4301 iristitiam
1359 4233 1391 4284 et
1410 4221 1547 4284 mosaicus

456 4320 599 4384 Libellus
619 4323 659 4384 de
686 4322 822 4403 repudio
847 4303 1020 4384 sociandum
1045 4321 1262 4402 infirmitatem
1288 4321 1503 4384 hebraeorum:
1521 4324 1545 4377 ιι
1604 4331 1605 4384 ι

455 4432 493 4484 ut
513 4423 723 4502 dignoscatur
735 4441 868 4503 quoquc
885 4433 947 4484 tam
966 4421 1085 4503 Moysis
1104 4432 1263 4486 statutum
1282 4433 1345 4486 tam
1362 4437 1544 4503 graecorum·
1604 4415 1605 4424 ἶ

459 4532 522 4585 tarn
545 4541 756 4620 romanorum
785 4524 859 4603 jura
883 4524 922 4587 do
944 4524 1082 4602 nuptiis,
1114 4524 1346 4588 inconsiderata
1368 4525 1398 4584 in
1422 4517 1542 4584 Ecclesia
