3375 5567
460 806 637 883 transtulit,
660 812 736 872 satis
757 811 847 873 clare
863 819 1005 893 exponat
1020 814 1175 877 Auctoris
1193 832 1322 878 sensum
1342 815 1382 878 de
1403 817 1550 881 irrevoca-

420 909 422 912 ’
458 907 514 968 bili
536 908 732 971 doemonum
751 913 1004 991 reprobatione,
1027 916 1223 997 praemisso,
1245 916 1332 996 quod
1355 924 1387 981 et
1405 922 1549 983 sermonis

457 1026 562 1071 nexus
588 1010 753 1088 postulat,
776 1012 950 1077 doemones
976 1015 1153 1095 aliquando
1177 1014 1257 1079 idest
1277 1035 1296 1079 a
1316 1036 1375 1081 sua
1401 1021 1549 1083 creatione

457 1111 532 1184 inec
553 1120 659 1173 tamen
680 1111 798 1192 modo)
818 1115 849 1177 in
863 1134 924 1178 suo
943 1116 1020 1197 iure
1043 1116 1140 1180 luisse
1161 1118 1247 1180 circa
1268 1117 1391 1182 boniet
1404 1120 1478 1182 mali
1496 1121 1552 1183 ele-

455 1212 605 1274 ctionem.
621 1210 664 1275 lit
683 1223 858 1294 propterea
879 1216 960 1278 nibil
980 1216 1159 1281 canendum
1181 1224 1242 1293 est,
1257 1225 1294 1281 ut
1315 1227 1471 1300 putarunt
1485 1219 1549 1284 lidi·

457 1320 544 1375 tores
567 1311 721 1376 Manrini.

533 1412 641 1479 Tertia
662 1417 792 1480 demum
813 1420 982 1495 sententia,
1003 1438 1089 1502 quae
1109 1421 1157 1484 nti
1178 1424 1352 1502 opinantur
1372 1422 1551 1499 adversarii,

455 1516 547 1578 nobis
570 1518 709 1580 contrait
733 1520 764 1581 iu
784 1518 933 1600 Origenis
957 1522 1081 1598 tutela,
1102 1522 1143 1583 ab
1163 1522 1279 1586 codem
1300 1520 1490 1585 Periurcbou
1509 1522 1551 1584 Li·

456 1617 517 1679 bro
534 1618 560 1680 l.
577 1637 604 1682 c.
622 1618 678 1681 vt.
699 1617 731 1683 3.
752 1624 902 1701 eruitur3
918 1642 1016 1703 quum
1037 1642 1113 1687 sane
1136 1614 1301 1687 latendum
1324 1632 1391 1701 est,
1414 1624 1552 1688 eumdem

454 1721 602 1781 contueri
625 1722 817 1798 terminum,
840 1742 937 1803 quern
960 1725 1082 1788 alterae
1112 1744 1219 1806 nuper
1238 1744 1399 1806 expensae
1425 1725 1553 1789 intende·

455 1828 542 1883 ruat.
568 1820 643 1902 Agit
662 1825 746 1885 euim
766 1824 809 1885 ibi
833 1824 1045 1889 Adamantius
1067 1827 1106 1889 de
1129 1827 1297 1907 agonibus,
1314 1844 1395 1906 quos
1417 1843 1552 1889 nuscum

455 1924 667 2001 potestatibus
689 1928 897 1989 tenebrarum
919 1946 1099 2008 pugnamus
1114 1929 1146 1989 iu
1162 1928 1222 1990 boe
1245 1928 1377 2001 mundo,
1394 1936 1554 2007 postquam

455 2026 543 2103 ipsae
563 2044 581 2088 e
602 2027 696 2089 coelo
717 2028 867 2109 delapsae
888 2029 918 2090 in
942 2038 1062 2091 tautam
1084 2029 1303 2109 indignitatem
1323 2047 1357 2091 se
1385 2029 1553 2103 dederuut,

455 2135 494 2188 ut
515 2144 576 2188 uon
596 2128 704 2190 solum
727 2130 813 2192 baud
835 2130 1011 2193 eruditioni
1033 2130 1277 2211 participarint,
1299 2146 1363 2209 qua
1386 2129 1554 2193 humanum

456 2247 556 2308 genus
577 2232 761 2307 instruitur,
778 2232 954 2312 spirituum
975 2234 1185 2308 coelestium,
1208 2233 1262 2295 sed
1286 2240 1318 2295 et
1339 2232 1428 2311 ipsae
1448 2250 1465 2294 e
1491 2249 1557 2295 con·

455 2339 504 2391 tra
527 2330 631 2395 eidem
652 2332 759 2411 generi
783 2336 936 2409 humano,
960 2335 1047 2413 quod
1069 2334 1231 2410 eruditur,
1255 2336 1422 2397 resistunt:
1445 2331 1557 2397 «Unde

453 2439 486 2493 et
507 2450 639 2512 agones,
658 2436 775 2514 iuquit,
799 2436 956 2514 quosdam
978 2443 1078 2516 atque
1098 2434 1273 2497 certamino
1293 2435 1394 2497 omnis
1418 2435 1496 2497 baec
1509 2434 1557 2495 ba·

456 2530 510 2593 bet
533 2534 598 2595 vita
620 2536 820 2612 mortalium,
844 2536 1079 2599 reluctantibus
1107 2537 1229 2599 scilicet
1249 2544 1281 2599 et
1313 2536 1558 2616 repugnantibus

455 2632 611 2696 adsersus
631 2653 689 2697 uos
709 2636 771 2711 bis,
786 2637 841 2715 qni
856 2636 923 2699 sine
945 2637 1015 2699 ullo
1032 2646 1194 2717 respectu,
1209 2637 1249 2699 de
1262 2645 1348 2700 statu
1372 2636 1498 2700 meliori
1512 2635 1557 2697 de

454 2730 536 2811 lapsi
556 2740 642 2811 suot,
657 2736 713 2814 qui
730 2736 938 2815 appellantur
961 2736 1108 2800 diabolus
1130 2748 1161 2801 at
1176 2740 1279 2818 angeli
1301 2738 1384 2821 ejus,
1399 2738 1559 2817 ceterique

456 2834 584 2898 ordines
605 2837 762 2913 malitiae,
780 2856 862 2917 quos
878 2838 1055 2918 Apostolus
1077 2840 1116 2901 de
1130 2840 1304 2903 virtutibus
1326 2842 1497 2903 contrariis
1511 2856 1558 2899 no

414 3014 420 3023 ο
456 2936 602 2999 minavit.
624 2936 697 3000 lam
719 2958 797 3001 vero
817 2941 845 3004 si
865 2942 965 3021 aliqui
988 2960 1029 3003 ex
1045 2942 1093 3004 bis
1115 2942 1299 3017 ordinibus,
1321 2943 1375 3021 qui
1397 2942 1462 3004 sub
1483 2941 1556 3020 priu-

456 3038 567 3117 cipatu
586 3040 707 3103 diaboli
723 3050 835 3122 agunt,
852 3060 889 3105 ac
910 3044 1052 3106 malitiae
1067 3043 1138 3123 ejus
1159 3043 1396 3123 obtemperant,
1415 3046 1560 3124 poterunt

455 3140 632 3219 aliqnando
661 3144 694 3203 in
715 3142 837 3207 laturis
857 3146 975 3209 seculis
996 3147 1141 3207 converti
1163 3144 1202 3207 ad
1225 3145 1422 3222 bonitatem,
1446 3162 1506 3225 pro
1524 3159 1560 3203 eo

456 3243 543 3321 qnod
565 3250 613 3305 est
633 3244 665 3305 iu
685 3244 761 3324 ipsis
781 3245 876 3307 liberi
893 3246 1030 3309 incultas
1050 3245 1198 3308 arbitriis
1218 3263 1261 3308 an
1283 3264 1360 3309 vero
1375 3261 1561 3325 permaneus

454 3350 488 3406 et
508 3343 686 3407 inveterata
709 3346 830 3409 malitia
854 3347 946 3410 relat
961 3348 990 3408 iu
1012 3346 1352 3425 naturamquamdatn
1374 3364 1417 3409 ex
1434 3360 1559 3409 eonsue-

456 3446 568 3510 tudine
588 3454 814 3525 convertatur,
837 3452 934 3513 etiarn
958 3457 994 3512 tu
1015 3450 1070 3529 qui
1093 3450 1186 3529 legis,
1209 3450 1346 3530 probato
1366 3458 1430 3511 etc.
1454 3468 1472 3506 s

536 3548 572 3611 lu
600 3549 700 3631 buius
730 3550 925 3631 paragraphi
957 3559 1050 3629 parte
1071 3552 1173 3629 prima
1204 3556 1291 3629 patet
1312 3550 1389 3630 quid
1422 3550 1482 3613 sibi
1516 3564 1562 3609 rc·

456 3648 495 3710 lit
513 3645 680 3730 Origenes.
703 3650 759 3712 nu
788 3654 872 3714 enim
902 3651 1032 3731 angelos
1061 3652 1255 3731 apostaticos
1286 3648 1482 3713 contendere
1507 3664 1563 3729 pro

455 3748 662 3812 humanitatis
692 3759 823 3814 nostrae
855 3752 1055 3829 perditione,
1077 3752 1179 3813 sicubi
1207 3750 1265 3831 ipsi
1296 3752 1423 3831 penitus
1455 3768 1473 3812 a
1501 3746 1564 3811 lieo

453 3849 637 3914 deficientes
666 3870 705 3914 ae
726 3852 798 3915 iude
828 3854 1034 3916 miseratione
1055 3852 1172 3930 indigui
1201 3870 1239 3913 ac
1260 3851 1391 3930 insuper
1411 3850 1482 3912 aine
1502 3848 1566 3911 ulio

452 3962 593 4033 respeetu
613 3954 654 4017 de
671 3960 757 4018 stato
780 3956 906 4019 meliori
928 3954 1048 4033 delapsi
1069 3962 1156 4028 sont,
1172 3954 1253 4016 adeo
1275 3960 1312 4015 ut
1332 3952 1373 4015 ab
1393 3954 1515 4015 eisdem
1535 3958 1565 4013 et

454 4054 670 4131 poenitentiae
689 4056 783 4119 locus
796 4063 829 4118 et
849 4056 964 4119 salutis
985 4063 1143 4135 perpetuo
1164 4054 1499 4133 sublatussi13quod
1520 4069 1565 4114 sa-

454 4171 494 4217 ue
512 4156 607 4236 juxta
629 4156 826 4221 catbolicum
847 4174 975 4219 sensum
997 4156 1102 4219 docet.
1128 4154 1321 4218 insecundo
1343 4162 1456 4217 autern
1480 4160 1566 4235 parte

445 4256 517 4336 jons
534 4274 607 4318 vero
625 4257 656 4319 si
675 4256 781 4340 aliqui
799 4276 841 4320 eo
860 4255 909 4319 itis
923 4256 1088 4321 ordinibus
1107 4266 1162 4319 etc.
1185 4276 1260 4320 eum
1283 4256 1351 4319 lieri
1370 4274 1435 4318 non
1459 4255 1564 4335 possit,

451 4359 573 4436 etipse
593 4358 749 4439 Origenes
776 4366 891 4439 neget,
916 4359 1004 4439 quod
1032 4366 1124 4420 antea
1156 4357 1364 4431 firmaverat,
1388 4352 1566 4418 nullimode

451 4458 628 4539 quidquam
643 4460 683 4524 de
694 4462 837 4541 possibili
852 4460 1028 4541 aliquando
1041 4460 1234 4522 doemonum
1250 4459 1445 4537 poenitentia
1463 4454 1564 4536 potuit

453 4562 652 4641 excogitare,
676 4562 722 4625 uti
738 4564 816 4627 velit
833 4561 982 4627 lluetius.
1002 4562 1142 4641 ideoque
1161 4562 1290 4624 citatam
1311 4560 1498 4639 pericopem
1511 4555 1567 4619 ali·
