3375 5567
455 680 536 731 nnn

457 788 633 862 librorum
662 787 880 887 investigare
905 790 1081 866 rationem
1109 814 1286 879 necnon,
1315 814 1386 890 quo
1409 789 1526 870 tendit,

455 938 618 1013 scopum:
643 938 709 989 seu
746 915 781 988 in
808 939 900 1014 qnos
929 942 1071 995 errores
1104 922 1171 997 sibi
1198 922 1370 996 dimicare
1400 919 1528 1016 specia-

456 1044 523 1119 tim
557 1044 746 1141 proposuit
779 1048 968 1146 Origenes.
1011 1048 1055 1124 Et
1086 1051 1244 1148 primum
1274 1047 1394 1147 quoad
1430 1044 1526 1138 buius

456 1172 585 1270 Operis
619 1176 765 1251 titulum
790 1178 895 1253 sicuti
922 1194 961 1254 et
979 1178 1091 1278 ipsius
1111 1179 1319 1262 terminum,
1338 1172 1527 1251 Clementis

459 1301 693 1377 Alexandrini
718 1306 853 1403 scripta
873 1328 1104 1403 percurrens,
1121 1304 1240 1402 reperi
1263 1303 1298 1377 in
1324 1299 1531 1377 Stromuturn

461 1427 568 1502 Libro
591 1430 651 1503 ΙΙΙ.
692 1457 729 1505 n.
755 1428 794 1507 3.
825 1433 944 1530 ipsum
975 1432 1107 1507 ibidem
1131 1432 1317 1529 disputare
1347 1429 1531 1503 vobemcn·

459 1568 516 1627 ter
538 1571 663 1631 contra
684 1557 877 1644 Valentini,
897 1558 1063 1633 Basilidis
1082 1573 1120 1632 et
1139 1556 1329 1632 Marcionis
1346 1555 1531 1634 falsitates,

461 1697 499 1755 et
522 1686 735 1780 praesertim
759 1688 794 1759 in
818 1686 919 1772 iliud,
940 1687 1034 1784 quod
1054 1686 1199 1783 nuptias
1223 1684 1461 1784 reprobarent
1474 1704 1533 1755 oen

463 1809 590 1883 rnalas.
608 1812 647 1884 ln
662 1837 734 1911 qno
751 1814 898 1911 quidem
914 1814 992 1887 loco
1010 1812 1178 1887 Clemens
1200 1810 1448 1886 Marcionistas
1465 1830 1534 1906 pro

462 1952 569 2013 vocnt
599 1940 644 2012 ad
676 1953 872 2015 tractatum
903 1940 1132 2024 periarchon,
1158 1962 1224 2013 seu
1254 1936 1304 2013 De
1326 1934 1535 2034 Principiis3

462 2088 572 2162 quem
601 2066 781 2142 editurum
812 2083 938 2143 contra
971 2069 1118 2144 eosdem
1151 2068 1327 2167 spondet,
1356 2064 1535 2162 inquiens:

466 2220 484 2261 a
515 2192 584 2266 Sed
613 2194 785 2270 adversus
814 2220 897 2278 eos,
923 2196 1016 2271 idest
1045 2194 1317 2279 Marcionistas,
1342 2215 1434 2267 sane
1463 2210 1536 2265 cum

463 2309 530 2410 περὶ
554 2311 664 2414 ἀρχῶν
684 2320 733 2396 De
755 2322 947 2421 Principiis
970 2322 1224 2406 tractabimus,
1255 2321 1489 2393 disseremus.
1519 2342 1535 2385 r

465 2442 576 2519 Paulo
604 2461 687 2542 post
707 2448 751 2522 de
766 2449 1009 2545 generationis
1024 2448 1118 2523 bono
1138 2448 1173 2519 in
1194 2448 1291 2543 ipsos
1310 2446 1538 2529 contendens,

465 2570 609 2647 subdit:
643 2598 660 2644 r
695 2572 846 2663 Quando
865 2588 987 2649 antem
1018 2573 1254 2649 tractabimus
1271 2570 1321 2645 De
1338 2570 1538 2670 Principiis,

468 2714 554 2774 tunc
578 2715 615 2776 et
645 2702 712 2775 bas
738 2703 1011 2801 repugnantias,
1040 2725 1131 2800 quas
1151 2715 1189 2776 et
1208 2700 1318 2775 tacite
1343 2700 1541 2796 significant

467 2828 686 2925 philosophi,
705 2829 851 2926 suisque
880 2827 1110 2925 dogmatibus
1133 2829 1333 2903 decernunt
1356 2824 1540 2901 Marcioni·

468 2968 562 3041 stne,
590 2954 909 3029 considerabimus.
929 2980 946 3025 r
970 2954 1062 3029 ltem
1092 2955 1127 3029 in
1160 2952 1325 3029 bibroV:
1350 2980 1368 3023 r
1396 2952 1448 3029 De
1475 2953 1541 3025 uui·

468 3106 660 3166 ceramum,
684 3083 750 3167 ait,
767 3083 843 3155 sire
865 3080 1047 3181 Principio
1067 3104 1131 3157 sou
1151 3081 1356 3181 Principiis,
1368 3083 1447 3157 sive
1461 3100 1542 3177 quo·

469 3209 732 3306 modorumque
760 3210 804 3282 de
829 3209 887 3283 bis
912 3209 1099 3294 videatur,
1124 3232 1220 3284 nune
1243 3232 1313 3283 non
1342 3224 1403 3285 est
1430 3209 1542 3283 dicen-

469 3334 574 3422 dum3
598 3359 668 3410 non
696 3352 845 3433 propter
873 3335 1005 3433 aliquid
1035 3336 1146 3421 alind,
1170 3336 1392 3434 quamquod
1417 3338 1465 3412 sit
1482 3333 1543 3410 dii·

470 3463 564 3536 ficile
600 3463 783 3560 praesenti
816 3465 1188 3547 mndotractationis,
1212 3487 1254 3539 ea
1286 3487 1380 3561 qnae
1406 3464 1543 3539 videan-

471 3604 544 3675 tur,
568 3590 765 3664 declarare.
794 3615 810 3659 r
840 3588 892 3663 dc
919 3590 955 3662 in
990 3590 1059 3664 tino
1085 3590 1246 3682 ejusdem
1271 3590 1352 3665 iibri
1386 3604 1544 3667 statuens

471 3739 617 3792 omnem
633 3718 728 3814 apud
743 3740 892 3815 paeone
910 3718 1126 3815 sapientiam
1147 3740 1228 3792 esse
1243 3742 1263 3791 a
1279 3716 1434 3793 barbara
1453 3739 1545 3793 sum·

471 3857 573 3943 ptam
597 3843 837 3942 philosophia,
859 3845 1007 3925 addidit:
1031 3870 1048 3915 a
1071 3842 1187 3933 Quam
1206 3846 1543 3943 contemplationem

472 3971 584 4045 nihilo
612 3972 730 4046 secius
754 3972 958 4045 necessario
987 3970 1222 4067 attingemus,
1250 3970 1392 4069 qnando
1408 3970 1546 4067 collige·

473 4123 555 4173 mus
582 4099 768 4197 opiniones
796 4120 1032 4195 graecorum,
1060 4122 1154 4196 quae
1183 4097 1351 4171 feruntur
1370 4096 1422 4171 De
1446 4096 1546 4170 Priu-

471 4229 588 4325 cipiis.
626 4252 642 4296 r
675 4224 836 4323 Denique
863 4222 1091 4299 LibrumVi.
1116 4246 1326 4299 enormen.
1356 4219 1390 4297 1.
1412 4222 1544 4298 scribit:

476 4350 613 4427 «Haec
642 4364 763 4426 antem
789 4348 973 4424 declarare
1002 4350 1124 4427 distuli
1146 4350 1181 4424 in
1215 4372 1299 4425 eum
1324 4349 1465 4433 iocum,
1489 4344 1542 4421 nbi
