3375 5567
430 662 654 852 &pristinum
676 778 797 836 statum
819 748 985 839 efficienda
1008 794 1067 857 per
1087 773 1376 849 resurrectionem,
1398 771 1430 835 in
1452 786 1555 851 quoa

428 873 496 936 lieo
518 875 644 940 condita
666 885 726 953 est,
748 878 932 957 etquidem
954 879 1022 939 sine
1044 878 1112 941 nlla
1146 874 1328 938 vitiositatis
1349 882 1450 945 nota,
1472 871 1559 934 aliae

429 975 575 1058 ejusdem
588 979 713 1059 generis
726 980 910 1043 locutiones
923 980 957 1041 in
971 980 1085 1043 eodem
1102 977 1200 1041 Libro
1215 978 1333 1040 citatae
1347 984 1381 1038 et
1392 974 1476 1036 alibi
1490 990 1560 1034 sae·

432 1077 561 1157 pissime
582 1087 783 1157 occurrunt3
800 1098 885 1159 qnae
905 1081 1088 1160 quaestioni
1111 1086 1241 1142 nostrae
1261 1065 1356 1158 apiae
1377 1075 1557 1139 admodum

431 1178 672 1244 existimantur.
691 1179 766 1242 lude
781 1180 865 1243 enim
880 1200 1014 1262 qnoque
1031 1182 1107 1245 milri
1123 1178 1253 1242 videtur
1266 1196 1364 1241 error
1385 1176 1557 1251 tlrcologo·

434 1296 507 1342 rum
530 1281 697 1361 irrepsisse
718 1282 804 1345 circa
821 1281 958 1368 Nysscni
974 1284 1013 1346 de
1036 1281 1253 1363 reproborum
1275 1282 1386 1359 poenis
1399 1278 1557 1341 desituris

430 1385 632 1446 sententiam.
653 1382 765 1448 Ubivis
782 1403 923 1466 namque
938 1394 1181 1465 argumentum,
1196 1386 1265 1445 sire
1280 1384 1320 1445 dc
1340 1380 1557 1443 resurrectio·

431 1500 486 1556 ne,
506 1487 574 1548 sire
596 1486 635 1549 de
656 1488 774 1561 anima,
792 1489 860 1550 sire
881 1489 922 1551 de
943 1488 1061 1569 quavis
1082 1486 1208 1560 aliare,
1231 1502 1405 1565 quaecum
1426 1482 1556 1563 praedi·

429 1586 490 1647 ctis
511 1588 711 1665 argumentis
730 1588 975 1667 quodammodo
992 1589 1217 1662 convenirent,
1238 1594 1371 1666 ageret,
1397 1586 1488 1647 nnnc
1510 1584 1556 1643 in·

434 1685 536 1747 tuitus
550 1695 599 1749 cst
617 1704 753 1768 scopum
770 1696 807 1750 ut
829 1687 1016 1769 hujusmodi
1030 1689 1145 1767 dogma
1169 1698 1282 1751 contra
1294 1688 1382 1751 illius
1398 1686 1556 1748 adversa·

434 1788 500 1849 rios
520 1786 730 1863 adstrueret,
750 1790 807 1870 qui
832 1790 894 1853 sub
915 1790 1124 1853 immanitatis
1151 1798 1327 1869 corruptae
1352 1797 1553 1869 praetextu,

432 1886 503 1950 lieri
524 1906 586 1951 non
603 1908 694 1970 posse
710 1892 897 1954 asserebant
917 1900 1124 1955 mortuorum
1138 1892 1421 1955 resurrectionem.

514 1990 550 2053 ln
572 1993 634 2055 hoc
653 1993 820 2071 speciatim
841 2002 972 2057 sanctus
992 1990 1117 2057 [lector
1147 1993 1301 2057 alacriter
1321 1993 1476 2067 dimicat,
1499 2008 1554 2052 eo·

433 2110 574 2173 rumque
596 2094 727 2157 hostiles
749 2096 959 2159 excursiones
976 2096 1041 2159 linc
1061 2095 1142 2159 illuc
1156 2095 1324 2159 verimode
1338 2097 1464 2158 excitas
1476 2111 1552 2156 con·

434 2196 530 2269 terit,
546 2196 716 2259 ostendens
730 2214 841 2259 omnes
856 2197 1001 2260 homines
1022 2198 1054 2259 in
1070 2198 1309 2260 resurrectione
1322 2194 1462 2277 quippe,
1480 2211 1551 2257 cum

432 2292 572 2376 amplius
595 2294 677 2358 mori
697 2306 869 2377 nequeant,
887 2316 947 2379 per
974 2296 1247 2377 incorruptionem
1268 2316 1331 2361 essa
1346 2314 1445 2378 pares
1460 2312 1555 2376 cupr-

431 2396 487 2470 lia,
503 2406 532 2460 ct
545 2396 628 2478 tilios
648 2396 716 2461 liri.
743 2398 887 2479 ldeoqne
903 2397 947 2462 oc
963 2396 1099 2479 Opificio
1112 2396 1248 2462 dominia
1260 2418 1289 2463 c.
1303 2396 1392 2462 xvi.
1413 2406 1449 2462 et
1462 2396 1551 2461 xxt.

433 2499 583 2579 (seposita
598 2501 787 2579 quaestione
802 2499 842 2563 de
863 2502 914 2577 iis,
928 2520 1013 2582 quse
1024 2501 1150 2583 jndicio
1170 2509 1321 2565 extremo
1336 2499 1552 2564 succederent

430 2601 539 2680 quoad
556 2601 727 2681 protiosae
749 2602 932 2682 improbos,
955 2604 1029 2665 illos
1050 2620 1165 2681 nempe
1184 2611 1315 2665 aeterna
1337 2602 1549 2674 beatitudine,

431 2702 508 2766 istos
528 2705 688 2785 supplicio
710 2713 869 2786 perpetuo
889 2706 1135 2782 retribuendas)
1162 2705 1203 2768 de
1223 2707 1413 2769 necessitate
1437 2720 1550 2768 resur·

397 2812 402 2829 ⁸
431 2805 582 2867 rectionis
603 2823 699 2886 ageos
719 2807 843 2892 scribitr
871 2804 1017 2869 «Sicubi
1046 2825 1204 2870 renennm
1226 2808 1469 2888 quamprimum
1492 2805 1549 2868 lno-

431 2906 524 2969 miois
546 2909 644 2969 vitam
665 2909 816 2970 tentando
836 2907 943 2983 laesit,
965 2908 1172 2989 praeclarum
1194 2909 1275 2971 illud
1298 2909 1435 2973 hominis
1456 2905 1549 2989 opid-

428 3010 514 3073 cium
536 3028 574 3073 ac
606 3028 733 3087 nomen,
755 3011 904 3093 adeoque
934 3012 1061 3074 divinae
1081 3021 1219 3076 naturae
1237 3013 1466 3086 simulacrum,
1495 3028 1549 3072 ra·

429 3114 548 3186 nitatis,
572 3116 618 3175 uti
642 3110 737 3175 Vates
758 3113 920 3193 loquitur,
942 3113 1079 3176 lormam
1094 3114 1254 3178 induit...
1269 3160 1277 3176 .
1295 3112 1422 3177 ldcirco
1442 3106 1547 3181 κακία

429 3214 551 3277 malum
575 3215 674 3296 (qnod
695 3234 736 3278 ex
762 3234 884 3279 veneno
905 3209 1036 3295 prodiit)
1058 3236 1133 3279 cnm
1156 3234 1218 3279 non
1239 3219 1280 3279 sit
1301 3216 1475 3292 infinitum,
1490 3212 1544 3275 scd

428 3318 525 3379 certis
540 3317 657 3381 linibus
671 3318 883 3399 descriptum,
906 3327 1110 3393 necessust,
1125 3325 1163 3382 nt
1178 3319 1361 3382 vitiositatis
1376 3318 1477 3399 lanius
1490 3335 1547 3379 cx·

429 3424 569 3481 tremum
585 3416 714 3509 ἀγαθῧυ
735 3418 807 3480 boni
823 3420 1060 3481 successionem
1081 3419 1232 3499 excipiat.
1249 3440 1265 3477 s
1281 3417 1396 3481 Videas
1408 3420 1545 3489 interca,

427 3520 592 3598 quomodo
614 3520 778 3605 Nyssenns
800 3523 947 3602 inquiens
969 3520 1027 3583 Dei
1046 3521 1289 3585 similitudinem
1311 3522 1466 3601 consequi
1493 3538 1545 3581 ue·

426 3638 517 3682 cesse
547 3640 616 3685 esse
638 3622 799 3686 hominem
822 3624 854 3684 in
887 3624 1140 3697 resurrectione,
1162 3640 1202 3685 ac
1223 3624 1296 3685 idco
1319 3632 1395 3686 tnnc
1422 3641 1493 3684 esse
1513 3621 1544 3681 in

427 3721 525 3798 bono,
542 3724 880 3804 incorruptibilitatem
899 3732 1022 3786 tantum
1044 3726 1190 3806 ejusdem
1212 3726 1348 3787 hominis
1368 3724 1541 3803 exprimat,

426 3826 505 3905 quin
527 3826 616 3889 aliud
638 3826 755 3890 subdat
776 3826 815 3889 de
833 3826 957 3909 judicio
979 3826 1077 3888 irnali.
1096 3826 1218 3889 Verum
1234 3828 1265 3888 io
1279 3824 1435 3889 Oratione
1459 3824 1483 3887 l.
1504 3822 1545 3885 lle

430 3924 706 4005 Beotitudinidns,
732 3929 929 3992 vocabulum
951 3927 1129 4003 lentitudo,
1152 3930 1191 3991 de
1214 3947 1281 4008 quo
1303 3928 1542 4007 supradictum

429 4038 490 4103 est,
512 4046 572 4107 pro
589 4048 623 4091 rc
639 4037 748 4093 nostra
765 4033 807 4093 ita
825 4030 950 4093 delinit:
966 4053 982 4089 a
1001 4028 1180 4104 Restitutio,
1197 4039 1319 4094 ulmea
1343 4028 1405 4089 lert
1420 4028 1541 4108 opinio,

426 4132 670 4210 comprehensio
692 4132 851 4211 quaedam
873 4140 922 4194 est
942 4133 1086 4195 omnium
1102 4150 1215 4195 earum
1237 4148 1366 4203 rernm,
1386 4148 1471 4209 quac
1486 4146 1543 4189 no·

426 4234 510 4295 mine
529 4230 602 4295 boni
623 4232 861 4313 intelliguntur,
881 4252 899 4295 a
922 4251 986 4313 qna
1008 4233 1087 4295 nilril
1111 4234 1201 4296 abest
1223 4251 1351 4306 eorum,
1374 4250 1456 4310 qnae
1470 4246 1542 4311 pcr-

425 4332 524 4395 tinent
537 4335 576 4395 nd
592 4334 787 4397 desidorium
804 4334 965 4398 bonorum
979 4379 986 4396 .
1002 4376 1009 4393 .
1025 4377 1053 4394 ..
1071 4331 1194 4397 Verum
1208 4334 1296 4415 qnod
1316 4350 1392 4395 vere
1406 4335 1534 4395 beatum

425 4435 605 4499 nabendum
622 4437 675 4509 sit,
698 4435 802 4515 ipsum
817 4435 961 4497 divinum
982 4442 1073 4496 est.»
1096 4432 1218 4497 Deinde
1232 4435 1273 4497 de
1287 4433 1425 4497 hominis
1449 4448 1539 4495 crea·

425 4538 511 4599 tione
531 4537 660 4602 locutus
681 4537 805 4601 scribit:
829 4535 1023 4613 «Quoniam
1051 4544 1162 4601 autem
1184 4536 1222 4613 is,
1245 4536 1301 4616 qni
1316 4535 1410 4599 linxit
1436 4532 1538 4597 nomi·
