3375 5567
329 833 338 858 ·
443 813 523 880 dum
545 820 671 879 textum
704 803 908 895 praesentem
935 811 1321 896 intrumentum
1342 813 1545 878 etinvenitur

448 915 481 979 in
501 915 565 980 hoc
585 913 672 980 Dent
693 915 1013 980 nescissetntnrum.
1034 912 1097 978 sod
1118 914 1231 978 dicore
1248 913 1338 978 utini
1351 931 1422 978 esse
1439 913 1547 978 tnctnn

444 1018 581 1099 impium
603 1027 672 1082 est:
706 1019 826 1082 iterum
849 1017 958 1082 dicere
978 1017 1131 1096 quonium
1164 1015 1296 1081 reveriti
1316 1023 1392 1080 sunt
1410 1033 1483 1080 eunt
1500 1035 1546 1080 co

442 1121 524 1198 loni,
540 1119 660 1184 fulsum
675 1127 745 1184 estc
769 1118 876 1182 coloni
895 1116 979 1182 cuim
1000 1117 1138 1183 uidentes
1150 1117 1271 1200 fliium,
1284 1117 1393 1181 dicere
1408 1119 1492 1198 opud
1505 1137 1548 1180 rc:

441 1219 494 1286 dic
513 1231 558 1286 eet
578 1219 832 1300 douccjocnite,
853 1220 1035 1284 occidamus
1055 1238 1140 1296 cum,
1159 1230 1188 1283 ct
1207 1218 1404 1283 marraccio
1422 1218 1549 1282 diuendi-

445 1334 515 1399 toc,·
529 1324 588 1390 nisi
610 1325 696 1388 torte
717 1325 779 1388 hoe
794 1323 890 1388 modo
912 1323 1089 1388 solvemus.
1110 1323 1300 1387 sicutenim
1321 1323 1415 1403 quusi
1434 1323 1473 1384 de
1491 1341 1549 1385 nn·

445 1427 539 1491 nibus
558 1425 687 1509 inducit
716 1427 874 1489 occisuris
895 1425 1078 1500 Christum,
1101 1426 1147 1488 sic
1173 1425 1254 1489 dicit
1275 1425 1488 1506 generaliter:
1507 1441 1549 1486 co

445 1519 514 1589 ioci
534 1536 639 1598 cutem
658 1523 833 1590 dixerunt:
857 1523 909 1588 tic
929 1525 1126 1600 cithaeron,
1146 1521 1264 1602 ccuitc,
1284 1524 1465 1588 occidamus
1481 1543 1548 1585 curs.

446 1626 488 1693 Et
504 1635 611 1693 tumen
631 1646 694 1692 non
710 1637 820 1692 omnes
835 1621 948 1710 'induet
963 1628 1154 1692 deciderunt
1173 1625 1353 1704 Christum,
1368 1626 1425 1691 sed
1445 1629 1498 1707 qni
1510 1643 1551 1690 re·

446 1731 591 1796 cundum
613 1719 743 1794 curnem
765 1728 900 1794 inerunt
918 1729 1039 1812 judici.
1072 1728 1257 1803 Secundum
1278 1730 1430 1809 spiritum
1455 1735 1551 1791 rnten

444 1834 556 1914 judaei
570 1844 636 1896 nnn
656 1831 848 1898 occiderunt
861 1823 1040 1906 Christum,
1052 1827 1117 1893 'scd
1133 1829 1343 1894 crediderunt
1363 1829 1398 1891 in
1411 1847 1494 1894 enm.
1507 1828 1552 1894 Sic

446 1935 643 2016 generaliter
662 1934 755 2015 quusi
779 1933 818 1997 de
838 1933 989 1996 omnibus
1011 1932 1134 1996 uotonis
1153 1931 1252 1996 dicit:
1284 1932 1505 1995 mactentur
1520 1931 1551 2012 i·

445 2034 527 2100 tium
548 2046 647 2100 mcum
651 2051 668 2108 ,·
683 2042 716 2098 et
737 2042 922 2097 tamennon
942 2025 1053 2096 omnes
1070 2032 1166 2096 itium
1188 2032 1321 2096 reveriti
1341 2040 1432 2109 sunt,
1446 2031 1550 2096 seditti

448 2137 687 2214 tantummodo,
705 2137 761 2218 qni
775 2137 958 2202 secundnm
970 2137 1121 2217 spiritum
1136 2134 1271 2198 inerunt
1282 2135 1409 2216 iudaei,
1424 2137 1479 2216 qni
1492 2153 1552 2198 cre·

447 2239 600 2302 didorunt
614 2239 646 2301 in
668 2255 767 2315 enm,
792 2245 829 2302 ut
850 2237 932 2302 iilud
949 2235 1080 2317 quidem
1101 2234 1189 2316 quod
1210 2238 1277 2298 niti
1294 2234 1555 2315 mordenturfi·

449 2337 529 2402 tium
542 2331 656 2417 mcum,
680 2337 831 2403 ridentur
844 2334 1014 2417 impletum
1030 2335 1141 2400 initiis
1153 2335 1295 2420 judecis,
1309 2337 1365 2417 qui
1387 2337 1553 2417 intelligen-

448 2447 496 2505 tes
518 2439 699 2516 Christum,
722 2440 933 2504 crediderunt
946 2440 977 2502 in
997 2436 1074 2502 enni
1085 2459 1097 2518 5
1120 2438 1182 2503 hoc
1195 2445 1312 2503 ‘nutem
1332 2440 1424 2520 quod
1444 2441 1552 2504 dictnn

445 2549 519 2608 ests
542 2539 595 2606 dic
613 2549 659 2606 cst
679 2541 800 2618 decret,
819 2540 922 2604 venito
941 2539 1123 2604 occidamus
1141 2559 1234 2620 cum,
1256 2543 1290 2605 in
1309 2542 1375 2608 illis
1397 2542 1553 2625 impletum

445 2645 487 2711 stt
501 2664 521 2724 ,¹
533 2647 591 2727 qni
612 2645 758 2710 ridentes
778 2644 963 2722 Christum,
985 2652 1019 2709 et
1039 2653 1269 2726 cognoscentes
1281 2643 1403 2711 Filium
1426 2645 1496 2721 Dei,
1514 2645 1553 2708 ni

449 2743 624 2813 nilominus
645 2735 837 2813 occiderunt
857 2763 945 2810 enm.
969 2763 987 2803 »

789 2945 925 3014 Huctiuo
945 2938 986 3014 cu
1006 2957 1095 3014 tectu
1114 2969 1226 3032 procco

529 3145 551 3215 u*
568 3154 716 3231 Quaeres
737 3170 838 3234 porro
853 3151 1018 3235 quomodo
1031 3152 1088 3234 qni
1110 3151 1212 3215 fitium
1234 3171 1330 3217 snum
1352 3155 1465 3230 mittit,
1485 3153 1555 3216 dicit

445 3255 598 3338 quidem:
621 3243 809 3318 cerduntur'
826 3250 930 3334 tilium
942 3271 1054 3318 cecum.
1078 3254 1121 3317 nt
1140 3255 1234 3335 quusi
1256 3273 1341 3335 qnae
1354 3257 1385 3319 ci
1407 3263 1553 3319 eventura

446 3358 676 3433 erunt‚·nntmo
698 3374 761 3420 non
783 3357 978 3437 perciperet,
993 3355 1075 3418 illud
1091 3354 1190 3435 dicit;
1211 3373 1284 3419 nam
1302 3356 1399 3438 juxte
1421 3355 1554 3439 Scriptu-

447 3477 503 3523 rre
523 3464 727 3531 contextum,
750 3457 845 3520 iilum
868 3458 1000 3520 minime
1022 3457 1116 3521 veriti
1139 3459 1310 3521 cidentnrc
1343 3467 1376 3522 nt
1399 3459 1485 3523 missi
1504 3456 1555 3520 tilii

445 3567 586 3643 putrem,
602 3571 697 3640 qnae·
710 3559 821 3623 tuturo
837 3567 945 3635 erunt,
965 3577 1030 3623 nou
1050 3559 1261 3641 praevidisse,
1280 3559 1335 3623 sed
1357 3561 1476 3625 irtsnm
1497 3559 1556 3623 nni·

445 3662 616 3739 nituisse,
638 3676 713 3726 eum
734 3663 797 3724 elin
817 3663 1088 3743 praenuntiasset,
1109 3662 1173 3726 etin
1194 3664 1412 3743 contigissent,
1428 3663 1555 3746 irnpiunr

446 3764 533 3830 ioret
554 3765 608 3828 itte
630 3762 712 3828 ittnd
736 3763 953 3844 respendere:
971 3752 1087 3828 rursm
1108 3771 1217 3828 entem
1239 3763 1360 3839 dicere,
1385 3765 1504 3827 veritos
1523 3761 1557 3823 Ἰ·

444 3866 514 3930 lum
538 3866 638 3930 fuisse
660 3866 808 3942 colonos,
829 3882 957 3929 omnem
975 3872 1110 3947 superet
1131 3864 1455 3929 verisimilitudinem
1471 3861 1557 3944 dori·

443 3968 530 4033 coloe
545 3967 627 4031 enim
647 3966 786 4032 videnter
798 3965 903 4050 fllium
923 3967 1004 4049 ojus,
1018 3964 1174 4032 dimne
1186 3965 1274 4029 iutro
1290 3986 1343 4031 cet
1365 3964 1418 4031 iu'c
1438 3976 1482 4031 cet
1493 3967 1556 4029 ioc-

444 4085 513 4145 rcr,
536 4075 569 4132 ct
589 4075 705 4132 cetere.
729 4068 948 4150 Respondebit
967 4087 1046 4151 erpo
1067 4067 1108 4132 ud
1130 4069 1162 4132 id
1184 4069 1322 4151 niquis,
1344 4071 1555 4134 necessarium

446 4168 567 4245 fuisse,
590 4177 627 4232 nt
647 4169 679 4233 id
701 4171 924 4250 contingerets
950 4170 1143 4234 verebuntur
1160 4168 1265 4252 fliium
1285 4188 1400 4247 mcum,
1417 4166 1558 4251 quintrio

444 4275 522 4332 tunc
544 4285 607 4330 non
628 4271 809 4351 contigerit.
844 4269 888 4334 At
908 4269 993 4333 nlius
1013 4271 1161 4351 inquiet,
1183 4287 1247 4333 non
1267 4271 1386 4335 dixisse
1409 4269 1554 4343 Putrem,

444 4385 519 4432 nunt
536 4363 656 4434 Filium
671 4372 835 4435 mitteret:
853 4369 999 4434 fructum
1016 4387 1035 4456 ᾳ
1057 4371 1181 4435 colonis
1202 4371 1287 4435 titius
1301 4389 1393 4436 meus
1416 4369 1555 4452 recipiet,

443 4469 498 4533 sed
513 4471 720 4547 uendentem·
736 4475 897 4537 reveritos
916 4474 1038 4555 qnippe
1053 4475 1159 4556 reipsn
1173 4492 1254 4551 esse,
1267 4491 1342 4538 eunt
1356 4473 1461 4538 iiliu-
1477 4475 1556 4538 hunc

443 4587 513 4636 esse
544 4581 789 4655 cognorerunt,
819 4581 853 4640 ct
872 4577 956 4640 intra
977 4594 1013 4641 se
1043 4575 1219 4642 dixerunte
1241 4576 1493 4641 dicationem.
1516 4569 1556 4634 tr
