3375 5567
153 833 225 895 pneee
243 814 473 895 eomprehendi
503 829 713 894 corporeum.
734 830 793 877 nee
823 813 959 890 lectum,
983 831 1042 878 nee
1072 815 1102 876 ln
1132 813 1240 886 Putre,

152 936 194 978 nee
212 919 241 978 iu
264 915 362 991 Filio,
384 933 490 994 neque
511 917 543 977 iu
563 913 686 995 Spiritu
707 913 838 993 θυσίας
861 916 988 986 nullum
1004 916 1130 978 initium
1153 931 1245 994 prue-

148 1023 227 1090 snmi,
246 1037 309 1080 nen
330 1019 438 1080 solnm
458 1020 491 1079 lu
513 1017 620 1091 Patre,
636 1017 691 1080 eet
714 1018 822 1080 necin
844 1013 928 1080 Filio
944 1035 1049 1096 neque
1070 1019 1102 1079 in
1120 1015 1243 1098 Spiritu

150 1118 273 1196 Sanet03
296 1136 412 1182 verum
432 1125 602 1180 aeteruum
624 1118 797 1181 tenendum
819 1137 889 1182 eene
910 1117 1053 1193 Putrem,
1074 1119 1170 1198 eique
1193 1137 1247 1180 cu-

149 1229 297 1282 aeternum
321 1217 440 1283 Filium
461 1227 494 1281 et
515 1218 674 1298 Spiritum
698 1217 873 1292 Sanctum,
896 1219 964 1282 ullu
986 1218 1109 1299 ubsque
1134 1219 1248 1282 divini·

151 1323 208 1383 tatis
225 1321 419 1395 ditioreutie,
440 1337 500 1382 nee
523 1320 691 1400 temporie,
712 1338 770 1383 nee
797 1322 927 1384 virtutis
938 1340 950 1400 3
972 1320 1027 1384 ned
1050 1337 1160 1384 omues
1183 1329 1248 1384 trea

150 1438 285 1497 personae
305 1427 494 1484 coaeterum
514 1418 574 1480 ailti
595 1426 628 1482 et
648 1419 854 1499 coaequales.
893 1419 1097 1499 Proindeque
1127 1421 1251 1500 sepien-

150 1523 252 1584 tieeime
264 1523 297 1583 iu
307 1519 408 1584 Libro
418 1518 473 1583 tv,
488 1518 525 1582 ire
538 1518 717 1599 Epistulam
730 1522 774 1584 ad
787 1519 948 1584 nomam
961 1539 990 1582 n.
1013 1519 1043 1588 9.
1062 1541 1104 1584 ex
1128 1521 1248 1585 verbis:

148 1620 272 1684 cleriter
294 1619 353 1684 ne·
372 1620 489 1701 diffusa
506 1629 554 1682 eat
568 1619 604 1682 iar
624 1620 772 1684 cerdidua
792 1621 980 1700 enutrirper
1000 1619 1155 1700 Spiritum
1171 1617 1252 1684 Suae·

150 1731 233 1792 uem,
246 1720 306 1801 pati
324 1723 419 1786 detur
436 1730 481 1784 eat
501 1720 821 1803 antepropositam
842 1721 974 1786 firmem
995 1723 1120 1802 inquit:
1137 1721 1250 1786 «Num

150 1832 173 1883 et
190 1825 253 1902 ipee
274 1823 399 1888 Paulus
418 1825 563 1886 nominat
586 1823 744 1902 Spiritum
768 1824 963 1902 eharitatie3
985 1830 1018 1886 et
1040 1821 1126 1888 Dens
1147 1825 1252 1888 ulturi·

151 1931 188 1986 taa
206 1923 344 2003 diuitum
365 1932 399 1988 et
419 1922 567 1988 cerutus
589 1922 692 1988 Filius
713 1925 881 1989 eharitatis
895 1925 1092 2005 appelletur.
1115 1923 1252 2001 Quodsi

151 2034 176 2086 et
192 2023 329 2103 Spiritui
348 2026 529 2100 charitatis,
551 2031 584 2087 et
612 2023 717 2089 Filius
737 2026 921 2101 eharitatis,
944 2034 976 2089 et
997 2022 1086 2090 Deua
1112 2025 1252 2089 eheritue

151 2127 313 2201 iuvenitur,
326 2134 453 2190 eertum
473 2131 534 2203 eat,
550 2125 638 2205 qued
653 2145 696 2190 ex
710 2144 776 2192 une
791 2125 926 2192 Deitatis
942 2124 1098 2190 laternae
1114 2125 1202 2190 lente
1222 2133 1255 2188 et

150 2223 239 2290 litim
258 2227 485 2307 intelligendus
506 2235 556 2292 eet
575 2235 609 2291 et
628 2227 770 2306 Spiritus
790 2225 928 2292 Sauetm
938 2248 950 2308 3
972 2245 1014 2292 ex
1035 2227 1131 2308 enine
1151 2228 1253 2290 abuu-

151 2326 245 2390 tautia
272 2338 337 2392 ete.
356 2346 375 2388 a
395 2325 491 2404 Qure
520 2329 627 2393 omniu
650 2331 875 2394 instaurentur
895 2330 928 2392 lu
949 2326 1048 2394 Libro
1077 2326 1102 2390 1.
1129 2325 1257 2392 Perier-

150 2426 220 2488 ctae
238 2445 268 2491 e.
290 2421 445 2490 illul.
467 2427 547 2492 dum
567 2429 627 2503 eit,
647 2428 728 2492 ntltl
749 2429 782 2492 iu
801 2427 960 2492 ‘l'rinitete
981 2427 1086 2508 meiur
1107 2429 1254 2490 minuere

151 2526 310 2591 dicendum
330 2545 413 2606 erae,
428 2547 533 2609 quum
553 2530 651 2594 uuim
668 2529 844 2594 diviuitrtie
866 2529 936 2594 tum
952 2529 1054 2594 verbo
1069 2546 1108 2593 ae
1130 2529 1256 2592 ratione

151 2645 204 2690 tue
224 2634 328 2694 teneat
342 2632 508 2709 uulnerum
528 2631 721 2710 nullamque
735 2629 808 2694 iden
829 2649 899 2696 earn
913 2631 944 2694 in
965 2629 1122 2696 Trinitnte
1137 2630 1257 2694 disere·

151 2731 277 2794 tieueme
294 2731 389 2800 «Sed
404 2733 467 2796 hue
481 2731 570 2813 qnod
585 2732 705 2797 dunum
720 2732 860 2814 Spiritus
881 2731 1013 2808 dieitur,
1032 2732 1257 2795 manifestatur

152 2846 205 2907 per
223 2830 340 2896 Filium
360 2841 394 2894 et
412 2835 606 2912 inoperetur
637 2850 695 2910 per
716 2831 821 2896 Deum
841 2831 995 2896 Patrem:
1018 2829 1126 2894 omnia
1153 2839 1257 2892 autem

150 2939 392 3005 renuerem
410 2931 606 3012 etquidem
626 2929 782 3012 Spiritui,
802 2931 947 2996 diuideua
968 2929 1145 3012 unicuique
1161 2940 1258 3010 prend

153 3031 223 3093 vult.
246 3032 422 3114 inquiline
444 3035 551 3102 vertis
571 3035 753 3116 analogiam
784 3033 1062 3116 comprehendere
1084 3031 1161 3094 lieet
1193 3031 1259 3095 ior·

154 3133 250 3197 mulae
268 3134 386 3200 deiude
400 3135 431 3198 iu
453 3133 599 3200 Ecclesia
613 3137 777 3200 sancitae:
800 3133 860 3215 qut
872 3155 894 3197 u
914 3134 1010 3198 Putre
1022 3130 1167 3213 Filioque
1183 3149 1259 3210 pre-

155 3233 234 3296 cedit.
253 3235 335 3304 Cum
356 3237 443 3302 euim
463 3238 508 3302 tlt
529 3237 607 3303 dicit
625 3235 765 3318 Spiritus
786 3236 895 3302 Sancti
915 3235 1037 3301 donum
1060 3233 1258 3298 munilesturi

156 3351 206 3410 per
225 3337 342 3404 Filium
364 3345 398 3401 et
427 3340 592 3418 inoperari
614 3355 673 3418 per
705 3338 857 3414 Patrem,
888 3337 1057 3417 Evangelii
1079 3333 1276 3400 coneordat-

157 3434 319 3504 locutioni:
352 3457 423 3504 em
444 3450 549 3504 eutem
570 3439 692 3504 uenerit
713 3438 922 3514 Panditur,
950 3457 1040 3520 qnam
1061 3456 1115 3517 epe
1137 3434 1259 3499 mittum

159 3537 242 3612 neiis,
262 3536 421 3619 Spiritum
440 3539 601 3616 ueritatis,
620 3541 676 3622 pari
688 3561 710 3604 e
725 3540 822 3604 Patre
836 3539 979 3620 precedit
999 3548 1061 3604 ete.
1079 3535 1186 3614 Quem
1205 3535 1261 3599 du·

159 3641 278 3706 etriaam
291 3641 459 3706 concludit
474 3644 506 3704 in
520 3641 790 3722 Ameeplulaeeai
811 3640 898 3705 Libri
923 3639 976 3703 lv.
995 3659 1026 3703 u.
1040 3637 1100 3704 28:
1118 3660 1135 3698 tt
1152 3635 1259 3702 Unum

159 3738 227 3802 euim
255 3749 356 3821 utque
385 3741 471 3805 idem
498 3749 547 3804 eet
566 3740 706 3823 Spiritus
736 3741 844 3808 Sancti
876 3741 1084 3822 participium
1115 3752 1260 3806 sumere,

160 3841 231 3914 qued
250 3850 300 3906 eat
316 3841 421 3907 Patria
441 3851 474 3907 et
488 3841 586 3906 Filii:
610 3843 731 3924 quippe
750 3862 826 3908 eum
849 3859 913 3908 nnn
935 3850 968 3907 et
989 3843 1180 3920 incorporee
1207 3853 1261 3900 ua·

163 3943 223 4002 tura
241 3944 283 4006 ait
304 3941 482 4008 Trinitatis.

225 4038 362 4108 liemnm
390 4043 475 4127 tiqui
505 4041 645 4124 Spiritus
664 4039 772 4106 Sancti
803 4045 1042 4123 protensionem
1070 4059 1087 4102 a
1112 4038 1206 4102 Putre
1227 4048 1260 4100 et

161 4132 231 4204 litto
248 4160 311 4207 neu
331 4144 620 4208 animadverterint
638 4144 765 4224 liquide
779 4143 821 4206 ul)
835 4141 977 4224 Origene
992 4159 1190 4221 expressam,
1206 4155 1258 4200 ve·

161 4235 210 4302 luti
228 4246 373 4325 sequenti
394 4263 476 4310 aere
496 4246 529 4308 in
550 4245 696 4312 lieeleeiu
716 4245 884 4309 definitum
905 4252 980 4323 eet3
1001 4245 1105 4308 scient
1128 4250 1162 4304 et
1178 4240 1258 4303 elios

164 4333 260 4408 latres
278 4343 318 4408 de
342 4345 453 4410 divine
467 4345 590 4426 Spiritu
610 4344 814 4422 dirmrentes,
831 4344 961 4408 eaedem
983 4344 1122 4408 tenuisse
1136 4342 1258 4406 iormu·

165 4435 215 4516 lta.
234 4444 363 4526 altipeta
383 4444 525 4528 Origene
543 4447 714 4511 adhibitus.
742 4444 783 4509 Et
803 4447 884 4510 lmee
903 4444 1066 4512 entieliant.

546 4589 868 4644 -κεοο-
