3375 5567
438 763 593 832 possunt,
610 774 787 838 exponens,
805 758 906 835 haue,
929 774 1028 839 qnam
1043 757 1287 840 praemisimus,
1309 758 1448 822 contulit
1461 759 1550 822 iuter·

402 937 404 940 Ι
446 858 659 936 pretationem
680 859 712 921 in
734 857 832 922 Libro
861 857 906 922 lle
930 856 1168 923 Remrreetione
1197 856 1307 923 carnia
1327 869 1357 924 e.
1384 858 1434 923 Lx
1456 879 1473 918 a
1493 858 1548 922 Sed

440 968 474 1022 et
496 958 620 1023 emissis
654 961 840 1042 hujusmodi
863 961 1182 1042 interpretationibus
1210 961 1316 1024 carnis
1336 970 1370 1024 et
1393 961 1548 1040 sanguinis

442 1079 541 1142 opera
567 1063 766 1137 taxantibus,
789 1063 874 1144 ipses
895 1082 1030 1145 quoqne
1051 1063 1246 1126 substantias
1267 1081 1330 1126 uon
1351 1064 1450 1126 aliter
1460 1081 1550 1144 qnam

440 1173 531 1238 suut,
564 1164 744 1228 intellectas
766 1164 878 1228 licebit
909 1165 1142 1229 resurrectioni
1174 1165 1348 1228 vindicare.
1379 1162 1454 1228 Nun
1474 1165 1549 1226 enin

443 1265 642 1329 resurreetio
664 1265 753 1328 carni
775 1273 807 1328 et
827 1266 975 1347 sangnini
997 1266 1119 1328 directe
1144 1264 1335 1344 denegatur,
1349 1261 1412 1326 'sed
1434 1262 1491 1326 liei
1506 1281 1550 1326 re·

443 1385 554 1447 gnum,
576 1368 663 1449 quod
686 1369 818 1432 obvenit
839 1369 1070 1432 resurrectioni
1094 1370 1168 1446 lest
1189 1368 1272 1430 enim
1294 1376 1326 1430 et
1347 1368 1379 1450 in
1399 1366 1550 1448 judicium

444 1469 654 1542 resurrectio)
677 1469 776 1532 immo
798 1474 830 1530 et
851 1469 1065 1532 cnutirmatnr
1085 1469 1191 1531 caruis
1207 1468 1407 1531 resurmctio
1429 1483 1550 1546 genera·

443 1571 494 1644 lis,
515 1587 617 1650 quum
633 1570 782 1650 specialis
803 1571 976 1652 excipitur.
994 1569 1079 1633 Duru
1094 1571 1179 1633 euim
1199 1570 1231 1632 in
1245 1587 1342 1650 quern
1360 1576 1481 1632 statum
1496 1583 1551 1628 non

444 1680 605 1750 resurgat,
628 1672 782 1744 edicitur,
804 1673 836 1733 iu
856 1691 954 1753 quern
970 1681 1134 1751 resurget,
1156 1670 1364 1734 subanditur.
1388 1669 1495 1750 Atque
1514 1670 1551 1730 ita

441 1771 520 1834 dum
542 1789 602 1851 pre
624 1771 748 1834 meritis
771 1769 1022 1844 distinctionem,
1040 1770 1287 1834 resurrectionis
1307 1789 1392 1851 opus
1414 1769 1552 1832 sumun-

445 1874 507 1937 tiae
530 1891 592 1936 nnn
614 1892 713 1954 genus
739 1875 878 1955 patitur,
900 1881 1036 1955 apparet
1056 1872 1130 1935 hine
1149 1891 1283 1953 qnoque
1297 1889 1429 1936 carnem
1442 1879 1550 1934 etsan·

445 1974 576 2055 guinem
598 1975 726 2039 nomine
747 1974 866 2056 culpae
881 1991 943 2037 nou
964 1974 1176 2051 substantiae,
1198 1974 1303 2037 arceri
1324 1992 1345 2037 a
1368 1991 1468 2054 regno
1488 1969 1548 2044 llei,

445 2077 574 2138 nomine
597 2082 702 2140 tamon
725 2075 850 2140 iormae
872 2094 1046 2158 resurgere
1060 2077 1092 2138 in
1110 2075 1284 2158 indicium,
1299 2075 1358 2157 qni
1373 2093 1438 2139 nnn
1451 2089 1549 2137 resur·

446 2183 522 2256 gant
543 2176 575 2238 in
598 2194 698 2256 regno
712 2221 719 2238 .
734 2219 764 2238 ..
863 2191 867 2198 ‘

526 2299 543 2338 a
558 2277 618 2342 Sed
634 2279 801 2360 quoniam,
813 2279 962 2362 deinceps
977 2283 1035 2355 ait,
1047 2297 1148 2361 opera
1163 2280 1270 2342 earnis
1282 2279 1487 2358 etsaugninis
1497 2293 1552 2340 uno

448 2397 541 2462 posse
566 2382 720 2461 consequi
745 2400 879 2463 reguum
902 2380 960 2446 Dei
981 2382 1150 2458 edixerat,
1171 2400 1239 2462 qno
1260 2381 1360 2461 magis
1384 2381 1447 2444 noc
1467 2394 1552 2458 exag-

448 2490 593 2563 geraret,
616 2483 675 2564 ipsi
697 2502 831 2565 qnoque
851 2485 1073 2566 corruptelae,
1096 2484 1178 2548 idest
1199 2483 1309 2560 morti,
1331 2484 1386 2546 cui
1407 2482 1507 2545 caruis
1524 2484 1552 2542 et

446 2585 611 2664 sauguinis
633 2603 732 2666 opera
756 2586 945 2668 proliciunt,
969 2585 1200 2649 haereditatem
1221 2585 1466 2667 incorruptelae
1485 2581 1548 2644 ade·

447 2685 515 2751 mit.
540 2683 622 2750 Nam
645 2695 677 2749 et
701 2688 800 2768 paulu
823 2696 895 2768 post
918 2688 1018 2768 ipsius
1033 2688 1145 2750 mortis
1167 2686 1410 2767 quodammodo
1428 2693 1552 2748 mortem

446 2790 628 2868 expressit:
652 2789 802 2853 deceroto
821 2800 867 2852 eet
885 2809 972 2854 enarr
993 2789 1102 2852 diceus
1122 2786 1158 2851 in
1182 2787 1421 2853 contentionem.
1446 2784 1501 2852 det
1515 2791 1551 2847 ert

446 2907 530 2953 mers
549 2891 680 2954 oculeus
699 2885 797 2954 tutta?
815 2889 875 2956 Udi
894 2902 938 2954 est
952 2910 1036 2954 mma
1049 2888 1204 2953 eontentio
1217 2885 1297 2955 tue?
1311 2890 1450 2956 Aculeus
1462 2896 1551 2951 murt

444 2988 555 3056 nrortia
575 2991 809 3074 delinquentia,
832 2991 935 3056 uirtus
956 2999 1061 3056 nutent
1080 2989 1314 3073 delinquentiae
1330 2992 1394 3054 lea.
1417 2990 1474 3052 llla
1497 2984 1549 3047 alia

447 3093 515 3156 siue
528 3092 640 3169 dultin,
652 3113 749 3174 quam
766 3093 945 3168 constituit,
959 3094 990 3156 in
1003 3093 1156 3158 membris
1166 3093 1235 3156 suis
1250 3092 1441 3156 militantem
1451 3089 1552 3151 adrer-

447 3209 502 3256 sus
523 3193 627 3274 legem
649 3195 746 3259 animi
767 3193 842 3268 sui,
863 3194 965 3274 ipsam
984 3195 1110 3258 scilieet
1133 3194 1196 3258 rim
1222 3195 1430 3274 delinquendi
1450 3196 1549 3256 contra

450 3292 661 3358 veluntatem:
683 3293 829 3359 «Paucis
844 3295 1031 3376 interjectis:
1043 3315 1060 3353 n
1073 3293 1212 3375 Oportet
1231 3295 1318 3358 euim
1339 3294 1551 3374 corruptivum

448 3395 532 3459 istud
556 3397 692 3461 induere
714 3397 1006 3477 incorruptionem,
1027 3402 1061 3460 et
1082 3396 1222 3461 mortale
1244 3396 1329 3460 istud
1353 3397 1485 3460 induere
1503 3392 1551 3451 iu·

448 3498 693 3562 mortalitatem.
714 3497 800 3576 Quid
823 3499 961 3563 mortale
975 3499 1034 3562 nisi
1056 3495 1242 3578 caretque
1264 3499 1489 3578 corruptivum
1502 3491 1552 3553 nisi

447 3597 595 3680 sanguis?
620 3598 668 3665 Ac
689 3619 729 3664 ne
751 3608 845 3682 putes
867 3601 990 3681 aliquid
1013 3599 1103 3664 aliud
1125 3602 1246 3664 sentire
1276 3599 1468 3679 Apostolum
1489 3610 1550 3675 pro·

449 3701 610 3764 ridentem
632 3701 702 3776 tibi,
727 3709 759 3765 et
780 3707 819 3766 ut
840 3702 879 3765 de
900 3720 998 3766 carne
1019 3703 1143 3766 dietum
1164 3701 1327 3781 intelligas
1350 3701 1549 3765 laborantem,

448 3821 550 3883 quum
566 3803 644 3867 dicit
663 3803 748 3867 istud
770 3804 999 3885 corruptivum
1015 3812 1049 3868 et
1069 3803 1157 3868 istud
1172 3801 1324 3880 mortale,
1340 3815 1447 3867 cutem
1462 3801 1548 3880 ipsam

450 3911 571 3978 tenens,
585 3905 671 3969 dicit.
695 3903 791 3970 Certe
806 3904 891 3968 istud
914 3906 974 3969 uisi
992 3905 1032 3968 de
1051 3904 1213 3986 subjecto,
1231 3905 1290 3967 nisi
1311 3903 1351 3966 de
1365 3892 1549 3983 comparenti

450 4008 674 4087 pronuntiasse
696 4025 759 4071 non
780 4008 896 4088 potnit.
923 4005 1213 4072 Demonstrationis
1233 4007 1414 4089 corporalis
1433 4012 1480 4067 est
1493 4013 1551 4061 rer·

449 4108 541 4182 ium,
563 4109 654 4174 alind
678 4117 787 4174 autem
809 4110 1050 4192 corruptivum,
1073 4110 1161 4174 alind
1184 4110 1372 4190 corruptela
1385 4128 1397 4188 ς
1419 4113 1451 4169 et
1473 4093 1550 4164 alind

448 4210 600 4284 mortale,
622 4219 655 4274 et
671 4212 761 4276 aliud
784 4211 976 4276 mortalitas.
993 4211 1092 4277 atiud
1114 4212 1299 4292 euimquod
1322 4195 1546 4292 pertinerint

450 4311 538 4392 qued
560 4313 626 4393 pati
645 4311 753 4378 efficit.
779 4312 828 4376 lta
850 4332 936 4395 quae
956 4315 1126 4396 patiuntur
1146 4314 1370 4394 corruptelam
1390 4319 1422 4376 et
1441 4311 1547 4371 morta·

449 4413 587 4491 litatem,
609 4432 688 4479 caro
708 4413 831 4478 scilieet
851 4401 885 4480 e't
905 4415 1047 4497 sanguis,
1069 4435 1106 4480 aa
1129 4433 1258 4482 neeesse
1279 4424 1328 4479 ost
1349 4414 1503 4496 patiantur
1519 4406 1547 4462 et

449 4515 706 4598 incorruptelem
720 4524 752 4582 et
770 4517 1057 4586 immortalitatem.
1071 4539 1087 4578 n
1101 4516 1283 4586 concludas
1298 4535 1377 4599 crgo
1393 4505 1548 4597 apostolic·
