3375 5567
447 752 544 815 modo
572 751 784 833 appellandae
804 759 900 828 aunt,
921 767 1003 833 onas
1024 758 1146 817 menica
1165 752 1316 833 superins
1336 751 1478 830 dirtmna,
1497 756 1534 817 ie·

443 854 524 916 cisse
545 850 669 932 Deum,
692 861 851 934 quantum
871 852 1019 917 sulcare
1041 871 1133 933 posse
1154 857 1330 935 prospexit.
1352 852 1476 918 Certum
1494 864 1533 918 est

445 955 566 1036 qnippe
594 954 682 1035 qnod
713 955 884 1038 praetinito
910 955 1023 1035 aliquo
1053 954 1139 1037 apud
1160 972 1195 1018 ao
1224 971 1362 1019 numero
1380 973 1432 1018 eas
1456 954 1534 1017 lecit:

443 1058 625 1135 nonenim,
648 1066 686 1121 ut
705 1058 837 1139 qnidam
860 1058 986 1135 volunt,
1010 1056 1102 1123 tinem
1126 1056 1304 1138 potandum
1326 1066 1394 1133 est,
1417 1075 1475 1121 non
1493 1060 1538 1118 Ιιι·

445 1160 523 1223 bere
552 1168 741 1240 creaturas3
770 1160 847 1240 qnia
869 1158 923 1223 ubi
945 1160 1015 1223 tinia
1045 1168 1198 1235 nonest,
1225 1178 1284 1223 nec
1311 1159 1536 1238 comprehensio

444 1264 527 1342 nlla,
556 1282 616 1327 nec
635 1262 895 1343 circumscriptio
919 1278 988 1325 esse
1011 1268 1126 1342 potest.
1148 1260 1291 1338 Quodsi
1313 1260 1423 1335 inerit,
1440 1262 1537 1339 ntique

442 1382 501 1429 nec
521 1364 691 1438 contineri,
723 1363 775 1424 rel
802 1362 978 1443 dispensari
999 1381 1017 1425 a
1044 1361 1111 1425 lieo
1136 1379 1220 1443 qnae
1241 1362 1325 1426 iacta
1351 1371 1445 1437 sunt,
1465 1368 1539 1439 pote

444 1467 520 1530 rint.
536 1464 742 1530 Naturaliter
761 1482 876 1545 nempe
898 1464 1054 1544 quidquid
1076 1462 1236 1528 inlinitum
1257 1464 1371 1541 tuerit,
1386 1472 1417 1526 et
1436 1464 1539 1526 incom-

442 1566 658 1648 prehensibile
677 1566 750 1629 erit.
768 1563 873 1629 Porro
894 1574 1015 1642 antem,
1037 1566 1121 1629 sicut
1141 1564 1310 1646 Scriptura
1334 1566 1425 1629 dicit:
1440 1563 1474 1626 in
1491 1584 1540 1627 nu·

441 1686 525 1732 mero
545 1680 573 1732 at
591 1686 742 1732 mensure
761 1666 903 1731 condidit
922 1666 1030 1747 Deus3
1053 1675 1085 1730 et
1106 1666 1227 1732 idcirco
1247 1686 1405 1732 numerus
1424 1666 1539 1748 qnidam

442 1779 532 1835 recte
557 1772 723 1850 aptabitur
747 1769 992 1833 rationabilibus
1019 1770 1202 1846 creaturis,
1232 1769 1284 1832 rei
1307 1768 1484 1845 mentibus,
1512 1775 1543 1830 ut

444 1878 553 1936 tantae
570 1872 654 1948 sint,
676 1878 857 1951 quantana
883 1868 1085 1951 providentia
1113 1866 1172 1932 lici
1200 1869 1400 1949 dispensari,
1430 1870 1541 1949 regist

441 1974 598 2039 contineri
620 1974 753 2054 possint.
786 1970 940 2035 blensnra
964 1988 1044 2034 vero
1075 1970 1229 2033 materiae
1249 1972 1416 2050 corporali
1447 1988 1541 2032 conse·

440 2085 579 2159 quenter
599 2076 778 2157 aptabitur:
799 2092 897 2156 qnam
919 2074 1034 2154 utique
1056 2079 1174 2136 tantam
1198 2090 1216 2134 a
1240 2071 1307 2135 lieo
1324 2092 1396 2137 esse
1417 2083 1541 2135 creatam

441 2178 639 2243 credendum
660 2186 720 2256 est,
736 2185 890 2259 quantam
911 2176 971 2241 eibi
985 2174 1082 2239 sciret
1101 2174 1141 2237 ad
1164 2181 1316 2239 ornatum
1332 2174 1444 2239 mnndi
1464 2192 1541 2257 posse

441 2279 600 2345 sufficere.
624 2299 641 2335 n

772 2482 826 2546 Ex
851 2482 988 2563 Epistola
1010 2483 1051 2545 od
1072 2479 1233 2548 Moenum.

520 2687 585 2751 «ln
601 2689 670 2765 illo,
688 2690 776 2769 qnod
791 2697 898 2752 mente
913 2688 1104 2769 percipitur,
1122 2688 1224 2763 initio,
1239 2694 1364 2751 tanturn
1381 2705 1539 2751 numerum

440 2790 692 2871 intelligibilium
707 2790 975 2862 substantiarum,
998 2790 1166 2853 voluntate
1181 2806 1239 2852 sua
1269 2790 1439 2853 constituit
1455 2787 1543 2857 Dens,

440 2900 562 2973 quanto
577 2900 704 2971 poterat
724 2890 884 2954 sufficere.
902 2889 1080 2953 llioandnm
1095 2892 1179 2954 enim
1198 2890 1318 2953 tinitam
1334 2909 1407 2954 csse
1423 2889 1477 2954 bat
1496 2907 1542 2967 po·

442 2993 596 3073 tentiam;
618 3010 677 3055 nec
693 2992 754 3054 sub
768 2992 904 3053 obtentu
925 2990 1031 3053 laudis
1048 2990 1188 3055 tollenda
1211 2990 1283 3071 ejus
1297 2990 1545 3070 circumscriptio

440 3103 498 3158 eat.
520 3094 647 3159 Etenim
668 3097 694 3157 si
715 3092 837 3156 intinita
867 3093 908 3154 sit
929 3091 1035 3154 divina
1059 3093 1220 3172 potentia,
1244 3110 1376 3155 necesse
1397 3101 1466 3167 est,
1486 3108 1545 3153 ran

440 3216 480 3259 ne
493 3198 629 3276 seipsam
651 3196 782 3276 quidem
798 3193 1000 3273 intelligere:
1024 3202 1140 3258 natura
1162 3195 1245 3256 enim
1262 3192 1424 3257 indnitnm
1441 3196 1547 3256 incom-

441 3297 656 3376 prehensibile
669 3304 728 3361 est.
752 3294 852 3360 Tanta
869 3296 969 3376 igitur
983 3297 1071 3373 tecit,
1087 3304 1207 3377 quanta
1231 3304 1359 3377 poterat
1379 3294 1547 3375 apprehen·

440 3400 532 3474 dare,
554 3408 586 3462 et
599 3399 660 3462 snb
681 3417 777 3463 mann
794 3399 927 3476 babere,
944 3418 981 3462 ac
994 3401 1056 3463 sub
1072 3398 1269 3479 providentia
1285 3414 1343 3460 sua
1368 3397 1545 3469 continere;

440 3500 714 3581 quemadmodum
736 3510 768 3565 et
790 3508 910 3564 tantam
933 3503 1099 3565 materiam
1121 3500 1301 3580 apparavit,
1323 3509 1479 3579 quantam
1500 3515 1547 3577 po·

442 3611 527 3667 terat
546 3619 718 3665 exornare.
741 3622 757 3659 n

521 3702 580 3768 llis
600 3704 683 3767 inter
703 3725 737 3767 se
757 3706 907 3781 collatis,
934 3689 1082 3767 clarescit
1102 3704 1313 3785 discrepantia
1330 3694 1408 3767 ‘tarn
1431 3705 1461 3765 in
1486 3718 1547 3762 vor·

441 3805 544 3879 sione,
566 3820 664 3885 qnam
684 3806 716 3866 io
737 3822 849 3880 sensu,
869 3806 951 3867 adeo
974 3815 1010 3866 ut
1030 3823 1073 3867 cx
1095 3802 1258 3885 Epistolae
1277 3803 1316 3865 ad
1340 3802 1491 3867 Mannum
1511 3802 1551 3861 la-

445 3916 514 3970 tere
534 3906 661 3985 penitus
682 3906 881 3970 excludatur
897 3905 955 3969 ilci
975 3906 1095 3967 infinita
1118 3909 1271 3987 potentia,
1294 3915 1327 3969 et
1344 3907 1393 3970 sic
1410 3906 1551 3967 tirmatnr

444 4009 516 4090 ejus
538 4010 570 4070 in
588 4014 663 4071 actu
677 4008 947 4088 circumscriptio.
969 4006 1020 4071 Ex
1035 4017 1126 4086 parte
1143 4025 1221 4070 vero
1239 4006 1358 4070 Rudini
1379 4009 1458 4070 satis
1480 4006 1550 4067 baec

445 4119 495 4174 est
514 4117 712 4190 temperata,
734 4128 792 4173 nec
812 4110 886 4173 ideo
907 4110 1055 4173 absoluta
1077 4109 1201 4171 deliniri
1223 4117 1329 4188 potest
1350 4108 1494 4171 elocutio
1513 4104 1551 4167 u·

447 4211 577 4291 rigenia,
599 4212 642 4273 ita
665 4217 702 4273 nt
723 4210 963 4291 quodammodo
984 4210 1056 4291 ejus
1077 4218 1214 4271 mentem
1235 4190 1376 4288 dogmati
1399 4207 1552 4272 catholico

445 4319 600 4393 coaptare
621 4313 735 4388 liceat,
770 4312 899 4375 intentis
927 4311 1092 4392 speciatim
1117 4310 1366 4374 circumstantiis
1391 4318 1427 4374 et
1454 4306 1549 4371 causis

444 4412 488 4476 ibi
510 4411 551 4474 ab
572 4411 719 4475 Auctore
741 4412 982 4477 animadversis.
1009 4410 1140 4476 interim
1162 4418 1270 4475 autem
1292 4412 1483 4493 priusquam
1504 4424 1551 4485 pc

448 4514 579 4594 ricopae
600 4532 729 4579 sensnm
752 4514 1001 4596 investigemus,
1025 4522 1125 4593 atque
1146 4515 1232 4577 circa
1248 4510 1412 4594 Epistulae
1435 4518 1550 4574 tertona
