3375 5567
329 659 334 668 ·
442 637 508 712 252

508 745 692 809 Lactantius
709 743 754 812 Dc
770 743 902 827 Mosae
917 748 1036 812 moris
1056 747 1154 814 Libro
1177 745 1217 812 ll.
1236 767 1265 815 tt·
1284 743 1331 816 ’[2.
1348 745 1544 822 l’rotopareo·

448 855 519 911 tum
534 856 663 909 narrata
679 851 855 924 creatione,
869 854 926 912 ait:
941 871 957 912 o
970 847 1063 914 Ficto
1083 849 1166 912 enim
1183 867 1323 929 corpore
1336 845 1445 926 (Dens)
1458 848 1545 926 spira·

451 946 496 1009 rit
516 948 545 1007 ei
566 949 705 1010 animam
727 946 766 1010 de
784 948 872 1010 uitali
896 948 983 1014 ioote
1004 949 1137 1030 spiritus
1158 949 1222 1023 sni,
1245 948 1301 1028 qui
1321 955 1369 1012 est
1391 949 1545 1027 perennis;

447 1057 487 1112 ut
501 1049 601 1127 ipsius
621 1049 731 1112 mundi
744 1049 917 1114 contrariis
938 1051 1112 1113 constantis
1126 1049 1305 1122 clenodiis,
1320 1047 1547 1110 similitudinem

447 1160 587 1232 gereret.
611 1149 745 1215 Constat
769 1153 853 1214 enim
875 1171 917 1214 ex
939 1153 1043 1214 anima
1065 1160 1098 1214 et
1122 1167 1286 1232 corpore,
1307 1151 1411 1222 idest,
1430 1150 1549 1228 quasis

446 1253 543 1318 coelo
563 1255 711 1316 oritura
733 1250 824 1332 lleo;
857 1271 978 1334 corpus
999 1273 1016 1318 e
1040 1261 1140 1328 terra,
1163 1252 1258 1334 cujus
1279 1271 1297 1314 e
1319 1253 1398 1314 limo
1422 1253 1547 1312 diximus

448 1373 520 1418 esse
542 1356 764 1420 formatum.»
784 1353 941 1420 Similiter
971 1358 1002 1419 in
1023 1355 1121 1420 Libro
1144 1354 1187 1418 De
1214 1351 1348 1436 Opificio
1371 1350 1440 1428 Dei,
1462 1373 1489 1414 o.
1505 1351 1546 1418 lb.

451 1457 587 1520 bominis
608 1467 718 1521 ortum
739 1458 925 1533 discutiens,
942 1459 1019 1524 dicit
1039 1477 1159 1538 corpus
1173 1477 1217 1521 ex
1237 1457 1433 1538 corporibus
1454 1455 1549 1532 nasci;

450 1558 589 1619 animam
611 1576 689 1619 sero
708 1557 803 1640 juxta
826 1557 1001 1622 formulam
1023 1559 1288 1638 scripturaletna
1311 1555 1381 1620 Deo
1403 1557 1548 1636 inspirari.

451 1656 484 1723 S.
499 1655 684 1724 Methoditts
698 1669 822 1744 martyr
835 1661 873 1722 de
886 1657 1039 1724 Gonoiot'o
1053 1661 1154 1724 decem
1175 1657 1356 1739 Virpt'rtum,
1371 1658 1520 1722 Oratione
1530 1656 1550 1718 l.

448 1779 481 1823 e.
506 1757 588 1824 Vll:
611 1781 628 1820 c
651 1760 871 1824 immortalem
891 1763 1003 1834 animi,
1023 1765 1082 1836 ait,
1103 1761 1314 1826 substantiam
1336 1778 1414 1824 cunr
1436 1758 1550 1822 mortali

451 1878 489 1924 ac
511 1859 617 1940 fragili
641 1879 780 1942 corpore
794 1863 945 1926 seminari
960 1864 1017 1941 qui
1038 1864 1164 1938 doceat,
1182 1861 1276 1924 iidem
1298 1862 1550 1924 enumerabitur.

451 1959 548 2038 Quod
569 1964 654 2026 enim
683 1965 795 2027 mortis
815 1965 961 2044 seniique
989 1982 1107 2044 expers
1128 1973 1198 2037 est,
1228 1964 1318 2027 solus
1341 1963 1455 2043 utique
1476 1962 1551 2024 nobis

453 2063 586 2144 inspirat
600 2064 811 2144 omnipotens:
827 2063 984 2144 solusque
999 2064 1206 2127 invisibilium
1218 2075 1250 2127 et
1266 2064 1550 2144 incorruptibilium

390 2246 395 2252 ¹
449 2173 582 2228 creator
601 2172 660 2228 est.
686 2162 861 2244 [aspiravit
883 2170 984 2240 enirn,
1007 2167 1123 2247 inquit,
1146 2162 1182 2227 t'rt
1201 2161 1313 2245 [mem
1334 2167 1404 2246 ejas
1424 2164 1553 2244 spiracu-

451 2265 520 2328 lum
538 2263 643 2328 vitoe:
659 2276 688 2327 ct
700 2267 806 2345 sortus
826 2275 870 2328 eat
882 2265 971 2328 bomo
985 2265 1022 2328 io
1041 2265 1183 2330 animem
1204 2265 1400 2328 cicentem.»
1426 2265 1499 2328 ltem
1518 2262 1552 2327 0·

452 2365 578 2428 ratione
597 2362 653 2428 Vl.
670 2385 699 2429 e.
719 2365 744 2427 l.
762 2387 779 2426 u
794 2363 915 2430 Creans
931 2369 940 2445 i
954 2365 1060 2444 Deus)
1076 2387 1114 2431 ac
1126 2378 1254 2432 struens
1268 2370 1308 2431 ad
1328 2370 1474 2448 imaginis
1486 2385 1552 2430 susc

454 2466 646 2545 imaginem,
668 2468 807 2530 animam
833 2466 1011 2532 fabricatus
1031 2477 1089 2532 est.
1109 2467 1330 2544 Quamobrem
1351 2473 1451 2532 etiam
1472 2469 1553 2531 ratio

454 2584 495 2630 ne
515 2567 660 2647 praedite
681 2577 730 2630 est
749 2576 782 2630 et
803 2563 1005 2633 immortalis.
1028 2588 1044 2626 o
1067 2569 1221 2634 Similiter
1240 2590 1266 2632 s
1289 2569 1478 2634 Alexander
1493 2568 1553 2632 dle

454 2667 632 2732 xandrious
653 2669 685 2730 in
699 2669 854 2734 Sermone
871 2667 914 2734 De
930 2667 1047 2732 Anima
1068 2679 1096 2732 et
1112 2668 1260 2750 Corpore,
1280 2691 1322 2734 ex
1338 2671 1489 2752 praelatis
1502 2669 1552 2734 Ge·

453 2788 566 2835 nereos
584 2772 702 2847 serbis,
723 2774 862 2834 animam
876 2790 939 2836 una
962 2789 1036 2834 cum
1057 2790 1196 2852 corpore
1212 2773 1373 2836 conditam
1395 2773 1550 2836 essedicit.

535 2873 697 2938 Eusebius
721 2871 765 2936 De
787 2871 1038 2952 Prosperott'orse
1054 2871 1246 2953 Boeopelico
1268 2893 1296 2936 c.
1314 2871 1401 2936 XlV.
1425 2875 1553 2954 inquiras

454 2973 625 3040 Platonem
641 2972 775 3056 Moyseo
790 2983 938 3036 secutum
961 2975 991 3036 in
1013 2976 1139 3036 animae
1160 2975 1404 3038 immortalitate
1426 2985 1551 3038 statuen-

450 3077 509 3150 da,
533 3077 750 3138 testimonium
772 3074 899 3155 profert
914 3075 1087 3150 Gemmeus,
1105 3075 1158 3138 ubi
1175 3076 1295 3155 legitor
1316 3078 1416 3140 bomo
1430 3078 1469 3140 ad
1489 3078 1552 3136 ims-

452 3165 633 3257 ginem'llei
660 3175 774 3238 lactus.
798 3172 907 3254 Atque
922 3175 1117 3254 distinguens
1138 3176 1299 3240 bominem
1322 3179 1353 3238 in
1375 3180 1509 3240 animam
1527 3183 1552 3236 et

453 3295 586 3356 corpus,
608 3275 795 3355 subjungite
818 3285 848 3337 rt
867 3272 1005 3354 sufflavit
1026 3272 1061 3336 in
1081 3274 1196 3354 sociem
1215 3279 1281 3358 ejus
1302 3277 1500 3358 spiraculum
1518 3273 1552 3336 or'·

454 3387 514 3452 tos,
536 3386 564 3438 rt
582 3378 688 3457 [actus
708 3386 753 3438 cst
773 3375 861 3439 bomo
882 3374 918 3438 irs
947 3375 1090 3438 anienem
1110 3375 1270 3442 viventem.
1294 3377 1381 3443 Alibi
1404 3379 1552 3442 manifeste

457 3480 546 3552 dicit,
569 3479 659 3560 prius
678 3479 798 3542 iactum
820 3478 920 3540 luisse
934 3496 1055 3558 corpus
1078 3476 1206 3556 Adami,
1229 3479 1343 3544 deinde
1358 3489 1496 3544 croatam
1514 3496 1552 3540 os·

454 3601 491 3643 ao
511 3584 660 3644 animam.
678 3578 723 3642 De
739 3579 903 3654 Patribus,
924 3581 980 3658 qni
995 3583 1176 3644 successive
1192 3583 1270 3645 baec
1290 3584 1330 3644 ita
1346 3587 1552 3663 exposuerunt

459 3684 596 3744 mosaica
614 3681 723 3756 rerba,
747 3699 810 3744 non
831 3690 880 3746 est
897 3681 952 3744 blo
968 3690 1003 3744 ut
1024 3699 1140 3744 eorum
1157 3684 1254 3745 rerba
1271 3701 1464 3746 recenseam.
1485 3681 1552 3746 Coo·

458 3783 547 3847 solat
561 3782 708 3863 quisquis
722 3782 811 3858 velit,
828 3785 1041 3862 interpretum
1053 3781 1291 3848 Commentario
1305 3786 1335 3846 in
1347 3786 1433 3848 bunc
1448 3786 1550 3846 locum.

541 3881 630 3946 llaec
653 3883 779 3946 interim
803 3882 981 3957 satisfiunt,
1009 3884 1204 3964 etamplius
1226 3884 1375 3964 Origenis
1400 3903 1502 3948 sensus
1522 3881 1552 3941 de

456 3987 522 4048 'bac
546 3986 734 4065 quaestione
761 3993 915 4066 patean13
938 3984 1061 4047 scilicet
1083 3987 1191 4064 ipsum
1214 4005 1273 4048 uec
1294 3989 1427 4066 insopor
1454 3983 1553 4048 volnis-

459 4105 494 4150 se
515 4105 573 4150 nec
594 4077 779 4158 credidisse,
797 4103 900 4166 coam
923 4096 998 4148 tuoe
1020 4069 1169 4148 universa
1192 4087 1327 4150 docebat
1344 4087 1483 4151 Ecclesia
1503 4085 1552 4146 cir-

453 4207 495 4251 ·ca
519 4189 711 4268 principium
738 4196 769 4249 et
790 4189 1024 4250 emanationem
1045 4187 1170 4249 animae
1192 4189 1222 4250 in
1253 4207 1374 4269 corpus
1397 4188 1505 4252 aldani
1521 4184 1553 4244 st·

451 4291 523 4354 cuti
544 4297 577 4352 et
591 4291 690 4352 totius
712 4289 836 4366 generis
860 4289 1046 4352 bominum:
1065 4287 1190 4352 atinde
1211 4291 1442 4362 concludatur,
1459 4287 1553 4364 Orige-

450 4409 527 4453 nens
550 4390 591 4451 ab
615 4407 728 4452 errore
749 4389 789 4450 de
814 4391 994 4451 animarum
1018 4390 1265 4470 praeexistentia
1296 4409 1430 4470 prorsus
1453 4390 1551 4450 abbor-

454 4490 571 4552 ruisse.
595 4487 636 4554 Et
650 4490 858 4569 quantamvis
882 4498 956 4552 tunc
980 4491 1132 4570 temporis
1148 4489 1230 4552 inter
1253 4490 1458 4570 philosophos
1479 4489 1550 4548 tnta-
