3375 5567
171 725 366 804 summotus,
387 729 499 810 qualia
522 727 700 796 esconium
724 729 886 792 hominem
906 730 1166 811 corruptibiliter
1186 749 1259 814 ape·

171 826 282 902 mnus,
301 827 442 910 subjecit
460 831 592 894 statim:
615 831 671 896 ooo
690 841 795 896 autera
815 828 886 894 dico
905 833 1022 913 sretm
1041 831 1119 913 quic
1138 852 1213 896 coro
1232 844 1262 897 et

168 927 278 1007 empuis
296 948 433 1010 reponet
455 931 513 994 Dei
528 931 685 1013 possidere
704 952 768 1002 non
787 943 938 1011 potrum
970 941 1070 1014 atque
1090 935 1261 1000 ostendere

170 1031 260 1094 rolens
286 1034 362 1113 quid
386 1034 509 1098 dixerit
530 1052 660 1100 carnem
681 1044 714 1100 et
733 1037 921 1116 sanguinem
933 1056 945 1114 ;
976 1037 1052 1117 quia
1074 1056 1137 1101 nnn
1159 1038 1260 1118 ipsam

167 1134 282 1210 speciem
302 1138 466 1216 corporis,
487 1137 542 1202 acti
565 1139 808 1220 corruptionem
824 1137 983 1218 siguificat
1005 1139 1134 1203 nomine
1155 1141 1261 1204 carnis

168 1244 191 1297 ct
206 1237 380 1316 sanguinis3
404 1257 491 1318 quae
511 1241 681 1320 corruptio
702 1247 763 1305 otc.
786 1261 803 1299 a

229 1335 327 1401 Porro
351 1338 416 1400 hoc
437 1340 644 1404 beatitudinis
673 1359 794 1422 genus,
816 1361 885 1424 qao
907 1343 1065 1408 ditabitur
1084 1341 1263 1407 mittentia

167 1456 300 1518 corporea
317 1442 349 1504 iu
371 1441 462 1504 critic
476 1443 727 1518 instauratione,
743 1446 860 1527 accipit
882 1456 916 1509 ct
929 1445 1047 1526 probri
1065 1464 1091 1508 s.
1103 1442 1263 1522 Hilarius,

168 1555 257 1602 uaeas
269 1539 449 1604 discutiens
463 1541 582 1606 Psalmi
596 1539 665 1610 1t8.
682 1542 820 1608 teneam
836 1544 1009 1610 moinum
1020 1544 1164 1610 decoctis
1177 1553 1239 1610 etc.
1252 1566 1262 1609 t

168 1635 243 1713 Quos
256 1639 323 1702 sire
344 1640 480 1704 eosdem
501 1642 619 1706 habeas
639 1661 678 1706 ac
699 1645 860 1725 origenis,
875 1647 917 1707 ab
935 1646 1049 1711 codem
1063 1643 1206 1710 Doctore
1217 1645 1267 1708 la·

169 1741 218 1802 tine
236 1759 356 1817 remus,
381 1751 442 1805 aut
463 1743 560 1825 trojus
576 1747 800 1825 expressiones
823 1748 984 1830 proprias,
1005 1749 1055 1811 uti
1077 1755 1178 1829 putat
1188 1745 1266 1813 itte·

169 1858 325 1922 rnnymus5
348 1845 662 1927 quomodocumque
693 1847 746 1922 ait,
770 1854 918 1912 veterum
939 1845 1074 1911 Petrum
1095 1847 1127 1909 iu
1147 1847 1209 1909 irac
1229 1863 1266 1909 ra

168 1946 354 2006 manantia
379 1945 652 2025 deprehendetur.
668 1943 720 2010 Sic
741 1962 881 2026 namque
902 1945 943 2010 tic
959 1944 1078 2012 Christi
1101 1946 1265 2026 triumpho

168 2043 439 2110 inreeurrcciiune
452 2046 576 2120 scribit,
591 2046 697 2126 deque
712 2047 812 2126 ipsias
834 2063 947 2127 regno,
962 2047 1130 2127 iuquiens:
1148 2068 1164 2106 u
1180 2043 1265 2110 Nam

167 2146 323 2210 amanium
346 2146 573 2228 propheticam
594 2155 627 2210 et
646 2148 859 2228 apostolicam
879 2148 1165 2228 praedicationem,
1187 2147 1264 2212 bea·

168 2244 281 2310 tiistiua
296 2248 392 2328 regni
413 2248 600 2312 uicinitatis
621 2257 773 2312 aeternae
787 2249 819 2312 iu
841 2249 890 2314 iris
906 2249 988 2312 ortin
1009 2248 1183 2328 dispositus
1204 2255 1265 2330 est,
1395 2275 1405 2293 ·

167 2347 451 2414 nrcsurrcctionis
471 2349 712 2424 demutatione,
735 2354 767 2414 io
788 2351 1037 2430 congregatione
1056 2357 1264 2425 sauctorum,

167 2447 191 2509 in
200 2449 431 2515 dominicorum
444 2453 564 2514 uirium
577 2451 916 2533 confrequentantium
926 2452 1080 2517 incolatu.
1096 2451 1172 2517 Post
1180 2469 1267 2536 quae

165 2547 421 2628 inminentem
442 2549 634 2616 beatitudine
655 2554 804 2617 omnibns
835 2554 1018 2618 constitutis
1048 2553 1088 2615 ati
1110 2552 1268 2616 cauendae

167 2645 211 2710 ilci
229 2651 352 2728 laudes,
378 2654 442 2715 ltoc
463 2655 673 2733 consequenti
697 2653 825 2718 Psalmo
846 2655 968 2719 chorus
991 2654 1181 2717 coelestium
1204 2653 1269 2716 rir-

168 2755 277 2829 tutam,
299 2761 570 2834 potestatumque
601 2755 807 2818 contrahitur
818 2775 830 2834 3
860 2763 894 2818 et
913 2755 956 2818 ob
976 2754 1145 2835 depulsam
1165 2753 1268 2818 monii

168 2853 342 2929 vanitatem,
367 2864 521 2919 creatura
543 2857 646 2920 omnia
666 2875 708 2920 ex
730 2857 835 2938 magni
859 2855 1042 2920 officiorum
1062 2873 1201 2919 suorum
1221 2855 1269 2918 la·

166 2948 279 3017 tonnus
292 2954 460 3028 absoluta,
475 2963 509 3018 st
530 2955 560 3016 in
581 2955 666 3018 beato
683 2973 782 3036 regno
803 2955 1003 3021 aeternitatis
1017 2955 1195 3036 aliquando
1216 2972 1268 3018 rc·

166 3055 284 3133 spirans,
301 3055 411 3120 Deum
432 3073 529 3120 aarum
544 3064 577 3120 ot
596 3058 680 3120 laeta
703 3057 869 3138 praedicet
888 3065 922 3120 ct
937 3058 1062 3136 quieta,
1084 3063 1117 3120 et
1138 3057 1205 3137 ipsa
1220 3073 1269 3120 to·

167 3156 290 3220 annium
313 3157 534 3237 Apostolum,
564 3159 596 3220 iu
618 3159 721 3240 gloria
746 3159 850 3222 lentae
872 3159 1072 3223 aeternitatis
1092 3163 1269 3236 assumpta,

165 3271 225 3318 carn
238 3259 303 3321 ait:
326 3257 443 3323 etenim
457 3257 631 3338 expectatio
651 3257 753 3340 ipsius
774 3268 938 3325 erectores
957 3256 1175 3323 revelationem
1187 3254 1273 3337 filio·

166 3370 224 3417 ran
238 3355 292 3420 Dei
305 3369 461 3439 ceperint.
484 3357 623 3423 Vanitati
642 3359 726 3424 enim
746 3371 894 3424 creatura
913 3360 1051 3440 wljecto
1069 3368 1112 3422 eat
1132 3376 1198 3420 non
1217 3377 1271 3420 oo-

166 3453 231 3532 itet,
249 3461 301 3522 ced
316 3470 452 3540 propter
472 3479 555 3536 eum,
576 3460 635 3542 poi
652 3459 782 3542 subjecit
802 3481 874 3524 eom
893 3459 931 3524 in
951 3478 1014 3542 ape.
1041 3458 1130 3536 Quin
1148 3468 1178 3522 et
1197 3457 1269 3539 t'pto

167 3571 295 3624 atatam
315 3560 505 3626 liberabitur
518 3583 540 3626 o
553 3563 703 3626 seroitttte
724 3562 938 3644 comptionis
957 3562 995 3625 in
1014 3561 1184 3626 libertatem
1203 3560 1270 3642 pio-

169 3655 224 3718 riee
240 3661 384 3740 fitiorum
407 3659 473 3724 Dei.
493 3661 577 3726 Hinc
597 3681 676 3744 erqo
698 3665 837 3748 hymnus
858 3671 907 3727 est
927 3664 1086 3726 libertatis
1106 3663 1265 3734 indultus,

169 3763 239 3836 qaod
263 3763 449 3828 officiorum
480 3782 617 3829 suoram
647 3766 835 3829 necessitate
866 3765 1040 3840 aoeotuta,
1069 3771 1103 3828 ct
1121 3771 1215 3827 antea
1236 3764 1267 3826 in

168 3877 232 3924 usas
251 3866 385 3931 humaui
398 3865 544 3946 subjecta
565 3867 705 3940 torritii,
720 3866 787 3947 jam
803 3865 1018 3940 couiormata‚
1035 3866 1163 3928 tantem
1183 3864 1266 3927 lilio·

170 3975 228 4026 raot
247 3963 304 4030 ilci
326 3968 431 4047 gloria
454 3969 485 4031 in
507 3976 671 4030 aeternam
702 3963 946 4042 beatitudinem,
979 3967 1181 4030 creationum
1205 3965 1271 4029 ele·

170 4073 257 4127 ucula
280 4069 500 4147 requiescunt.
532 4066 635 4149 Cujus
660 4064 864 4130 lentitudinis
883 4067 980 4147 longo
1006 4065 1131 4146 jamdiu
1151 4082 1266 4127 secun-

170 4159 230 4226 iotu
259 4167 454 4248 Apostolum
476 4167 632 4244 Petrum,
654 4168 813 4232 desiderio
835 4167 1082 4241 detinebantur,
1104 4183 1179 4229 cun
1201 4166 1266 4227 ait:

173 4259 240 4327 flore
257 4287 335 4348 quoe
356 4267 447 4332 modo
467 4268 552 4332 auiis
573 4267 725 4333 nuntiata
745 4278 822 4333 eunt
838 4287 899 4349 per
912 4287 973 4343 eoa,
995 4264 1052 4348 qui
1070 4264 1155 4328 oolia
1168 4261 1272 4345 Spiri-

174 4369 200 4423 itt
213 4362 321 4432 Sancto
339 4370 655 4450 eoanpeiieaoerunt,
668 4389 749 4450 quae
762 4369 859 4433 mitro
879 4377 954 4432 sunt
973 4369 1011 4430 de
1030 4365 1133 4428 coeio:
1155 4362 1192 4427 itt
1206 4381 1272 4445 pato

176 4478 200 4524 n
209 4471 426 4552 complacent
435 4469 545 4552 onpeti
554 4469 745 4553 prospicere.
761 4469 955 4554 Expectatio
969 4469 1071 4552 igitur
1081 4466 1269 4534 coelestium
