3375 5567
426 759 485 824 ter,
506 758 563 814 tuo
575 770 644 815 meo
663 764 749 817 aunt.
767 753 827 819 Sed
851 754 882 818 in
904 755 965 831 lals,
988 773 1070 835 qnos
1085 754 1173 818 Patri
1193 752 1302 819 subdit
1319 753 1521 821 credentesin

425 869 472 927 se,
495 855 647 933 qnoniam
669 856 699 917 in
723 873 923 936 unoquoque
945 875 1059 923 eornm
1080 874 1115 919 se
1135 874 1204 919 esse
1225 856 1313 931 dicit,
1335 864 1368 921 et
1386 875 1419 921 se
1438 860 1466 919 in
1484 859 1523 919 eis

428 957 567 1031 esurire,
590 958 739 1033 absiliae,
755 967 788 1021 et
808 958 1027 1035 nodamenta,
1049 977 1149 1038 seque
1171 960 1257 1037 pasci
1278 959 1310 1019 in
1331 960 1376 1022 eis
1396 964 1428 1021 ct
1444 957 1524 1021 indui

427 1056 600 1143 prolitetnr
611 1079 623 1136 3
644 1059 766 1122 idcirco
780 1068 813 1125 et
833 1061 865 1121 in
887 1061 950 1123 illis
971 1062 1038 1140 ipse
1054 1060 1174 1123 dicitnr
1188 1078 1257 1123 esse
1277 1060 1450 1140 subjectns.
1470 1058 1524 1121 Sed

428 1157 506 1219 haec
529 1176 587 1239 per
607 1177 776 1222 excessum
805 1160 979 1241 quemdam
1008 1161 1186 1225 dictasint.
1209 1179 1226 1218 n
1252 1157 1393 1239 ideoque
1412 1168 1526 1223 ceteras

430 1259 594 1339 praefatae
609 1264 864 1343 nuncupationes
886 1263 955 1341 pari
968 1280 1063 1326 sensu
1085 1262 1288 1341 accipiendae
1309 1270 1405 1341 sunt3
1425 1269 1455 1325 et
1474 1278 1528 1322 oon

430 1360 489 1423 nisi
506 1370 654 1441 respectu
668 1378 798 1440 causae,
815 1363 975 1444 principii,
988 1362 1082 1426 tontis
1095 1364 1126 1425 in
1141 1363 1254 1427 ordine
1267 1363 1449 1427 divinarum
1464 1360 1529 1425 Per·

429 1479 583 1525 sonarum
613 1464 954 1545 comprehendendam
983 1464 1079 1528 aliter
1099 1465 1131 1527 in
1159 1465 1239 1527 illud
1262 1467 1464 1529 incurramus
1483 1464 1530 1525 ab·

430 1563 591 1641 surdum3
606 1580 623 1625 a
639 1582 705 1643 quo
720 1563 876 1645 Origenes
895 1565 961 1645 ipse
985 1583 1019 1628 se
1044 1572 1076 1627 et
1088 1564 1170 1628 alios
1184 1574 1327 1640 amovet,
1343 1563 1530 1645 quicumque

431 1663 471 1726 de
493 1664 555 1727 boc
576 1665 730 1745 mysterio
753 1666 844 1745 loqui
869 1666 978 1729 velint.

509 1764 626 1830 Scribit
646 1769 729 1829 enim
746 1768 777 1827 in
794 1766 891 1839 Libro
908 1767 931 1831 Ι.
953 1765 1146 1831 Periorclron
1160 1786 1187 1831 o.
1209 1765 1252 1830 ΙΙ.
1269 1785 1300 1830 n.
1319 1766 1350 1833 6.
1370 1764 1454 1846 quod
1473 1766 1532 1845 jam

432 1868 676 1945 proemisimus:
702 1867 986 1931 «Observandum
1008 1886 1148 1949 namque
1171 1877 1239 1943 est,
1262 1870 1377 1950 nequis
1402 1870 1534 1930 incorrat

432 1968 464 2028 in
489 1968 560 2030 illas
582 1968 738 2032 absurdas
764 1967 891 2033 iabnlas
917 1986 1054 2048 eornm,
1081 1970 1136 2049 qui
1167 1969 1366 2049 prolationes
1390 1966 1532 2048 quasdam

358 2116 361 2121 .
432 2065 491 2129 albi
513 2068 572 2146 ipsi
594 2067 775 2147 dipingont,
793 2076 829 2130 ιιι
850 2068 989 2149 divinam
1013 2077 1161 2131 naturam
1183 2071 1215 2131 in
1236 2077 1346 2147 partes
1369 2073 1538 2140 vocent,et

380 2174 386 2180 '
435 2166 538 2231 ileum
556 2167 697 2244 Patrem,
721 2178 879 2248 quantum
903 2169 934 2231 in
953 2188 988 2233 sc
1010 2170 1248 2248 est,dividant;
1270 2188 1347 2235 cum
1363 2171 1425 2233 hoc
1444 2168 1481 2229 de
1498 2168 1536 2227 io·

433 2287 591 2349 corporea
613 2278 728 2333 natura
754 2270 803 2332 vel
826 2270 945 2334 leviter
964 2271 1143 2350 suspicari,
1168 2288 1230 2332 non
1251 2270 1359 2335 solum
1383 2277 1536 2333 extremae

434 2369 605 2448 impietatis
619 2371 674 2442 sit,
697 2388 810 2433 verum
833 2373 930 2433 etiam
950 2370 1082 2433 ultimae
1104 2370 1324 2450 insipientiae3
1340 2388 1401 2433 nec
1421 2369 1537 2433 omnino

433 2470 472 2532 ad
489 2470 732 2549 intelligentiam
746 2488 958 2553 consequeus,
973 2479 1010 2533 ut
1024 2473 1235 2550 incorporeae
1251 2480 1391 2534 naturae
1404 2469 1537 2533 substan·

437 2570 519 2634 tialis
541 2572 654 2635 divisio
676 2572 774 2651 possit
796 2573 941 2652 intelligi.
972 2571 1075 2653 Magis
1097 2589 1175 2653 ergo
1196 2573 1281 2635 sicut
1304 2571 1455 2639 voluutas
1473 2588 1537 2649 pro·

432 2672 549 2735 cedite
564 2682 680 2747 mente,
704 2681 737 2735 at
757 2692 862 2753 nequo
877 2682 1002 2755 partem
1023 2674 1166 2753 aliquam
1191 2676 1303 2737 mentis
1324 2682 1428 2745 secat,
1443 2688 1536 2750 nequo

435 2774 476 2834 ab
496 2790 533 2835 oa
554 2782 740 2853 separatur,
762 2783 820 2837 aut
840 2774 1009 2847 dividitur,
1025 2773 1080 2835 tali
1101 2773 1242 2853 quadam
1263 2775 1372 2853 specie
1387 2771 1538 2854 putandus

434 2885 483 2938 est
507 2872 602 2937 Pater
623 2876 770 2953 genuisse
794 2872 925 2949 Filium,
942 2872 1111 2953 imaginem
1130 2873 1255 2937 scilicet
1273 2890 1393 2952 ωιτη
1416 2880 1450 2937 ut
1468 2872 1541 2935 sicut

436 2978 502 3057 ipse
524 2977 690 3039 invisibilis
711 2984 759 3039 est
780 2994 839 3057 per
860 2983 1024 3049 naturam,
1040 2976 1083 3039 ita
1105 2974 1275 3055 imaginem
1297 2993 1432 3055 qnoque
1447 2972 1540 3037 invisi

438 3079 535 3143 bilem
557 3080 714 3158 genuerit.
733 3097 750 3135 ν
829 3089 836 3099 ’

518 3177 655 3243 nemum
684 3186 818 3242 cunctas
838 3178 896 3241 has
918 3178 1129 3243 discussiones
1150 3184 1288 3243 exornet
1308 3196 1422 3243 recens
1442 3176 1540 3254 On'ge

437 3282 485 3343 nis
502 3280 718 3343 testimonium
740 3280 861 3342 editum
884 3279 915 3341 in
932 3276 1130 3343 Bibliotheca
1148 3278 1240 3343 Nora
1263 3278 1398 3343 Petrum
1419 3296 1438 3341 a
1458 3276 1541 3341 uara.

438 3380 527 3462 Majo
542 3379 644 3445 tomo
660 3378 732 3443 vlt.
754 3381 786 3441 iu
805 3373 835 3445 4.
858 3398 899 3443 ex
922 3398 1039 3460 graeco
1066 3380 1183 3446 Codice
1205 3380 1380 3457 Vaticano,
1404 3380 1543 3458 inscripto

439 3479 605 3561 Expositio
624 3483 660 3545 io
684 3480 854 3544 Proverbio
874 3478 1063 3544 Solomonis.
1084 3480 1131 3544 lbi
1159 3502 1185 3545 c.
1205 3480 1291 3547 Vlll.
1314 3500 1344 3543 n.
1366 3479 1418 3547 86.
1441 3481 1478 3543 do
1496 3478 1542 3543 St·

441 3584 557 3664 pientia
580 3583 684 3644 divina
708 3584 788 3645 hacc
809 3591 982 3645 notantur:
1008 3606 1023 3641 a
1041 3571 1206 3653 Ὀυσια
1189 3578 1306 3663 ausuri
1331 3606 1390 3651 του
1375 3580 1481 3653 esto
1500 3600 1543 3647 σο

437 3683 510 3777 plu,
534 3678 598 3779 τρο
618 3677 739 3753 dromo
754 3680 933 3775 γεγένηται,
924 3706 1006 3754 ,και
1000 3677 1091 3779 apd
1105 3680 1237 3765 κτίσεως
1251 3664 1409 3759 ἀΐδιος
1386 3702 1438 3761 ην·
1454 3667 1545 3747 deta

436 3784 554 3881 οχὲοτν
576 3785 655 3891 apsis
688 3782 728 3855 τοὶ
752 3786 890 3879 potore?
920 3778 1067 3871 ἒδὲξατο,
1100 3785 1170 3857 τότε
1192 3780 1284 3884 ἀρχη
1308 3781 1370 3853 τῶν
1396 3781 1474 3853 ὁδῶν
1501 3781 1547 3847 rio

439 3892 519 3965 Ocni
520 3892 646 4016 gigans
668 3892 729 3959 τῶν
759 3892 932 3971 ποιητικῶν
955 3914 1044 3963 και
1036 3888 1261 3983 προνοητικῶν·
1296 3884 1438 3981 ον’ζιτχος
1459 3873 1545 3961 ἷννῆ

435 3994 527 4097 ἅρχη
550 3998 619 4077 abac
641 3992 822 4087 κτίομοιοτν
845 4020 889 4066 ων
910 3992 1036 4089 γέγονεν
1060 3991 1164 4099 ἀρχη,
1187 3990 1394 4065 τουτέστιν
1373 4020 1395 4073 η
1419 3991 1493 4093 τρδς
1513 3980 1547 4053 τά

435 4098 570 4197 γεννητά
583 4126 644 4197 οχ
631 4100 710 4184 έ·οτς
735 4097 756 4181 ἡ
781 4100 815 4169 δὲ
831 4104 929 4223 copia
952 4094 1072 4182 attiae
1098 4098 1257 4181 ονοιωδῶς
1279 4096 1471 4200 repedicione
1493 4115 1543 4161 τιτ-

435 4200 531 4303 ρὰ
500 4208 545 4276 τῶ
565 4209 633 4301 Θεῷ
654 4204 856 4307 νιττιρχονοα.
881 4210 902 4270 i
926 4227 954 4271 e.
970 4207 1152 4273 Substantia
1178 4225 1253 4270 cum
1281 4209 1322 4268 sit
1344 4204 1401 4267 liei
1426 4200 1542 4282 Sapien-

441 4314 496 4386 tia,
518 4317 592 4373 autc
607 4309 717 4372 secuta
740 4318 812 4371 nata
837 4318 886 4371 est
907 4318 941 4371 ot
963 4319 1036 4373 ante
1057 4317 1242 4373 creaturam
1257 4308 1448 4386 sempiterna
1469 4308 1539 4365 erat.

441 4411 523 4475 Cum
545 4421 653 4474 autem
678 4410 866 4471 relationem
889 4428 963 4489 erga
988 4418 1156 4473 creaturas
1177 4409 1316 4482 admisit,
1334 4416 1409 4469 tnnc
1430 4404 1541 4467 initium

446 4513 572 4574 siarum
597 4510 653 4575 llei
684 4511 768 4583 lacta
789 4520 856 4587 cst,
884 4512 1054 4575 creationis
1086 4510 1233 4575 videlicet
1254 4519 1285 4573 ct
1311 4506 1538 4589 providentiam
