3375 5567
451 659 509 733 13⁰

906 768 1046 842 CAPUT
1068 770 1107 837 X.

438 953 559 1051 ¹i'erpit
588 984 810 1053 oruamentum
837 978 874 1041 aia
902 975 988 1045 Varii
1013 975 1071 1043 Daa'
1091 977 1320 1045 lemmatum
1345 991 1372 1047 st
1397 979 1541 1061 pruaripaa

485 1074 638 1139 adsum
649 1095 713 1155 soa,
727 1078 873 1158 opinatos
889 1077 1067 1161 Ortospana,
1079 1080 1207 1150 animoa
1221 1080 1341 1149 ebriati
1351 1082 1544 1162 preamium·

489 1174 568 1237 tiam
588 1175 762 1244 uomuisse.

450 1424 668 1555 lacessantur
687 1487 836 1567 origenis
850 1488 1027 1553 adversarii
1044 1489 1188 1571 nudique
1209 1497 1391 1572 satagentes
1411 1494 1446 1553 ut
1458 1489 1545 1568 ipsum

451 1594 598 1663 carpant,
618 1584 750 1650 eLtbao
772 1586 813 1651 ΙΙ.
835 1585 1032 1651 Perinrtboa
1047 1608 1074 1651 c.
1092 1587 1148 1651 Vi.
1166 1588 1211 1653 De
1232 1586 1456 1653 Iueorsutiorar
1476 1584 1549 1649 Ciri-

451 1684 504 1761 sti,
523 1691 724 1755 occasionem
740 1700 934 1769 repererunt
949 1709 1029 1755 suae
1051 1688 1123 1755 fidei
1140 1689 1306 1752 insidiandi
1322 1688 1480 1769 probitati.
1493 1683 1548 1748 Pri-

452 1806 517 1861 ten,
539 1789 626 1868 qnod
643 1791 710 1869 ipse
729 1793 869 1854 animam
888 1789 1007 1857 Christi
1029 1808 1104 1855 aum
1125 1790 1292 1854 animabus
1308 1790 1472 1855 bominum
1485 1786 1547 1850 reti·

452 1892 526 1969 qaia
545 1892 641 1971 ionga
661 1901 736 1959 aute
756 1910 877 1971 corpas
897 1910 915 1955 a
938 1889 1007 1958 Deo
1028 1881 1231 1973 procreatam
1247 1892 1407 1971 senserit5
1426 1887 1549 1953 monto

451 1993 538 2071 quoti
560 2011 681 2073 purum
698 1994 860 2057 bominem
880 1992 1045 2059 Christum
1061 1992 1118 2057 iiei
1139 1995 1296 2072 senserit3
1313 1993 1482 2074 dequibus
1498 1991 1548 2053 sia·

451 2093 588 2173 pittatitn
607 2095 836 2176 disputantium
858 2102 916 2161 est.
939 2094 1043 2157 tatas
1066 2110 1260 2173 veroquam
1282 2096 1331 2161 rei
1353 2094 1547 2171 investigatio

452 2212 524 2258 uem
542 2195 782 2275 aggrediamur,
798 2196 899 2276 ipsius
913 2195 1066 2263 Auctoris
1082 2194 1153 2257 fidei
1169 2194 1402 2275 professionem
1424 2197 1454 2257 in
1470 2193 1548 2256 Prae·

452 2296 572 2358 tatione
592 2297 808 2376 obsignatam,
831 2294 1098 2376 praemittendam
1120 2297 1222 2371 duco,
1247 2304 1403 2376 unquam
1423 2310 1548 2357 normam

451 2417 584 2472 corum,
603 2399 760 2478 quaesibi
781 2398 980 2461 discutienda
1002 2401 1183 2481 proposuit.
1200 2399 1308 2481 inquit
1330 2399 1460 2463 enimin
1479 2416 1505 2459 u.
1522 2388 1546 2459 i:

453 2498 619 2578 «Species
642 2516 720 2562 vero
735 2517 864 2570 coruus,
887 2514 971 2578 quae
993 2518 1051 2578 per
1065 2500 1337 2580 praedicationem
1359 2497 1548 2580 apostoticam

453 2598 621 2662 manitesto
644 2599 831 2672 traduntur,
848 2600 927 2663 istae
947 2606 1032 2662 sunt.
1052 2598 1159 2664 Primo
1181 2600 1267 2680 quod
1292 2618 1377 2663 uuus
1402 2596 1483 2661 Deus
1501 2602 1548 2669 est,

452 2701 508 2779 qni
529 2700 636 2762 omnia
657 2702 781 2764 creavit
801 2708 900 2781 atque
922 2702 1104 2781 composuit
1115 2745 1241 2775 ......
1265 2700 1389 2765 Deinde
1418 2700 1488 2779 quis
1507 2692 1549 2759 ie

451 2820 508 2865 sus
522 2798 671 2865 Christus
685 2803 753 2881 ipse
773 2802 829 2882 qui
853 2801 951 2877 uenit,
963 2810 1038 2864 ants
1059 2820 1186 2866 omnem
1204 2808 1394 2866 creaturam
1414 2810 1499 2863 natus
1516 2816 1548 2859 ex

451 2902 550 2967 Patra
573 2910 631 2967 est.
659 2901 820 2979 Quicum
842 2904 874 2965 iu
901 2905 1046 2968 omnium
1072 2903 1254 2967 conditione
1280 2901 1370 2967 Patri
1396 2902 1549 2965 ministras·

451 3011 513 3067 aeta
525 3021 584 3083 per
602 3001 708 3083 ipsum
728 3005 812 3068 enim
830 3004 918 3079 saeta
938 3000 1045 3067 amuis
1065 3013 1160 3077 sunu
1174 3001 1356 3069 novissimis
1373 3001 1549 3085 temporibus

452 3106 593 3185 seipsum
618 3105 816 3181 exinaniens,
838 3106 937 3169 homo
959 3104 1085 3179 tactus,
1109 3105 1295 3170 incarnatus
1316 3114 1367 3169 est
1388 3123 1460 3168 cnm
1480 3100 1549 3165 [iens

451 3215 555 3283 naseu
570 3215 602 3268 et
623 3206 720 3269 bomo
739 3203 844 3268 tactus
866 3206 980 3267 mansit
997 3206 1084 3285 quod
1107 3214 1178 3267 erat
1192 3204 1289 3268 Deus.
1307 3206 1434 3285 Corpus
1447 3218 1549 3267 assum

452 3308 514 3387 psit
534 3313 645 3369 nostro
666 3306 797 3384 corpori
819 3306 935 3379 simite,
959 3324 998 3368 eo
1018 3306 1090 3367 soto
1110 3306 1261 3369 differens
1282 3307 1371 3387 quod
1395 3315 1498 3368 uatum
1516 3318 1548 3363 es

451 3406 583 3487 Virgine
597 3414 629 3469 et
649 3405 771 3485 Spiritu
786 3405 903 3471 Sancto
923 3412 981 3471 est.
1006 3404 1045 3469 Et
1061 3410 1213 3486 quoniam
1231 3407 1282 3470 bic
1303 3405 1401 3470 iesus
1423 3406 1548 3470 Christus

451 3516 547 3571 natus
566 3512 599 3569 et
620 3524 731 3585 passus
752 3514 801 3569 est
819 3507 851 3569 iu
875 3507 1022 3582 raritate,
1045 3515 1076 3570 ct
1097 3526 1160 3569 nou
1176 3526 1234 3587 per
1248 3508 1460 3586 phantasiam,
1481 3518 1550 3566 com·

453 3624 584 3670 munem
604 3606 687 3669 banc
716 3615 853 3669 mortem
875 3608 1028 3671 sustinuit
1048 3617 1108 3669 etc.
1132 3626 1148 3663 s
1173 3605 1261 3670 Haec
1291 3617 1401 3671 autem
1423 3602 1549 3683 Oripeais

452 3707 610 3786 protessio
631 3724 693 3769 non
714 3707 876 3770 dissimilis
898 3707 1056 3787 probatur
1070 3709 1110 3769 ab
1131 3708 1234 3771 attera
1257 3706 1402 3792 Symboti
1421 3727 1446 3771 s.
1468 3704 1550 3767 attha·

452 3809 542 3871 nasio
562 3806 726 3887 inscriptis
751 3827 768 3865 a
793 3805 849 3869 Est
869 3825 946 3886 ergo
968 3807 1044 3871 tides
1068 3816 1168 3883 reeta,
1193 3819 1229 3869 ut
1249 3809 1422 3871 credamus
1441 3815 1471 3869 et
1489 3819 1549 3867 cou-

452 3908 616 3981 assamur,
632 3908 707 3987 quia
723 3906 880 3971 Durniuus
896 3917 1005 3970 noster
1018 3907 1114 3971 iesus
1131 3908 1279 3973 Christus
1297 3908 1355 3973 Dei
1372 3909 1466 3981 titius,
1479 3904 1549 3967 Deus

453 4018 486 4073 et
508 4010 604 4074 bomo
625 4016 683 4072 est.
697 4006 786 4072 Deus
806 4029 849 4071 ex
870 4010 1046 4074 substantia
1072 4008 1173 4073 Patris
1193 4019 1265 4073 aute
1287 4011 1397 4073 secuta
1420 4010 1547 4087 genitus:

452 4119 484 4173 et
506 4110 603 4173 humo
625 4117 673 4173 est
687 4127 727 4173 es
750 4109 927 4173 substantia
951 4112 1062 4174 matris
1087 4111 1250 4173 insecuto
1273 4120 1377 4173 natus
1403 4108 1547 4171 Perfectus

457 4208 557 4286 Deus,
581 4208 746 4291 perfectus
767 4210 878 4286 bomo,
895 4229 937 4273 ex
959 4213 1061 4275 anima
1087 4213 1236 4275 rationaii
1258 4221 1290 4275 et
1313 4202 1448 4274 bumana
1469 4222 1549 4271 carue

455 4312 631 4377 subsistens
651 4319 713 4375 etc.
737 4330 754 4367 r

537 4410 588 4476 Ex
609 4413 659 4476 bis
681 4413 862 4492 praemissis
886 4412 999 4477 deiude
1021 4414 1212 4479 descendens
1233 4414 1388 4495 Origenes
1409 4410 1446 4473 ad
1466 4424 1549 4487 quae·

455 4513 605 4588 stionem,
630 4515 676 4576 rei
697 4510 885 4577 difficultate
906 4514 1044 4595 inspecta
1070 4518 1115 4579 uti
1140 4517 1298 4597 ingenium
1322 4516 1546 4579 humanumea·
