3375 5567
165 782 261 845 iterun
281 781 311 843 iu
333 781 453 861 tempio
475 776 536 845 Dei
558 780 795 847 restituendum
806 800 819 859 3
841 786 875 843 et
895 777 1025 857 similia,
1046 795 1133 860 quae
1164 795 1270 861 aequa

165 900 196 945 er
212 881 350 963 subjecta
371 883 506 944 materie
529 880 738 962 expendenda
758 887 845 946 sunt.

227 979 307 1045 Telis
326 998 428 1061 porro
448 981 596 1057 refictin,
611 984 681 1047 sire
691 981 896 1057 reformatio,
911 981 945 1043 in
961 982 1092 1045 homine
1102 980 1262 1063 sapienda

164 1082 320 1147 uiidiriaa
336 1084 460 1146 virtute
484 1084 724 1159 tantummodo,
736 1084 874 1148 seorsim
898 1083 940 1146 ab
963 1083 1104 1147 hnmana
1120 1083 1271 1147 voiunta-

165 1190 199 1259 te,
216 1200 268 1247 uec
287 1200 329 1248 cx
350 1182 500 1263 ejusdem
520 1185 643 1247 meritis
664 1192 696 1249 et
718 1189 896 1266 potestate:
926 1201 1002 1248 eum
1024 1184 1196 1250 tribuenda
1227 1187 1270 1249 ait

163 1280 215 1347 deo
232 1287 380 1363 creatori,
403 1287 462 1365 qni
486 1302 541 1348 ras
565 1286 702 1349 hominis
724 1286 768 1349 ob
795 1294 965 1366 peceatum
986 1292 1194 1367 corruptum,
1209 1301 1269 1350 seu

164 1386 286 1450 uitiatum
306 1390 339 1450 in
360 1389 534 1468 pristinam
555 1387 810 1466 incorruptionis
834 1392 869 1447 et
889 1386 1141 1451 immortalitatis
1161 1386 1271 1453 cnudi·

163 1484 257 1549 tioscm
278 1488 488 1551 restaurabit.
511 1484 605 1562 Quae
625 1486 731 1549 omnio
754 1486 849 1549 docet
870 1504 930 1566 per
953 1495 1091 1553 mortem
1112 1499 1145 1553 et
1158 1504 1268 1552 resur·

165 1587 313 1651 rectionem
336 1606 354 1649 a
378 1586 449 1649 Deo
470 1585 569 1662 edici,
592 1587 693 1651 reiuti
717 1588 814 1662 riam,
837 1604 901 1667 qua
925 1589 1023 1651 homo
1045 1588 1084 1650 ad
1104 1589 1267 1670 iudicium

165 1686 267 1749 incedat
285 1689 515 1762 novissimum,
538 1692 575 1751 ut
597 1687 684 1762 boui,
709 1687 762 1749 vei
784 1688 874 1762 mcii,
897 1688 986 1767 quod
1009 1691 1115 1769 egerit
1135 1692 1166 1751 iu
1188 1692 1267 1765 rita,

165 1798 329 1867 perpetuam
344 1790 487 1866 accipiat
508 1788 769 1851 retributionem:
781 1788 870 1867 quod
893 1790 1093 1869 potissimum
1108 1808 1128 1853 a
1143 1810 1168 1853 s.
1183 1788 1266 1854 Gre-

165 1891 237 1964 prio
255 1892 285 1951 in
305 1888 409 1952 Libro
427 1888 472 1951 De
493 1887 611 1952 Animo
631 1899 660 1953 ct
674 1886 925 1965 Resurrectionc,
942 1898 1055 1954 contra
1069 1891 1167 1972 hujus
1189 1891 1267 1971 dog·

167 1990 239 2053 natis
251 1994 440 2055 mentitores
456 1989 715 2053 animadversum
728 1998 786 2055 eat.
798 1990 963 2071 Quodque
974 1980 1269 2071 procelarinsOra·

167 2090 233 2153 tinne
250 2090 304 2155 lii.
322 2090 368 2154 De
391 2088 512 2155 Christi
520 2088 770 2165 Resurrectionc,
786 2093 844 2167 ait,
861 2090 918 2155 ubi
931 2093 1079 2171 corporis
1099 2094 1203 2155 nostri
1216 2109 1268 2155 re·

101 2236 102 2241 η
166 2192 376 2255 surrectionem
389 2188 903 2271 stuiuithulusurodidictionibus
914 2188 1042 2289 δέυτερα
1052 2188 1270 2282 γένεσιςώᾶ·

101 2316 102 2319 “
164 2308 266 2369 murce,
287 2288 489 2383 ἀναβίωσις,
508 2286 762 2382 μετακόςμησις,
789 2287 1008 2373 inmiscere,
1033 2284 1270 2384 ἕπαναρθωσις,

168 2392 429 2477 mmmm,
453 2392 693 2487 παλίγγενεσία,
716 2395 789 2457 iude
810 2412 928 2457 oneum
957 2393 1099 2458 iudicans
1129 2403 1268 2459 naturae

101 2534 102 2551 2
168 2494 303 2561 hnmanae
323 2496 565 2571 conditionem,
587 2496 656 2559 sire
681 2496 829 2574 corporis
849 2494 1109 2569 innovationem
1132 2503 1165 2557 et
1187 2494 1269 2557 irone

167 2592 211 2657 iiei
226 2599 344 2677 indicio
367 2599 579 2679 praemittens
600 2598 787 2673 novissimo,
811 2597 899 2677 quod
921 2596 1027 2659 eidem
1041 2594 1268 2659 instaurationi

166 2696 376 2780 subsequetnr3
400 2716 439 2761 ae
460 2698 516 2763 nbi
531 2700 651 2777 cuique
672 2698 903 2761 retributiones
918 2716 977 2779 pro
1000 2698 1084 2760 ritae
1099 2703 1267 2761 anteactae

167 2799 266 2861 narius
281 2774 579 2864 decermntucitt
590 2801 673 2863 enim
687 2820 703 2859 u
713 2797 876 2875 Quoniurn
898 2806 1006 2862 antem
1021 2798 1270 2863 resurrectionis

168 2902 300 2963 tractatus
321 2902 531 2981 propositum
552 2901 584 2963 in
604 2919 639 2963 se
657 2900 819 2981 judicium
841 2900 984 2962 continet
996 2918 1008 2977 ;
1031 2908 1064 2961 et
1083 2914 1194 2961 saeros
1215 2896 1268 2961 Li·

169 2996 227 3060 ims
243 3001 385 3064 audiunt
404 3018 557 3079 expresse
583 3001 740 3072 dicentes,
762 2999 894 3062 minime
913 3017 932 3060 a
961 2998 1123 3062 reddenda
1145 2998 1270 3063 ratione

169 3114 281 3175 prorsus
300 3102 482 3165 immunem
503 3120 571 3165 esse
594 3102 693 3163 ritum
714 3108 871 3179 nostram3
892 3099 947 3162 sed
970 3098 1107 3163 eumad
1129 3098 1269 3163 aiterum

171 3200 209 3261 sci
232 3204 408 3265 secundam
428 3203 528 3265 simus
550 3204 648 3265 sitam
670 3202 836 3275 innovati,
857 3218 968 3265 omnes
988 3200 1166 3264 adstituros
1190 3210 1265 3266 ante

170 3299 290 3364 tribuual
301 3302 437 3378 Christi,
461 3310 498 3365 ut
510 3302 571 3365 sub
592 3301 649 3364 iiio
665 3300 782 3365 Jndice
803 3318 898 3382 porea
913 3300 1094 3365 reieramus
1109 3318 1169 3380 pro
1185 3302 1271 3366 sitae

169 3404 271 3467 actibus
285 3392 519 3467 retributiones
540 3412 632 3467 eto.»
650 3402 691 3467 iit
711 3404 810 3483 paulo
829 3410 901 3482 post
921 3422 964 3466 ex
981 3400 1095 3464 Lorari
1112 3400 1271 3466 Purabnin

169 3516 287 3581 arguens
316 3504 469 3569 intorem
490 3503 762 3566 resurrectionem
790 3502 923 3565 subdit:
946 3520 963 3561 r
985 3501 1034 3563 dc
1054 3517 1148 3563 nemo
1176 3509 1271 3581 putet

170 3598 313 3686 hausjam
334 3604 519 3683 contigisse:
540 3603 596 3666 sed
619 3604 698 3666 hacc
718 3610 794 3667 suut
815 3602 920 3666 iuturi
941 3602 1202 3683 praedictionem.
1225 3600 1269 3666 Et

172 3708 297 3771 evenient
319 3716 391 3771 tum
413 3722 488 3767 eum
510 3700 756 3797 μετακόςμησες
769 3704 936 3768 renovatio
956 3704 1096 3765 animam
1110 3701 1271 3768 deiuuetis

173 3804 351 3883 reddiderit,
372 3824 413 3869 se
432 3804 576 3885 singulos
607 3804 646 3866 ad
665 3805 865 3869 reddendam
886 3812 977 3867 uctae
1001 3804 1086 3867 ritae
1111 3795 1269 3868 r'ationem

173 3903 333 3983 reduxerit,
357 3906 552 3989 compositus
574 3905 687 3968 eodem
707 3906 817 3982 modo,
842 3923 908 3985 qun
929 3913 1023 3967 autea
1044 3921 1086 3967 ex
1104 3904 1219 3994 ⁴animo
1240 3913 1274 3969 ei

173 4018 289 4085 torpore
311 4015 506 4073 constantes.
531 4028 548 4065 s
572 4006 613 4071 Et
634 4009 745 4087 puncis
767 4006 943 4087 interjectis
961 4005 1061 4068 addit:
1085 4003 1274 4068 «Resurre-

174 4104 224 4167 ctio
241 4108 321 4171 enim
344 4116 378 4171 et
400 4107 439 4169 ad
463 4110 561 4170 ritum
583 4107 707 4171 reditus
728 4116 761 4171 et
783 4106 1025 4171 transformatio
1036 4115 1069 4167 et
1089 4106 1195 4167 omnia
1212 4104 1273 4168 hu·

175 4200 292 4277 jusmodi
315 4206 477 4271 uocabula
506 4207 733 4285 cogitationem
754 4206 913 4269 audientis
942 4206 1067 4268 ducunt
1087 4203 1127 4266 ad
1152 4220 1274 4283 eorpus

177 4310 359 4387 corruptioni
382 4307 570 4371 obnoxium.
592 4306 743 4388 Numque
762 4308 882 4382 anima,
897 4308 924 4369 si
939 4308 1006 4386 ipsa
1029 4322 1132 4384 perse
1151 4321 1274 4367 seexa·

177 4404 308 4483 ninetnr,
324 4424 493 4489 uunquam
508 4417 668 4487 resurget,
691 4406 953 4489 quondoquidem
969 4424 1032 4470 non
1053 4406 1206 4482 moritur,
1216 4404 1272 4469 aed

179 4502 305 4573 interitus
328 4526 433 4573 cneus
449 4516 507 4573 est.
530 4507 612 4574 Com
630 4528 707 4575 sero
728 4506 990 4585 sternumentis,
1005 4507 1273 4589 mortaioenrpna
