3375 5567
1190 676 1252 752 lli

224 784 324 851 item
340 807 357 847 a
371 784 517 851 Observa
536 802 614 867 ergo
635 788 666 850 iu
687 788 725 851 iis
747 787 912 870 quomodo
932 788 1117 854 sacerdotes
1141 795 1174 852 et
1200 787 1248 850 di·

154 886 209 949 rini
230 905 359 953 cauum
380 889 554 963 malorum,
568 905 652 969 quae
673 888 855 955 acciderant
869 889 1052 974 auopnytts
1073 896 1185 955 utrum
1203 906 1247 953 ex

154 1006 243 1053 nanu
265 988 340 1067 Dei,
362 998 395 1054 et
415 1010 475 1072 pro
496 990 600 1055 Areae
624 990 741 1073 injuria
765 993 922 1070 venerint,
944 1010 985 1055 an
1007 993 1145 1057 tortuitn
1164 994 1249 1056 acci·

152 1092 239 1166 derit,
261 1093 431 1173 propositis
444 1093 707 1173 contemplantur
720 1093 856 1171 indiciis,
877 1094 1037 1159 diceutes:
1053 1092 1149 1173 siper
1161 1090 1248 1156 siuas

149 1211 231 1256 suom
244 1195 287 1257 ud
306 1196 385 1275 fines
400 1212 473 1257 suos
486 1194 626 1257 ascendit
640 1193 677 1257 iss
690 1193 882 1271 Brtlssomis,
893 1194 966 1275 s'psu
981 1194 1068 1259 uobis
1081 1194 1154 1276 [scit
1173 1194 1249 1257 base

149 1295 250 1359 mola.
269 1341 276 1357 .
293 1340 302 1357 .
317 1341 326 1358 .
344 1294 424 1372 Quis
444 1314 522 1377 ergo
537 1298 568 1359 iu
590 1297 639 1360 bis
659 1298 685 1359 si
701 1297 870 1377 diligenter
891 1298 1047 1378 inspiciat,
1069 1298 1248 1377 praescien-

150 1398 219 1457 tiam
240 1396 321 1459 banc
334 1438 345 1471 ,
359 1415 443 1477 quae
467 1397 507 1459 de
528 1398 625 1461 bonna
650 1397 824 1463 directione
846 1398 1006 1479 praedicta
1022 1404 1084 1473 est,
1107 1396 1158 1461 rel
1179 1395 1246 1459 ior·

150 1498 256 1560 tultam
277 1498 378 1575 dicat,
402 1500 453 1563 vel
474 1498 584 1579 aliqua
605 1507 676 1563 arte
697 1500 905 1579 compositam
916 1520 928 1577 3
950 1508 983 1562 et
1003 1517 1066 1562 nou
1085 1498 1246 1578 operatio·
1356 1550 1365 1559 .

147 1616 182 1661 ne
195 1599 333 1677 quadarn
348 1599 542 1665 daemonnm
559 1602 782 1675 ministratam,
799 1604 856 1681 qni
872 1600 1050 1663 timuerunt
1064 1599 1169 1663 Areae
1185 1596 1249 1661 llo-

148 1701 218 1762 mini
241 1702 415 1765 rirtutem:
437 1720 502 1783 qua
523 1721 586 1766 nou
607 1704 713 1767 solum
736 1701 960 1783 affligebantur
979 1711 1012 1765 et
1033 1701 1248 1782 puniebantur

147 1800 322 1886 dllopbpli,
339 1822 451 1867 rernm
467 1814 498 1867 et
519 1805 627 1868 cultus
642 1807 708 1885 ipse
723 1805 917 1869 daemonum
938 1804 1180 1877 destruebatur,
1195 1808 1247 1867 nt·

147 1913 215 1984 pote
228 1905 411 1968 simulacris
431 1922 559 1979 eorum,
576 1907 780 1987 templisque,
801 1906 840 1969 ad
862 1908 1042 1986 ingressum
1057 1904 1163 1967 Areae
1183 1901 1249 1965 llo·

147 2006 235 2081 mini,
258 2004 515 2071 corruentibus?
542 2006 600 2071 l'lst
621 2027 700 2089 ergo
722 2010 794 2073 talis
819 2008 979 2089 quaedam
1009 2008 1041 2069 iu
1071 2005 1246 2069 ministerio

146 2108 368 2187 praescientiae
388 2109 534 2187 operatio
555 2108 771 2185 daemonum,
801 2128 886 2190 qnae
907 2109 1032 2172 artibus
1052 2105 1245 2188 quibusdam

145 2208 179 2269 ab
200 2209 260 2284 his,
282 2210 338 2290 qni
358 2226 393 2271 se
414 2210 622 2274 daemonibus
645 2213 909 2291 mancipaverint,
926 2209 1091 2288 colligitur
1111 2216 1144 2269 et
1161 2224 1247 2270 nune

146 2326 197 2389 per
216 2328 294 2386 eas,
316 2326 397 2391 quas
417 2320 512 2373 sortes
532 2313 714 2388 nominant,
735 2330 820 2375 nuuc
842 2328 901 2391 per
920 2328 980 2384 ea,
1001 2326 1087 2390 qnae
1105 2306 1247 2388 duperia

148 2411 319 2490 appellant,
341 2429 427 2473 nunc
447 2413 542 2474 etiam
564 2431 605 2476 ea
626 2412 895 2492 contemplatione
910 2410 1077 2485 fibrarum,
1093 2426 1178 2490 quae
1195 2426 1250 2471 su·

145 2510 263 2590 tispicia
290 2520 417 2587 vocant,
434 2512 570 2593 aliisque
592 2513 709 2576 borum
730 2513 888 2578 similibus
903 2511 1082 2592 praestigiis
1101 2526 1249 2589 compra-

146 2612 232 2677 bendi
256 2613 398 2689 videtur,
414 2623 446 2676 et
467 2614 612 2693 intelligi.
635 2612 727 2691 Quae
741 2624 827 2679 artes
848 2616 879 2677 io
896 2622 1022 2677 tantum
1037 2613 1248 2691 proiecerunt

145 2715 178 2775 ad
192 2716 414 2797 decipiendum
429 2734 527 2796 genus
551 2716 729 2793 bominum,
746 2726 782 2780 ut
796 2719 893 2779 etiam
905 2715 1072 2799 justissimi
1088 2712 1246 2777 llaecbiae

145 2812 220 2879 ilius
243 2814 391 2878 llanasse
414 2816 474 2877 boc
495 2834 609 2879 errore
630 2816 782 2896 deceptus
803 2824 864 2878 etc.
885 2835 902 2873 s

214 2916 258 2980 Et
279 2926 351 2997 post
372 2935 471 2996 pauca
494 2918 676 2981 concludit:
694 2939 710 2978 s
727 2916 814 2982 llaec
835 2934 913 2997 ergo
933 2920 1054 2994 omnia,
1075 2917 1157 2979 idest
1174 2916 1243 2979 alre

144 3021 321 3098 auguratio,
342 3020 409 3082 sive
424 3020 626 3099 extispicium
646 3022 714 3083 sire
729 3020 893 3100 quaelibet
912 3020 1103 3094 immolatio,
1123 3018 1192 3082 aire
1210 3034 1243 3079 e·

144 3118 210 3183 tiam
225 3121 368 3196 sortitio,
387 3128 444 3182 aut
458 3122 656 3201 quicumque
672 3131 777 3183 motus
792 3122 915 3194 avium,
935 3119 985 3182 rel
1002 3121 1174 3200 pecudum,
1189 3117 1242 3179 rel

143 3218 289 3299 inspectio
310 3238 534 3301 quaecumque
556 3220 725 3296 librarum,
748 3229 785 3285 nt
799 3222 919 3301 aliquid
943 3221 1133 3285 futurorum
1156 3218 1241 3281 ride·

142 3330 231 3384 antur
251 3322 439 3398 ostendere,
462 3324 493 3383 in
514 3324 700 3403 operatione
721 3323 914 3385 daemonum
936 3322 1005 3385 lieri
1027 3341 1089 3385 non
1110 3321 1237 3393 dubito,

143 3420 341 3501 dirigentium
365 3424 414 3487 rel
447 3425 555 3487 arium
579 3423 630 3485 rel
651 3422 835 3503 pecudum,
869 3423 921 3484 vel
942 3422 1098 3485 librarum
1119 3428 1238 3496 motus,

143 3531 192 3585 ant
210 3526 348 3587 sortium
369 3524 545 3592 secundnm
567 3542 603 3587 ea
625 3526 725 3603 signa,
747 3542 831 3604 qnae
851 3523 1034 3587 docueruut
1047 3522 1142 3584 iidem
1163 3522 1237 3584 dae·

144 3639 243 3687 moues
258 3626 425 3688 observari
442 3626 546 3699 abiis,
562 3626 680 3707 quibus
701 3626 779 3688 artis
802 3625 900 3706 bnjns
920 3626 1084 3686 scientiam
1100 3624 1237 3686 tradide-

143 3736 220 3788 runt.
237 3726 265 3789 Α
281 3727 399 3806 quibus
419 3728 579 3803 omnibus,
592 3728 617 3790 is
639 3729 694 3805 qui
718 3728 814 3789 bomo
836 3726 895 3789 llei
915 3733 976 3801 est,
991 3733 1023 3788 et
1044 3728 1076 3787 in
1092 3725 1239 3806 portione

143 3821 193 3887 llei
207 3835 410 3904 numeratur,
427 3830 552 3910 penitus
573 3847 641 3892 esse
662 3828 756 3891 debet
770 3828 918 3904 alienns3
940 3845 999 3890 nec
1019 3826 1140 3907 aliquid
1157 3829 1187 3889 in
1201 3828 1240 3889 iis

143 3924 252 3991 habere
273 3948 454 4007 commuue,
478 3948 561 4011 qnae
581 3930 718 3993 occultis
740 3929 893 3992 mscbiuis
913 3928 1083 3991 daemones
1103 3946 1241 4010 opereu-

144 4033 211 4107 tnr;
234 4047 272 4093 ne
289 4031 372 4093 torta
393 4048 508 4093 rursus
529 4048 586 4109 per
607 4030 686 4093 baec
702 4029 910 4093 daemonibus
931 4028 1120 4102 associetur,
1142 4034 1241 4107 atquc

144 4144 247 4192 eorum
270 4132 386 4209 spiritu
408 4139 439 4194 et
462 4132 582 4193 virtute
602 4130 790 4211 repleatur,
816 4137 849 4192 et
868 4129 908 4191 ad
931 4130 1092 4192 idolorum
1114 4129 1240 4192 cultum

143 4224 238 4292 denuo
259 4240 442 4309 reparetur.
472 4228 560 4293 llaec
580 4232 664 4292 enim
686 4232 791 4293 omnia
815 4233 928 4311 religio
950 4239 1058 4294 nostra
1079 4232 1185 4293 dirirm
1207 4239 1240 4292 et

142 4323 277 4387 coelestis
298 4325 442 4406 abjurat,
465 4327 496 4387 in
518 4322 662 4389 Levitico
694 4325 824 4405 quidem
847 4336 957 4406 aperta
980 4327 1051 4405 lege
1072 4325 1238 4405 designans

145 4421 171 4475 et
189 4417 312 4483 dicens:
341 4437 402 4482 non
426 4420 619 4494 divinabitis,
647 4437 750 4499 neque
773 4420 1015 4500 augurabimini
1030 4464 1149 4482 ......
1167 4416 1241 4482 Non

146 4517 206 4577 vult
219 4516 304 4583 Deus
319 4520 483 4587 auditores
504 4538 560 4584 nos
581 4520 651 4583 lieri
665 4529 698 4584 et
718 4521 892 4602 discipulos
913 4521 1118 4599 daemonum,
1136 4537 1241 4600 neque
