3375 5567
155 810 401 879 attestantem
423 828 501 877 roro
531 808 688 889 llomluus
709 812 818 874 nostm
849 808 948 876 Jasus
967 808 1138 885 Christus,
1160 809 1257 892 cuius

153 916 199 979 llla
218 916 304 995 prior
324 913 411 977 illins
432 910 525 983 Nare
546 910 732 991 designabat
759 909 959 986 adrentum,
981 910 1080 974 mtttts
1105 910 1258 975 samrdo·

155 1026 193 1081 tes
212 1016 381 1096 Apostolos
410 1032 488 1079 suos
509 1020 673 1094 portantes
706 1012 801 1077 tuhas
821 1010 959 1075 ductiles
981 1011 1254 1091 praedicationis,

154 1116 337 1197 usguitlearu
355 1125 388 1180 et
407 1117 579 1180 coelestem
594 1114 787 1179 doctrinam.
811 1112 1013 1178 sacerdotati
1029 1114 1107 1178 tuha
1130 1117 1257 1195 primm

152 1219 178 1281 ln
198 1218 368 1299 llraugeliu
388 1236 449 1281 suo
464 1215 648 1280 Matthaeus
670 1217 831 1296 increpuit
842 1236 855 1296 3
877 1213 1008 1279 llarcus
1023 1234 1169 1298 quoque,
1191 1215 1256 1280 Lu·

153 1336 197 1382 cas
215 1328 245 1382 et
263 1317 405 1384 ioannes
424 1320 491 1381 suis
512 1317 647 1397 singolis
670 1316 755 1379 tuhis
776 1316 1034 1382 sacerdotalibus
1054 1319 1255 1381 cecinerunt.

155 1416 256 1483 Petrus
271 1421 368 1483 etiam
385 1419 511 1483 duahua
525 1418 737 1498 epistolarum
751 1436 883 1483 suarum
901 1427 1053 1499 personat
1068 1420 1173 1483 tnhisr
1197 1417 1253 1484 Ja-

151 1515 239 1577 cohua
252 1530 385 1593 quoqne
406 1520 438 1576 et
458 1510 571 1577 Judas.
588 1512 687 1577 Addit
707 1512 918 1576 nihilominus
932 1513 1041 1576 adhuc
1061 1522 1094 1575 et
1113 1511 1256 1578 ioannes

154 1616 219 1677 loha
240 1632 356 1679 muare
385 1631 443 1696 per
464 1612 625 1695 Epistulas
653 1620 783 1678 suaset
815 1612 1066 1697 Apocalypsim3
1095 1622 1129 1676 et
1150 1609 1255 1677 Luem

153 1717 373 1795 Apostolorum
389 1724 475 1796 gesta
497 1714 693 1780 describens·
715 1712 897 1779 Novissime
911 1723 1022 1777 antem
1038 1712 1096 1776 illo
1110 1716 1253 1787 veniens,

151 1818 199 1895 qui
217 1817 315 1879 dixit:
337 1826 414 1897 pasto
434 1826 552 1892 osstcrs,
573 1835 631 1880 rsos
647 1814 732 1879 Deus
752 1811 943 1878 nouissimos
970 1812 1137 1894 Apostolos
1157 1822 1260 1876 ostars-

152 1914 204 1990 stit,
223 1926 255 1981 et
274 1920 306 1981 in
327 1918 577 1998 quatuordecim
609 1916 828 1999 Epistularum
849 1935 986 1980 suarum
1008 1915 1183 1979 fulminans
1205 1924 1255 1977 tn·

153 2014 192 2077 his
212 2034 320 2080 muros
340 2015 487 2094 iericho,
509 2024 542 2080 et
562 2032 673 2079 omnes
693 2015 900 2079 idololatrlae
921 2016 1107 2089 machinas,
1130 2023 1163 2078 et
1184 2014 1253 2094 phi·

150 2114 349 2195 losophurum
371 2118 520 2198 dogmata
543 2116 706 2195 usquead
729 2115 978 2179 tundamentum
998 2115 1161 2197 dejecit.»

220 2214 341 2283 Nonne.
355 2219 428 2281 hinc
450 2216 623 2281 Librorum
644 2231 814 2279 sacrorum
835 2217 910 2279 nori
925 2213 1120 2279 Testamenti
1143 2231 1256 2285 uume-

153 2331 216 2379 rum
237 2317 494 2399 comphehendca
513 2318 684 2392 eumdem,
719 2334 816 2397 quem
838 2334 924 2379 nunc
944 2316 1102 2379 habemns
1122 2325 1155 2377 et
1177 2315 1258 2378 late·

153 2415 244 2481 muri
265 2416 380 2481 Nonne
401 2419 456 2482 hle
486 2418 528 2481 ah
547 2418 688 2498 Origene
721 2417 901 2481 traditionis
930 2416 1120 2496 obsignatus·
1150 2416 1255 2489 rivus,

155 2521 202 2597 qni
222 2521 262 2581 ah
283 2520 448 2600 Apostolis
469 2520 508 2583 ad
531 2519 711 2585 Concilium
744 2519 954 2583 tridentinum
975 2536 1083 2597 usque
1104 2516 1256 2597 limpidus

153 2618 288 2685 decurrit
303 2622 335 2684 in
349 2622 570 2701 acceptatione
592 2619 729 2685 Canouia
741 2620 927 2682 divinorum
944 2616 1139 2697 Bihliorum3
1155 2636 1254 2696 quem

152 2718 210 2798 ipse
230 2722 372 2802 nudique
386 2723 611 2795 ecclesiarum,
629 2738 714 2801 quae
735 2720 797 2785 suh
811 2721 905 2783 coelo
922 2730 998 2783 tuuc
1019 2728 1124 2794 erant,
1138 2718 1257 2781 Orien·

155 2822 187 2883 tia
205 2830 236 2885 et
248 2821 445 2898 Occidentis,
459 2824 602 2887 studiose
624 2823 867 2903 pervestigent,
881 2822 1021 2901 spurias,
1043 2820 1112 2882 alre
1126 2818 1254 2892 dubias,

153 2931 202 2985 sut
220 2925 423 3010 apocryphas
443 2922 629 3003 Scripturas
641 2940 810 2986 secernens
828 2940 845 2984 a
861 2924 1007 3001 genuinis
1026 2920 1181 2984 divinitus
1202 2918 1258 2980 da·

155 3022 198 3099 tis,
213 3042 249 3088 ac
269 3027 479 3106 ingenuitate
499 3024 650 3105 originali
670 3023 806 3087 serratis
819 3021 836 3086 l
851 3022 944 3085 Adeo
965 3029 1003 3084 ot
1016 3021 1042 3082 si
1058 3019 1257 3101 quaudoque

152 3121 296 3204 Origenes
308 3126 340 3187 in
350 3123 487 3205 juvenili
503 3134 563 3188 aut
575 3125 660 3188 virili
675 3131 780 3188 aetate
795 3124 835 3187 de
853 3122 1069 3203 quarumdam
1083 3121 1159 3184 nori
1174 3118 1255 3183 Foe-

153 3221 228 3287 deris
241 3224 485 3306 Scripturaruru
501 3225 699 3288 dubitaverit
715 3224 974 3296 authenticitate,
987 3239 1062 3285 cnm
1078 3220 1184 3284 minus
1196 3220 1257 3283 sihi

154 3323 189 3387 de
207 3326 242 3389 iis
261 3337 427 3407 comperta
445 3325 556 3390 luisset
576 3324 741 3390 Ecclesiae
757 3326 929 3389 universae
944 3322 1046 3402 lides3
1069 3320 1256 3403 hujusmodi

155 3430 251 3489 tameo
270 3427 367 3491 dubia
389 3427 554 3509 dissipavit
568 3428 599 3491 in
619 3435 795 3491 senectute.
811 3425 861 3490 Ac
882 3424 1013 3488 ideuah
1031 3421 1258 3487 incertitudine

153 3534 324 3605 exemptus,
339 3526 494 3590 alacriter
508 3524 690 3591 Bihliurum
706 3526 961 3608 apostolicorum
983 3525 1158 3598 canonem,
1172 3524 1258 3587 sicu·

157 3624 176 3683 ti
194 3627 254 3705 egit
275 3627 315 3691 de
337 3627 501 3691 reterihus
517 3624 706 3707 Scripturis,
728 3628 760 3689 in
783 3626 927 3707 praelata
944 3624 1083 3689 llomilia
1100 3623 1256 3699 delinivit,

154 3725 255 3789 cadero
271 3728 345 3804 tide,
360 3728 471 3792 cedern
486 3728 701 3804 observantia,
719 3728 900 3809 eodemque
913 3745 1062 3801 numero,
1086 3725 1258 3813 uerissime

155 3836 277 3905 accepto
290 3836 323 3891 et
344 3828 481 3908 prohato
495 3846 513 3889 a
530 3826 681 3892 Patribus
697 3828 876 3891 tridentinis
884 3848 897 3907 3
912 3828 957 3891 ita
973 3835 1009 3891 ut
1030 3828 1062 3888 iu
1077 3826 1138 3888 hac
1158 3841 1259 3905 quae·

155 3923 246 3989 stione
267 3926 450 3991 incessantis
478 3926 671 3993 concordiae
695 3927 836 3990 annulus
864 3927 919 3990 dat
938 3926 1153 3991 Adamantius
1173 3924 1259 3986 iuter

157 4018 318 4102 Apostolos
338 4034 371 4091 et
393 4024 505 4091 Patres
526 4026 558 4090 in
580 4025 710 4113 syuodo
732 4025 904 4090 tridentina
926 4026 1096 4091 adunatos.

498 4286 903 4341 ...σηοω-
