3375 5567
187 750 382 808 muneratus
403 751 452 808 est
470 743 567 812 lesus
589 743 782 826 tns'nieientto
802 746 835 809 in
855 764 943 825 enm,
965 741 1039 842 ὅπεῤ
1065 742 1135 817 ἔστι
1170 738 1227 816 διὰ
1236 638 1304 814 5τ1οῗι

182 841 358 938 ἐμβλέψαι
379 841 594 928 tumuisse
616 840 676 918 καὶ
697 843 835 938 φωτίσαι
858 844 955 916 durio
976 843 1187 944 ἡγεμονικὸν.
1212 845 1299 933 qnod

185 957 249 1023 ast,
271 950 343 1012 site
358 949 498 1014 indicans
516 966 575 1030 ner
596 948 688 1013 illu·
710 949 875 1024 intuitum,
890 967 924 1012 se
945 947 1033 1012 iilius
1056 949 1228 1028 (Simonis)
1244 966 1301 1014 ctt·

182 1067 254 1112 ram
276 1068 411 1131 gerere,
433 1052 569 1132 eiusque
584 1049 740 1114 rationem
764 1050 961 1114 illuminare.
976 1047 1019 1114 Et
1038 1051 1106 1132 ipso
1120 1049 1227 1114 Simon
1244 1069 1301 1132 po·

183 1153 269 1226 tuit,
291 1151 439 1234 eoquod
461 1151 556 1216 lesus
577 1153 608 1214 in
629 1169 704 1216 eum
727 1153 863 1215 intuitus
883 1162 953 1227 est,
976 1153 1056 1215 adeo
1077 1152 1239 1227 stabiliri,
1264 1163 1301 1218 ut

184 1254 226 1317 alt
240 1271 342 1334 opero
364 1253 520 1319 stabiliet
540 1253 634 1318 firmo
648 1272 824 1334 cognomen
841 1255 985 1318 traheret
999 1265 1032 1322 et
1048 1266 1221 1320 vocaretur
1243 1255 1300 1320 Pe·

185 1365 268 1418 irttt.
288 1375 306 1414 a

262 1455 308 1520 Et
335 1458 396 1522 hoc
417 1458 493 1523 itent
516 1457 655 1536 speciale
682 1477 798 1522 munus
825 1459 1038 1523 consideravit
1062 1459 1216 1540 Origenes
1240 1457 1303 1524 To·

160 1573 239 1642 'mo
255 1555 410 1620 xxxttt.
436 1577 468 1620 u.
490 1555 520 1622 5.
544 1560 574 1622 in
589 1557 732 1640 ejusdem
756 1559 979 1640 Evangelistaa
1004 1561 1106 1627 dicta:
1122 1559 1208 1624 veuit
1227 1579 1300 1642 ergo

185 1657 229 1721 uti
249 1653 406 1721 Simonem
422 1657 550 1722 Petrum
571 1670 632 1724 etc.
648 1683 664 1720 a
680 1660 776 1736 Quot
798 1661 824 1724 si
845 1681 927 1742 opus
941 1669 1001 1737 est,
1024 1664 1080 1738 att,
1098 1659 1298 1746 Scriptorum

186 1762 330 1822 scrutari
353 1761 515 1840 usquead
537 1779 594 1838 ea,
616 1781 701 1842 qnae
722 1764 850 1826 minima
873 1783 941 1828 esse
962 1773 1142 1848 putantur,
1164 1769 1300 1846 quaeret

184 1859 333 1940 aliquis,
354 1879 416 1924 cnr
438 1861 563 1924 taudem
584 1880 658 1924 cum
682 1864 712 1924 iu
733 1864 938 1928 numerandis
976 1865 1131 1945 apostolis
1151 1865 1292 1946 primum

188 1961 300 2026 locutu
323 1963 464 2025 obtineat
487 1962 630 2030 Petrus?
651 1964 794 2029 fortassis
815 1967 890 2045 quia
913 1967 1028 2031 ceteris
1051 1966 1290 2031 honorabilior:

177 2065 343 2145 ,quoniam
359 2065 453 2128 etiarn
472 2082 547 2128 vere
571 2069 714 2130 omnium
741 2067 876 2130 ultimus
894 2065 997 2132 tutas
1013 2067 1054 2131 ob
1076 2065 1197 2130 malum
1219 2065 1295 2130 alie·

186 2175 289 2240 ctum,
304 2167 337 2226 in
362 2167 513 2230 ultimum
537 2167 648 2230 locum
672 2167 838 2249 projectus
854 2169 941 2248 jacet
956 2179 1018 2233 etc.
1034 2165 1219 2234 »Similiter
1236 2165 1302 2232 tto-

187 2267 275 2331 milia
294 2265 333 2332 V.
354 2286 387 2332 tt.
408 2265 439 2331 l.
462 2266 499 2330 t'u
514 2265 677 2343 Eundem,
697 2268 814 2334 doeens
837 2269 994 2350 Origenes
1014 2269 1173 2339 neminem
1188 2269 1219 2332 iu
1241 2269 1304 2334 hac

186 2369 252 2432 rita
274 2368 400 2432 etiamsi
423 2369 553 2437 beatum
576 2388 614 2434 ac
635 2368 787 2436 altissima
815 2381 965 2434 ornatum
988 2369 1165 2454 dignitate',
1186 2369 1303 2436 immu-

188 2488 261 2536 nem
284 2472 359 2534 iria
377 2472 626 2537 tentationibus:
644 2493 660 2531 a
676 2471 736 2538 Set
759 2473 831 2554 quis
848 2473 890 2535 ita
905 2473 1018 2537 beatus
1039 2479 1102 2548 esi,
1116 2471 1232 2554 inquit,
1246 2471 1303 2554 qui

184 2572 231 2636 sic
252 2572 469 2638 tentationum
490 2565 615 2652 pondus
636 2573 798 2657 expediat,
816 2581 854 2638 ut
868 2573 958 2638 nulla
972 2571 1071 2638 menti
1092 2572 1163 2655 ejus
1182 2573 1302 2654 cogita·

186 2671 230 2738 lio
250 2651 471 2754 ambiguitatis
492 2671 655 2753 obrepat?
677 2671 771 2747 Vitia,
796 2691 911 2754 magno
931 2671 984 2742 illi
1003 2673 1165 2740 Ecclesiae
1184 2675 1304 2756 [uude-

182 2783 301 2851 mento,
323 2786 351 2837 et
370 2774 484 2840 Petrae
517 2772 747 2853 solidissimae,
779 2795 998 2860 superquam
1020 2776 1167 2843 Christus
1190 2776 1303 2840 tunta-

187 2875 233 2938 rit
251 2875 447 2954 Ecclesium,
470 2876 547 2959 quid
570 2875 699 2942 dicatur
718 2895 736 2939 a
760 2876 917 2942 llomiuoa
941 2877 1080 2942 modicae
1100 2875 1186 2959 fidei,
1207 2896 1308 2958 quare

184 2973 369 3042 dubitasti?
385 2999 400 3040 ι
418 2977 459 3044 Et
479 2978 521 3042 ob
535 2978 597 3040 ltoc
611 2976 642 3041 in
657 2996 685 3042 c.
703 2975 822 3042 xxtx.
838 2976 1095 3042 Proverbiorum
1112 2983 1164 3058 (ex
1180 2977 1303 3042 Editio·

185 3098 226 3146 na
247 3078 433 3146 cardinatis
453 3079 544 3162 llaji)
566 3078 605 3142 (le
622 3099 683 3144 nsu
713 3081 864 3145 vocabuli
887 3078 1038 3160 juutcere
1052 3098 1114 3161 pro
1136 3081 1254 3157 aloem,
1278 3081 1302 3144 i·

187 3181 260 3248 dem
285 3182 437 3263 scripsit:
455 3205 471 3244 a
486 3180 601 3248 Virum
616 3191 726 3247 autem
743 3182 798 3246 hie
810 3182 1010 3264 judicantem
1025 3189 1133 3262 gentes
1149 3182 1226 3249 dicit
1239 3181 1302 3248 Po·

189 3293 296 3362 trum,
317 3287 374 3368 qui
395 3284 552 3350 mnndum
573 3286 764 3349 universum
786 3284 898 3347 docuit
918 3282 1037 3349 Christi
1060 3283 1153 3351 fidem
1175 3291 1207 3348 et
1227 3284 1305 3348 reli·

186 3388 342 3466 glottam:
365 3387 506 3452 Paulum
528 3387 603 3449 item
625 3394 657 3449 ot
679 3387 824 3468 reliquos
838 3404 898 3468 per
920 3394 1064 3466 tempora
1086 3387 1267 3468 magistros.
1285 3404 1302 3444 u

268 3488 421 3553 Attamen
437 3487 583 3553 nonnulli
605 3486 716 3552 offensi
738 3497 827 3564 sunt,
850 3486 1082 3568 expositionem
1097 3485 1245 3568 Origeuis
1260 3485 1305 3550 le·

190 3598 298 3670 gentos
320 3594 353 3655 in
372 3608 411 3654 ea
432 3589 587 3654 Matthaei
611 3589 708 3655 verba
723 3611 731 3652 t
747 3599 783 3652 tu
804 3607 834 3650 et
850 3587 966 3652 Petrtts
988 3597 1017 3651 et
1036 3605 1130 3672 super
1149 3587 1233 3652 lunc
1245 3586 1305 3653 Pe·

189 3699 273 3756 trum
287 3690 456 3771 oedificabo
469 3687 647 3754 Ecclesium
660 3708 774 3770 menan3
789 3700 818 3752 et
827 3699 940 3770 portae
953 3688 1127 3770 inferorum
1139 3707 1205 3753 eon
1213 3708 1308 3772 prue-

193 3791 343 3856 ouleluut
367 3791 417 3857 eit
449 3793 481 3854 iu
501 3792 620 3875 quibus
640 3791 738 3856 aliter
766 3791 982 3856 consideravit
1015 3809 1078 3856 nou
1099 3797 1224 3856 tantum
1245 3789 1305 3854 Po-

196 3901 297 3971 trum,
313 3894 369 3958 sed
384 3903 418 3959 et
437 3900 564 3958 ceteros
584 3895 749 3974 apostolos
764 3902 798 3958 et
818 3893 931 3958 iidelos
951 3908 1073 3956 omnes.
1097 3891 1207 3972 lnquit
1220 3893 1304 3956 enim

190 3989 292 4060 Tomo
312 3993 385 4060 xtt.
406 3993 444 4058 ita
460 3992 657 4061 Mutinam
677 4013 710 4060 u.
732 3991 791 4064 10:
806 4016 822 4054 t
837 3993 987 4060 Forsitan
1007 3995 1034 4060 si
1055 4000 1088 4058 et
1108 4012 1166 4059 nos
1188 3994 1306 4060 dixeri·

190 4113 263 4162 mus
282 4098 371 4193 quoti
391 4096 474 4162 ‹tixtt
493 4094 622 4162 Petrus:
644 4108 679 4160 tte
700 4118 730 4161 et
755 4095 899 4162 Christos
921 4097 1030 4162 Filius
1052 4095 1112 4162 Dei
1132 4095 1213 4176 vivi,
1241 4115 1305 4162 non

193 4213 291 4265 carne
319 4197 411 4263 uobis
430 4205 463 4262 et
492 4201 648 4279 sanguine
669 4200 861 4276 revelante,
897 4199 953 4264 sctl
975 4196 1095 4274 Patre,
1116 4198 1173 4279 qni
1202 4204 1251 4262 est
1271 4197 1324 4260 iu'

190 4300 301 4376 coelis,
322 4308 460 4365 mentem
481 4310 624 4365 nostram
638 4300 854 4379 illuminante,
878 4301 999 4366 erimus
1021 4298 1150 4377 Petrus,
1166 4306 1199 4363 et
1218 4317 1304 4364 eam·

191 4398 265 4464 dem
283 4401 514 4469 latitudinem
528 4419 779 4485 consequemur,
795 4421 894 4486 quam
909 4401 966 4468 illo
980 4409 1117 4485 propter
1131 4399 1306 4468 contessio-

192 4517 264 4568 nem
284 4513 426 4576 nostram
445 4502 583 4570 similem
603 4504 794 4572 confessioni
809 4504 909 4572 illius.
927 4502 1018 4572 'lunc
1039 4511 1228 4578 autemnon
1249 4519 1303 4570 ca·
