<?xml version="1.0" encoding="UTF-8"?>
<!DOCTYPE html PUBLIC "-//W3C//DTD XHTML 1.0 Transitional//EN"
    "http://www.w3.org/TR/xhtml1/DTD/xhtml1-transitional.dtd">
<html xmlns="http://www.w3.org/1999/xhtml" xml:lang="en" lang="en">
 <head>
  <title>
</title>
<meta http-equiv="Content-Type" content="text/html;charset=utf-8" />
  <meta name='ocr-system' content='tesseract 3.04.00' />
  <meta name='ocr-capabilities' content='ocr_page ocr_carea ocr_par ocr_line ocrx_word'/>
</head>
<body>
  <div class='ocr_page' id='page_1' title='image "./insgregoriinyss02vincgoog/insgregoriinyss02vincgoog_0330.png"; bbox 0 0 3375 5567; ppageno 0'>
   <div class='ocr_carea' id='block_1_1' title="bbox 363 712 1536 4617">
    <p class='ocr_par' dir='ltr' id='par_1_1' title="bbox 363 712 1536 4617">
     <span class='ocr_line' id='line_1_1' title="bbox 465 712 538 765; baseline 0 -2"><span class='ocrx_word' id='word_1_1' title='bbox 465 712 538 765; x_wconf 81' lang='lat' dir='ltr'><strong>xxo</strong></span> 
     </span>
     <span class='ocr_line' id='line_1_2' title="bbox 458 819 1520 919; baseline 0.002 -26"><span class='ocrx_word' id='word_1_2' title='bbox 458 840 591 916; x_wconf 89' lang='lat' dir='ltr'><strong>corpus</strong></span> <span class='ocrx_word' id='word_1_3' title='bbox 617 819 860 916; x_wconf 87' lang='lat' dir='ltr'><strong>assumpsisse</strong></span> <span class='ocrx_word' id='word_1_4' title='bbox 866 840 880 908; x_wconf 81' lang='lat'>3</span> <span class='ocrx_word' id='word_1_5' title='bbox 907 820 970 895; x_wconf 91' lang='lat' dir='ltr'><strong>sed</strong></span> <span class='ocrx_word' id='word_1_6' title='bbox 1000 842 1064 918; x_wconf 93' lang='lat' dir='ltr'><strong>per</strong></span> <span class='ocrx_word' id='word_1_7' title='bbox 1092 819 1224 916; x_wconf 86' lang='lat' dir='ltr'><strong>ipsam,</strong></span> <span class='ocrx_word' id='word_1_8' title='bbox 1252 842 1397 895; x_wconf 86' lang='lat' dir='ltr'><strong>carnem</strong></span> <span class='ocrx_word' id='word_1_9' title='bbox 1423 820 1520 919; x_wconf 88' lang='lat' dir='ltr'><strong>pban·</strong></span> 
     </span>
     <span class='ocr_line' id='line_1_3' title="bbox 459 946 1522 1022; baseline 0.001 -3"><span class='ocrx_word' id='word_1_10' title='bbox 459 946 630 1020; x_wconf 85' lang='lat' dir='ltr'><strong>tasticam</strong></span> <span class='ocrx_word' id='word_1_11' title='bbox 656 970 781 1021; x_wconf 89' lang='lat' dir='ltr'><strong>secum</strong></span> <span class='ocrx_word' id='word_1_12' title='bbox 812 946 951 1022; x_wconf 88' lang='lat' dir='ltr'><strong>tulisse.</strong></span> <span class='ocrx_word' id='word_1_13' title='bbox 982 946 1076 1021; x_wconf 90' lang='lat' dir='ltr'><strong>ltem</strong></span> <span class='ocrx_word' id='word_1_14' title='bbox 1094 947 1278 1021; x_wconf 89' lang='lat' dir='ltr'><strong>diabolum</strong></span> <span class='ocrx_word' id='word_1_15' title='bbox 1307 948 1448 1022; x_wconf 90' lang='lat' dir='ltr'><strong>tenebat</strong></span> <span class='ocrx_word' id='word_1_16' title='bbox 1464 971 1522 1022; x_wconf 92' lang='lat' dir='ltr'><strong>non</strong></span> 
     </span>
     <span class='ocr_line' id='line_1_4' title="bbox 461 1071 1524 1173; baseline 0.002 -26"><span class='ocrx_word' id='word_1_17' title='bbox 461 1096 543 1150; x_wconf 88' lang='lat' dir='ltr'><strong>esse</strong></span> <span class='ocrx_word' id='word_1_18' title='bbox 571 1071 638 1148; x_wconf 86' lang='lat' dir='ltr'><strong>Ilei</strong></span> <span class='ocrx_word' id='word_1_19' title='bbox 664 1073 862 1173; x_wconf 86' lang='lat' dir='ltr'><strong>opificium.</strong></span> <span class='ocrx_word' id='word_1_20' title='bbox 892 1073 1013 1149; x_wconf 80' lang='lat' dir='ltr'><strong>Alium</strong></span> <span class='ocrx_word' id='word_1_21' title='bbox 1041 1074 1158 1150; x_wconf 87' lang='lat' dir='ltr'><strong>[lcum</strong></span> <span class='ocrx_word' id='word_1_22' title='bbox 1186 1074 1347 1173; x_wconf 87' lang='lat' dir='ltr'><strong>lingebat</strong></span> <span class='ocrx_word' id='word_1_23' title='bbox 1374 1073 1470 1173; x_wconf 88' lang='lat' dir='ltr'><strong>Legis</strong></span> <span class='ocrx_word' id='word_1_24' title='bbox 1493 1090 1524 1149; x_wconf 91' lang='lat' dir='ltr'><strong>et</strong></span> 
     </span>
     <span class='ocr_line' id='line_1_5' title="bbox 456 1200 1522 1299; baseline 0.001 -25"><span class='ocrx_word' id='word_1_25' title='bbox 456 1200 733 1298; x_wconf 89' lang='lat' dir='ltr'><strong>prophetarum,</strong></span> <span class='ocrx_word' id='word_1_26' title='bbox 752 1214 792 1275; x_wconf 91' lang='lat' dir='ltr'><strong>et</strong></span> <span class='ocrx_word' id='word_1_27' title='bbox 805 1202 918 1276; x_wconf 87' lang='lat' dir='ltr'><strong>alium</strong></span> <span class='ocrx_word' id='word_1_28' title='bbox 937 1201 1054 1278; x_wconf 85' lang='lat' dir='ltr'><strong>Deum</strong></span> <span class='ocrx_word' id='word_1_29' title='bbox 1071 1200 1272 1299; x_wconf 77' lang='lat' dir='ltr'><strong>Evangelii.</strong></span> <span class='ocrx_word' id='word_1_30' title='bbox 1288 1200 1453 1276; x_wconf 79' lang='lat' dir='ltr'><strong>Diversae</strong></span> <span class='ocrx_word' id='word_1_31' title='bbox 1469 1202 1522 1275; x_wconf 93' lang='lat' dir='ltr'><strong>bo·</strong></span> 
     </span>
     <span class='ocr_line' id='line_1_6' title="bbox 456 1329 1525 1426; baseline 0.001 -24"><span class='ocrx_word' id='word_1_32' title='bbox 456 1329 595 1403; x_wconf 90' lang='lat' dir='ltr'><strong>minum</strong></span> <span class='ocrx_word' id='word_1_33' title='bbox 623 1344 772 1404; x_wconf 88' lang='lat' dir='ltr'><strong>naturas</strong></span> <span class='ocrx_word' id='word_1_34' title='bbox 799 1353 843 1404; x_wconf 93' lang='lat' dir='ltr'><strong>ac</strong></span> <span class='ocrx_word' id='word_1_35' title='bbox 871 1332 989 1404; x_wconf 87' lang='lat' dir='ltr'><strong>varias</strong></span> <span class='ocrx_word' id='word_1_36' title='bbox 1026 1330 1229 1405; x_wconf 91' lang='lat' dir='ltr'><strong>animarum</strong></span> <span class='ocrx_word' id='word_1_37' title='bbox 1257 1329 1397 1426; x_wconf 89' lang='lat' dir='ltr'><strong>speeies</strong></span> <span class='ocrx_word' id='word_1_38' title='bbox 1424 1331 1525 1403; x_wconf 87' lang='lat' dir='ltr'><strong>intro·</strong></span> 
     </span>
     <span class='ocr_line' id='line_1_7' title="bbox 457 1453 1526 1553; baseline 0 -24"><span class='ocrx_word' id='word_1_39' title='bbox 457 1454 626 1529; x_wconf 87' lang='lat' dir='ltr'><strong>ducebat.</strong></span> <span class='ocrx_word' id='word_1_40' title='bbox 657 1455 845 1531; x_wconf 79' lang='lat' dir='ltr'><strong>Materiam</strong></span> <span class='ocrx_word' id='word_1_41' title='bbox 874 1458 1086 1533; x_wconf 74' lang='lat' dir='ltr'><strong>adstruebat</strong></span> <span class='ocrx_word' id='word_1_42' title='bbox 1111 1456 1307 1553; x_wconf 76' lang='lat' dir='ltr'><strong>ingenitam</strong></span> <span class='ocrx_word' id='word_1_43' title='bbox 1336 1479 1429 1531; x_wconf 88' lang='lat' dir='ltr'><strong>esse.</strong></span> <span class='ocrx_word' id='word_1_44' title='bbox 1447 1453 1526 1531; x_wconf 88' lang='lat' dir='ltr'><strong>Cor·</strong></span> 
     </span>
     <span class='ocr_line' id='line_1_8' title="bbox 459 1580 1527 1682; baseline -0.002 -25"><span class='ocrx_word' id='word_1_45' title='bbox 459 1604 609 1678; x_wconf 85' lang='lat' dir='ltr'><strong>porcam</strong></span> <span class='ocrx_word' id='word_1_46' title='bbox 646 1586 950 1661; x_wconf 74' lang='lat' dir='ltr'><strong>resurrectionem</strong></span> <span class='ocrx_word' id='word_1_47' title='bbox 980 1584 1148 1682; x_wconf 90' lang='lat' dir='ltr'><strong>negabat.</strong></span> <span class='ocrx_word' id='word_1_48' title='bbox 1187 1580 1338 1659; x_wconf 78' lang='lat' dir='ltr'><strong>Animas</strong></span> <span class='ocrx_word' id='word_1_49' title='bbox 1365 1581 1410 1657; x_wconf 88' lang='lat' dir='ltr'><strong>de</strong></span> <span class='ocrx_word' id='word_1_50' title='bbox 1440 1581 1527 1655; x_wconf 88' lang='lat' dir='ltr'><strong>coelo</strong></span> 
     </span>
     <span class='ocr_line' id='line_1_9' title="bbox 456 1708 1526 1808; baseline 0 -25"><span class='ocrx_word' id='word_1_51' title='bbox 456 1708 602 1805; x_wconf 88' lang='lat' dir='ltr'><strong>lapsas,</strong></span> <span class='ocrx_word' id='word_1_52' title='bbox 630 1732 827 1808; x_wconf 89' lang='lat' dir='ltr'><strong>earumque</strong></span> <span class='ocrx_word' id='word_1_53' title='bbox 855 1710 902 1783; x_wconf 91' lang='lat' dir='ltr'><strong>ab</strong></span> <span class='ocrx_word' id='word_1_54' title='bbox 938 1710 1019 1785; x_wconf 88' lang='lat' dir='ltr'><strong>aliis</strong></span> <span class='ocrx_word' id='word_1_55' title='bbox 1049 1711 1083 1784; x_wconf 92' lang='lat' dir='ltr'><strong>io</strong></span> <span class='ocrx_word' id='word_1_56' title='bbox 1113 1708 1181 1783; x_wconf 90' lang='lat' dir='ltr'><strong>alia</strong></span> <span class='ocrx_word' id='word_1_57' title='bbox 1220 1731 1374 1806; x_wconf 84' lang='lat' dir='ltr'><strong>corpora</strong></span> <span class='ocrx_word' id='word_1_58' title='bbox 1407 1709 1526 1805; x_wconf 85' lang='lat' dir='ltr'><strong>migra·</strong></span> 
     </span>
     <span class='ocr_line' id='line_1_10' title="bbox 398 1835 1530 1937; baseline -0.001 -27"><span class='ocrx_word' id='word_1_59' title='bbox 398 1879 401 1883; x_wconf 92' lang='lat'>-</span> <span class='ocrx_word' id='word_1_60' title='bbox 458 1838 577 1911; x_wconf 87' lang='lat' dir='ltr'><strong>tiones</strong></span> <span class='ocrx_word' id='word_1_61' title='bbox 603 1838 744 1913; x_wconf 85' lang='lat' dir='ltr'><strong>statuit.</strong></span> <span class='ocrx_word' id='word_1_62' title='bbox 769 1835 892 1913; x_wconf 81' lang='lat' dir='ltr'><strong>Mundi</strong></span> <span class='ocrx_word' id='word_1_63' title='bbox 920 1838 1234 1937; x_wconf 81' lang='lat' dir='ltr'><strong>consumptionem</strong></span> <span class='ocrx_word' id='word_1_64' title='bbox 1255 1858 1320 1935; x_wconf 91' lang='lat' dir='ltr'><strong>per</strong></span> <span class='ocrx_word' id='word_1_65' title='bbox 1348 1837 1465 1934; x_wconf 91' lang='lat' dir='ltr'><strong>ignem</strong></span> <span class='ocrx_word' id='word_1_66' title='bbox 1480 1836 1530 1909; x_wconf 83' lang='lat' dir='ltr'><strong>do</strong></span> 
     </span>
     <span class='ocr_line' id='line_1_11' title="bbox 363 1946 1529 2064; baseline -0.005 -25"><span class='ocrx_word' id='word_1_67' title='bbox 363 1946 370 1955; x_wconf 43' lang='lat'><em>⁶</em></span> <span class='ocrx_word' id='word_1_68' title='bbox 455 1966 531 2041; x_wconf 91' lang='lat' dir='ltr'><strong>cuit</strong></span> <span class='ocrx_word' id='word_1_69' title='bbox 557 1979 596 2040; x_wconf 89' lang='lat' dir='ltr'><strong>et</strong></span> <span class='ocrx_word' id='word_1_70' title='bbox 625 1966 662 2039; x_wconf 92' lang='lat' dir='ltr'><strong>in</strong></span> <span class='ocrx_word' id='word_1_71' title='bbox 689 1965 842 2040; x_wconf 92' lang='lat' dir='ltr'><strong>nibilum</strong></span> <span class='ocrx_word' id='word_1_72' title='bbox 871 1966 1118 2064; x_wconf 90' lang='lat' dir='ltr'><strong>redigendum.</strong></span> <span class='ocrx_word' id='word_1_73' title='bbox 1150 1964 1188 2039; x_wconf 91' lang='lat' dir='ltr'><strong>lo</strong></span> <span class='ocrx_word' id='word_1_74' title='bbox 1217 1962 1529 2062; x_wconf 87' lang='lat' dir='ltr'><strong>Scripturissaeris</strong></span> 
     </span>
     <span class='ocr_line' id='line_1_12' title="bbox 404 2091 1530 2193; baseline -0.004 -26"><span class='ocrx_word' id='word_1_75' title='bbox 404 2095 407 2099; x_wconf 76' lang='grc'><strong>’</strong></span> <span class='ocrx_word' id='word_1_76' title='bbox 456 2094 545 2168; x_wconf 93' lang='lat' dir='ltr'><strong>nibil</strong></span> <span class='ocrx_word' id='word_1_77' title='bbox 573 2094 876 2193; x_wconf 88' lang='lat' dir='ltr'><strong>perallegoriam</strong></span> <span class='ocrx_word' id='word_1_78' title='bbox 905 2094 1052 2170; x_wconf 89' lang='lat' dir='ltr'><strong>volebat</strong></span> <span class='ocrx_word' id='word_1_79' title='bbox 1075 2092 1240 2192; x_wconf 87' lang='lat' dir='ltr'><strong>intelligi,</strong></span> <span class='ocrx_word' id='word_1_80' title='bbox 1269 2094 1322 2167; x_wconf 90' lang='lat' dir='ltr'><strong>uti</strong></span> <span class='ocrx_word' id='word_1_81' title='bbox 1341 2092 1390 2167; x_wconf 96' lang='lat' dir='ltr'><strong>ob</strong></span> <span class='ocrx_word' id='word_1_82' title='bbox 1417 2091 1530 2167; x_wconf 92' lang='lat' dir='ltr'><strong>bocde</strong></span> 
     </span>
     <span class='ocr_line' id='line_1_13' title="bbox 455 2215 1531 2319; baseline -0.002 -26"><span class='ocrx_word' id='word_1_83' title='bbox 455 2220 513 2294; x_wconf 92' lang='lat' dir='ltr'><strong>bis</strong></span> <span class='ocrx_word' id='word_1_84' title='bbox 531 2220 619 2296; x_wconf 88' lang='lat' dir='ltr'><strong>dicit</strong></span> <span class='ocrx_word' id='word_1_85' title='bbox 632 2220 807 2319; x_wconf 79' lang='lat' dir='ltr'><strong>Origenes</strong></span> <span class='ocrx_word' id='word_1_86' title='bbox 833 2222 870 2295; x_wconf 90' lang='lat' dir='ltr'><strong>in</strong></span> <span class='ocrx_word' id='word_1_87' title='bbox 886 2220 994 2297; x_wconf 85' lang='lat' dir='ltr'><strong>Libro</strong></span> <span class='ocrx_word' id='word_1_88' title='bbox 1022 2220 1082 2296; x_wconf 85' lang='lat' dir='ltr'><strong>lv.</strong></span> <span class='ocrx_word' id='word_1_89' title='bbox 1103 2246 1139 2295; x_wconf 90' lang='lat' dir='ltr'><strong>n.</strong></span> <span class='ocrx_word' id='word_1_90' title='bbox 1159 2215 1199 2295; x_wconf 87' lang='lat'><strong>9.</strong></span> <span class='ocrx_word' id='word_1_91' title='bbox 1221 2246 1238 2293; x_wconf 83' lang='lat' dir='ltr'><strong>c</strong></span> <span class='ocrx_word' id='word_1_92' title='bbox 1260 2219 1401 2297; x_wconf 84' lang='lat' dir='ltr'><strong>Horum</strong></span> <span class='ocrx_word' id='word_1_93' title='bbox 1420 2233 1531 2295; x_wconf 90' lang='lat' dir='ltr'><strong>autem</strong></span> 
     </span>
     <span class='ocr_line' id='line_1_14' title="bbox 456 2345 1531 2448; baseline -0.001 -28"><span class='ocrx_word' id='word_1_94' title='bbox 456 2347 620 2421; x_wconf 91' lang='lat' dir='ltr'><strong>omnium</strong></span> <span class='ocrx_word' id='word_1_95' title='bbox 658 2346 771 2422; x_wconf 79' lang='lat' dir='ltr'><strong>falsae</strong></span> <span class='ocrx_word' id='word_1_96' title='bbox 797 2348 1058 2448; x_wconf 77' lang='lat' dir='ltr'><strong>intelligentiae</strong></span> <span class='ocrx_word' id='word_1_97' title='bbox 1094 2372 1202 2423; x_wconf 90' lang='lat' dir='ltr'><strong>causa</strong></span> <span class='ocrx_word' id='word_1_98' title='bbox 1230 2348 1312 2436; x_wconf 91' lang='lat' dir='ltr'><strong>bis,</strong></span> <span class='ocrx_word' id='word_1_99' title='bbox 1341 2345 1531 2446; x_wconf 90' lang='lat' dir='ltr'><strong>dequibus</strong></span> 
     </span>
     <span class='ocr_line' id='line_1_15' title="bbox 457 2474 1531 2574; baseline -0.002 -27"><span class='ocrx_word' id='word_1_100' title='bbox 457 2496 566 2572; x_wconf 91' lang='lat' dir='ltr'><strong>supra</strong></span> <span class='ocrx_word' id='word_1_101' title='bbox 595 2474 778 2562; x_wconf 87' lang='lat' dir='ltr'><strong>diximus,</strong></span> <span class='ocrx_word' id='word_1_102' title='bbox 806 2500 877 2551; x_wconf 91' lang='lat' dir='ltr'><strong>non</strong></span> <span class='ocrx_word' id='word_1_103' title='bbox 906 2476 974 2551; x_wconf 90' lang='lat' dir='ltr'><strong>alia</strong></span> <span class='ocrx_word' id='word_1_104' title='bbox 1003 2476 1150 2563; x_wconf 87' lang='lat' dir='ltr'><strong>extitit,</strong></span> <span class='ocrx_word' id='word_1_105' title='bbox 1178 2476 1246 2551; x_wconf 91' lang='lat' dir='ltr'><strong>nisi</strong></span> <span class='ocrx_word' id='word_1_106' title='bbox 1283 2476 1381 2574; x_wconf 88' lang='lat' dir='ltr'><strong>quod</strong></span> <span class='ocrx_word' id='word_1_107' title='bbox 1419 2486 1531 2548; x_wconf 89' lang='lat' dir='ltr'><strong>saneta</strong></span> 
     </span>
     <span class='ocr_line' id='line_1_16' title="bbox 455 2598 1530 2703; baseline 0.009 -30"><span class='ocrx_word' id='word_1_108' title='bbox 455 2598 640 2697; x_wconf 88' lang='lat' dir='ltr'><strong>Scriptura</strong></span> <span class='ocrx_word' id='word_1_109' title='bbox 668 2602 716 2677; x_wconf 89' lang='lat' dir='ltr'><strong>ab</strong></span> <span class='ocrx_word' id='word_1_110' title='bbox 743 2604 800 2678; x_wconf 88' lang='lat' dir='ltr'><strong>bis</strong></span> <span class='ocrx_word' id='word_1_111' title='bbox 828 2627 898 2678; x_wconf 90' lang='lat' dir='ltr'><strong>non</strong></span> <span class='ocrx_word' id='word_1_112' title='bbox 927 2606 1126 2681; x_wconf 91' lang='lat' dir='ltr'><strong>secundum</strong></span> <span class='ocrx_word' id='word_1_113' title='bbox 1153 2602 1354 2703; x_wconf 90' lang='lat' dir='ltr'><strong>spiritalem</strong></span> <span class='ocrx_word' id='word_1_114' title='bbox 1381 2624 1530 2683; x_wconf 70' lang='lat' dir='ltr'><strong>sensum,</strong></span> 
     </span>
     <span class='ocr_line' id='line_1_17' title="bbox 457 2726 1532 2829; baseline -0.002 -28"><span class='ocrx_word' id='word_1_115' title='bbox 457 2726 521 2801; x_wconf 87' lang='lat' dir='ltr'><strong>scd</strong></span> <span class='ocrx_word' id='word_1_116' title='bbox 548 2731 746 2805; x_wconf 90' lang='lat' dir='ltr'><strong>secundum</strong></span> <span class='ocrx_word' id='word_1_117' title='bbox 766 2732 912 2806; x_wconf 87' lang='lat' dir='ltr'><strong>litterae</strong></span> <span class='ocrx_word' id='word_1_118' title='bbox 940 2754 1070 2807; x_wconf 92' lang='lat' dir='ltr'><strong>sonum</strong></span> <span class='ocrx_word' id='word_1_119' title='bbox 1089 2730 1315 2829; x_wconf 86' lang='lat' dir='ltr'><strong>intelligitur.</strong></span> <span class='ocrx_word' id='word_1_120' title='bbox 1348 2729 1532 2827; x_wconf 77' lang='lat' dir='ltr'><strong>»Nuptias</strong></span> 
     </span>
     <span class='ocr_line' id='line_1_18' title="bbox 457 2854 1533 2955; baseline 0 -28"><span class='ocrx_word' id='word_1_121' title='bbox 457 2854 547 2929; x_wconf 89' lang='lat' dir='ltr'><strong>item</strong></span> <span class='ocrx_word' id='word_1_122' title='bbox 574 2856 838 2932; x_wconf 83' lang='lat' dir='ltr'><strong>condemnabat</strong></span> <span class='ocrx_word' id='word_1_123' title='bbox 867 2857 978 2933; x_wconf 87' lang='lat' dir='ltr'><strong>veluti</strong></span> <span class='ocrx_word' id='word_1_124' title='bbox 1011 2858 1191 2932; x_wconf 88' lang='lat' dir='ltr'><strong>humanae</strong></span> <span class='ocrx_word' id='word_1_125' title='bbox 1223 2856 1392 2933; x_wconf 86' lang='lat' dir='ltr'><strong>societati</strong></span> <span class='ocrx_word' id='word_1_126' title='bbox 1425 2854 1533 2955; x_wconf 91' lang='lat' dir='ltr'><strong>perui·</strong></span> 
     </span>
     <span class='ocr_line' id='line_1_19' title="bbox 460 2980 1532 3082; baseline -0.001 -28"><span class='ocrx_word' id='word_1_127' title='bbox 460 2981 591 3056; x_wconf 89' lang='lat' dir='ltr'><strong>ciosas.</strong></span> <span class='ocrx_word' id='word_1_128' title='bbox 619 2982 782 3082; x_wconf 86' lang='lat' dir='ltr'><strong>Denique</strong></span> <span class='ocrx_word' id='word_1_129' title='bbox 810 2984 857 3058; x_wconf 90' lang='lat' dir='ltr'><strong>ab</strong></span> <span class='ocrx_word' id='word_1_130' title='bbox 884 2984 942 3057; x_wconf 89' lang='lat' dir='ltr'><strong>bis</strong></span> <span class='ocrx_word' id='word_1_131' title='bbox 969 2983 1190 3060; x_wconf 83' lang='lat' dir='ltr'><strong>falsitatibus</strong></span> <span class='ocrx_word' id='word_1_132' title='bbox 1217 2984 1262 3059; x_wconf 90' lang='lat' dir='ltr'><strong>dc</strong></span> <span class='ocrx_word' id='word_1_133' title='bbox 1289 2984 1429 3082; x_wconf 91' lang='lat' dir='ltr'><strong>origine</strong></span> <span class='ocrx_word' id='word_1_134' title='bbox 1445 2980 1532 3066; x_wconf 91' lang='lat' dir='ltr'><strong>mali,</strong></span> 
     </span>
     <span class='ocr_line' id='line_1_20' title="bbox 460 3107 1533 3209; baseline -0.001 -26"><span class='ocrx_word' id='word_1_135' title='bbox 460 3108 506 3184; x_wconf 86' lang='lat' dir='ltr'><strong>de</strong></span> <span class='ocrx_word' id='word_1_136' title='bbox 534 3107 610 3185; x_wconf 89' lang='lat' dir='ltr'><strong>lleo</strong></span> <span class='ocrx_word' id='word_1_137' title='bbox 636 3111 734 3186; x_wconf 90' lang='lat' dir='ltr'><strong>malo</strong></span> <span class='ocrx_word' id='word_1_138' title='bbox 761 3112 890 3209; x_wconf 86' lang='lat' dir='ltr'><strong>opilioo</strong></span> <span class='ocrx_word' id='word_1_139' title='bbox 917 3114 1055 3199; x_wconf 90' lang='lat' dir='ltr'><strong>mundi,</strong></span> <span class='ocrx_word' id='word_1_140' title='bbox 1082 3114 1127 3189; x_wconf 91' lang='lat' dir='ltr'><strong>de</strong></span> <span class='ocrx_word' id='word_1_141' title='bbox 1155 3112 1312 3187; x_wconf 89' lang='lat' dir='ltr'><strong>bumana</strong></span> <span class='ocrx_word' id='word_1_142' title='bbox 1340 3127 1472 3189; x_wconf 89' lang='lat' dir='ltr'><strong>natura</strong></span> <span class='ocrx_word' id='word_1_143' title='bbox 1500 3121 1533 3184; x_wconf 89' lang='lat' dir='ltr'><strong>et</strong></span> 
     </span>
     <span class='ocr_line' id='line_1_21' title="bbox 432 3236 1534 3337; baseline 0.001 -29"><span class='ocrx_word' id='word_1_144' title='bbox 432 3236 651 3335; x_wconf 81' lang='lat' dir='ltr'><strong>similibus,</strong></span> <span class='ocrx_word' id='word_1_145' title='bbox 679 3261 763 3314; x_wconf 90' lang='lat' dir='ltr'><strong>eum</strong></span> <span class='ocrx_word' id='word_1_146' title='bbox 790 3263 856 3337; x_wconf 91' lang='lat' dir='ltr'><strong>per</strong></span> <span class='ocrx_word' id='word_1_147' title='bbox 882 3264 922 3315; x_wconf 92' lang='lat' dir='ltr'><strong>se</strong></span> <span class='ocrx_word' id='word_1_148' title='bbox 941 3240 1170 3316; x_wconf 87' lang='lat' dir='ltr'><strong>rationalium</strong></span> <span class='ocrx_word' id='word_1_149' title='bbox 1199 3240 1391 3315; x_wconf 85' lang='lat' dir='ltr'><strong>arbitratui</strong></span> <span class='ocrx_word' id='word_1_150' title='bbox 1412 3239 1534 3313; x_wconf 83' lang='lat' dir='ltr'><strong>adver·</strong></span> 
     </span>
     <span class='ocr_line' id='line_1_22' title="bbox 456 3364 1534 3467; baseline 0 -30"><span class='ocrx_word' id='word_1_151' title='bbox 456 3377 607 3453; x_wconf 89' lang='lat' dir='ltr'><strong>sentur,</strong></span> <span class='ocrx_word' id='word_1_152' title='bbox 635 3367 670 3440; x_wconf 89' lang='lat' dir='ltr'><strong>in</strong></span> <span class='ocrx_word' id='word_1_153' title='bbox 699 3366 965 3467; x_wconf 90' lang='lat' dir='ltr'><strong>huncquoque</strong></span> <span class='ocrx_word' id='word_1_154' title='bbox 994 3368 1184 3467; x_wconf 88' lang='lat' dir='ltr'><strong>scopulum</strong></span> <span class='ocrx_word' id='word_1_155' title='bbox 1212 3367 1388 3465; x_wconf 87' lang='lat' dir='ltr'><strong>impegit,</strong></span> <span class='ocrx_word' id='word_1_156' title='bbox 1417 3364 1534 3441; x_wconf 83' lang='lat' dir='ltr'><strong>existi·</strong></span> 
     </span>
     <span class='ocr_line' id='line_1_23' title="bbox 457 3492 1534 3595; baseline -0.001 -31"><span class='ocrx_word' id='word_1_157' title='bbox 457 3514 575 3579; x_wconf 87' lang='lat' dir='ltr'><strong>mans,</strong></span> <span class='ocrx_word' id='word_1_158' title='bbox 602 3493 768 3570; x_wconf 88' lang='lat' dir='ltr'><strong>homines</strong></span> <span class='ocrx_word' id='word_1_159' title='bbox 796 3510 967 3595; x_wconf 89' lang='lat' dir='ltr'><strong>tanquam</strong></span> <span class='ocrx_word' id='word_1_160' title='bbox 988 3520 1047 3571; x_wconf 90' lang='lat' dir='ltr'><strong>res</strong></span> <span class='ocrx_word' id='word_1_161' title='bbox 1075 3496 1291 3570; x_wconf 88' lang='lat' dir='ltr'><strong>inanimatas</strong></span> <span class='ocrx_word' id='word_1_162' title='bbox 1316 3492 1534 3571; x_wconf 89' lang='lat' dir='ltr'><strong>naturalibus</strong></span> 
     </span>
     <span class='ocr_line' id='line_1_24' title="bbox 457 3618 1535 3719; baseline 0 -28"><span class='ocrx_word' id='word_1_163' title='bbox 457 3619 728 3714; x_wconf 89' lang='lat' dir='ltr'><strong>operationibus</strong></span> <span class='ocrx_word' id='word_1_164' title='bbox 757 3622 865 3697; x_wconf 87' lang='lat' dir='ltr'><strong>veluti</strong></span> <span class='ocrx_word' id='word_1_165' title='bbox 894 3621 1040 3697; x_wconf 82' lang='lat' dir='ltr'><strong>funibus</strong></span> <span class='ocrx_word' id='word_1_166' title='bbox 1069 3622 1188 3708; x_wconf 81' lang='lat' dir='ltr'><strong>trabi3</strong></span> <span class='ocrx_word' id='word_1_167' title='bbox 1215 3620 1358 3719; x_wconf 88' lang='lat' dir='ltr'><strong>penitus</strong></span> <span class='ocrx_word' id='word_1_168' title='bbox 1387 3618 1535 3695; x_wconf 88' lang='lat' dir='ltr'><strong>sublatis</strong></span> 
     </span>
     <span class='ocr_line' id='line_1_25' title="bbox 459 3744 1534 3842; baseline -0.002 -25"><span class='ocrx_word' id='word_1_169' title='bbox 459 3766 543 3842; x_wconf 83' lang='lat' dir='ltr'><strong>eum</strong></span> <span class='ocrx_word' id='word_1_170' title='bbox 567 3744 680 3821; x_wconf 90' lang='lat' dir='ltr'><strong>libera</strong></span> <span class='ocrx_word' id='word_1_171' title='bbox 710 3746 912 3835; x_wconf 82' lang='lat' dir='ltr'><strong>voluntate,</strong></span> <span class='ocrx_word' id='word_1_172' title='bbox 940 3761 1088 3825; x_wconf 88' lang='lat' dir='ltr'><strong>actuum</strong></span> <span class='ocrx_word' id='word_1_173' title='bbox 1116 3749 1358 3823; x_wconf 89' lang='lat' dir='ltr'><strong>bumanorum</strong></span> <span class='ocrx_word' id='word_1_174' title='bbox 1388 3746 1534 3822; x_wconf 84' lang='lat' dir='ltr'><strong>meritis.</strong></span> 
     </span>
     <span class='ocr_line' id='line_1_26' title="bbox 564 3870 1536 3975; baseline -0.003 -28"><span class='ocrx_word' id='word_1_175' title='bbox 564 3871 613 3947; x_wconf 78' lang='lat' dir='ltr'><strong>lit</strong></span> <span class='ocrx_word' id='word_1_176' title='bbox 639 3874 729 3949; x_wconf 88' lang='lat' dir='ltr'><strong>baec</strong></span> <span class='ocrx_word' id='word_1_177' title='bbox 761 3878 884 3950; x_wconf 88' lang='lat' dir='ltr'><strong>omnia</strong></span> <span class='ocrx_word' id='word_1_178' title='bbox 917 3876 1053 3975; x_wconf 84' lang='lat' dir='ltr'><strong>itaque,</strong></span> <span class='ocrx_word' id='word_1_179' title='bbox 1072 3897 1231 3974; x_wconf 86' lang='lat' dir='ltr'><strong>saneque</strong></span> <span class='ocrx_word' id='word_1_180' title='bbox 1257 3874 1413 3951; x_wconf 89' lang='lat' dir='ltr'><strong>absurda</strong></span> <span class='ocrx_word' id='word_1_181' title='bbox 1433 3898 1453 3947; x_wconf 90' lang='lat' dir='ltr'><strong>a</strong></span> <span class='ocrx_word' id='word_1_182' title='bbox 1473 3870 1536 3945; x_wconf 84' lang='lat' dir='ltr'><strong>Bn-</strong></span> 
     </span>
     <span class='ocr_line' id='line_1_27' title="bbox 455 3996 1534 4089; baseline -0.002 -17"><span class='ocrx_word' id='word_1_183' title='bbox 455 3998 580 4086; x_wconf 90' lang='lat' dir='ltr'><strong>silide,</strong></span> <span class='ocrx_word' id='word_1_184' title='bbox 611 4000 802 4079; x_wconf 82' lang='lat' dir='ltr'><strong>Valentino</strong></span> <span class='ocrx_word' id='word_1_185' title='bbox 835 4016 873 4078; x_wconf 91' lang='lat' dir='ltr'><strong>et</strong></span> <span class='ocrx_word' id='word_1_186' title='bbox 909 4001 1088 4079; x_wconf 81' lang='lat' dir='ltr'><strong>Marcione</strong></span> <span class='ocrx_word' id='word_1_187' title='bbox 1121 4002 1295 4089; x_wconf 87' lang='lat' dir='ltr'><strong>inventa,</strong></span> <span class='ocrx_word' id='word_1_188' title='bbox 1331 4002 1411 4077; x_wconf 83' lang='lat' dir='ltr'><strong>unis</strong></span> <span class='ocrx_word' id='word_1_189' title='bbox 1435 3996 1534 4076; x_wconf 85' lang='lat' dir='ltr'><strong>alteri</strong></span> 
     </span>
     <span class='ocr_line' id='line_1_28' title="bbox 453 4126 1534 4231; baseline -0.001 -30"><span class='ocrx_word' id='word_1_190' title='bbox 453 4150 520 4201; x_wconf 86' lang='lat' dir='ltr'><strong>ana</strong></span> <span class='ocrx_word' id='word_1_191' title='bbox 548 4131 899 4207; x_wconf 85' lang='lat' dir='ltr'><strong>communicantibus</strong></span> <span class='ocrx_word' id='word_1_192' title='bbox 924 4132 1078 4218; x_wconf 88' lang='lat' dir='ltr'><strong>somnia,</strong></span> <span class='ocrx_word' id='word_1_193' title='bbox 1106 4142 1215 4231; x_wconf 88' lang='lat' dir='ltr'><strong>atque</strong></span> <span class='ocrx_word' id='word_1_194' title='bbox 1245 4154 1317 4207; x_wconf 93' lang='lat' dir='ltr'><strong>uno</strong></span> <span class='ocrx_word' id='word_1_195' title='bbox 1345 4126 1534 4213; x_wconf 81' lang='lat' dir='ltr'><strong>confoede-</strong></span> 
     </span>
     <span class='ocr_line' id='line_1_29' title="bbox 454 4255 1535 4357; baseline -0.002 -28"><span class='ocrx_word' id='word_1_196' title='bbox 454 4255 544 4329; x_wconf 87' lang='lat' dir='ltr'><strong>ratis</strong></span> <span class='ocrx_word' id='word_1_197' title='bbox 573 4258 745 4335; x_wconf 87' lang='lat' dir='ltr'><strong>conilictu</strong></span> <span class='ocrx_word' id='word_1_198' title='bbox 776 4260 821 4334; x_wconf 91' lang='lat' dir='ltr'><strong>ad</strong></span> <span class='ocrx_word' id='word_1_199' title='bbox 853 4260 1038 4336; x_wconf 90' lang='lat' dir='ltr'><strong>doctrinae</strong></span> <span class='ocrx_word' id='word_1_200' title='bbox 1069 4259 1269 4338; x_wconf 88' lang='lat' dir='ltr'><strong>catholicae</strong></span> <span class='ocrx_word' id='word_1_201' title='bbox 1298 4255 1535 4357; x_wconf 84' lang='lat' dir='ltr'><strong>expugnatio-</strong></span> 
     </span>
     <span class='ocr_line' id='line_1_30' title="bbox 455 4379 1535 4487; baseline -0.005 -31"><span class='ocrx_word' id='word_1_202' title='bbox 455 4404 555 4470; x_wconf 89' lang='lat' dir='ltr'><strong>nem,</strong></span> <span class='ocrx_word' id='word_1_203' title='bbox 582 4384 757 4484; x_wconf 84' lang='lat' dir='ltr'><strong>Origenes</strong></span> <span class='ocrx_word' id='word_1_204' title='bbox 791 4388 956 4465; x_wconf 85' lang='lat' dir='ltr'><strong>vcritatis</strong></span> <span class='ocrx_word' id='word_1_205' title='bbox 985 4388 1122 4465; x_wconf 83' lang='lat' dir='ltr'><strong>zelator</strong></span> <span class='ocrx_word' id='word_1_206' title='bbox 1148 4400 1376 4487; x_wconf 87' lang='lat' dir='ltr'><strong>prosternere</strong></span> <span class='ocrx_word' id='word_1_207' title='bbox 1402 4379 1535 4459; x_wconf 89' lang='lat' dir='ltr'><strong>studuit</strong></span> 
     </span>
     <span class='ocr_line' id='line_1_31' title="bbox 458 4508 1532 4617; baseline -0.002 -30"><span class='ocrx_word' id='word_1_208' title='bbox 458 4508 495 4584; x_wconf 87' lang='lat' dir='ltr'><strong>in</strong></span> <span class='ocrx_word' id='word_1_209' title='bbox 523 4510 637 4602; x_wconf 87' lang='lat' dir='ltr'><strong>libris,</strong></span> <span class='ocrx_word' id='word_1_210' title='bbox 661 4516 788 4593; x_wconf 88' lang='lat' dir='ltr'><strong>endem</strong></span> <span class='ocrx_word' id='word_1_211' title='bbox 805 4515 858 4592; x_wconf 82' lang='lat' dir='ltr'><strong>De</strong></span> <span class='ocrx_word' id='word_1_212' title='bbox 883 4516 1075 4617; x_wconf 82' lang='lat' dir='ltr'><strong>Principiis</strong></span> <span class='ocrx_word' id='word_1_213' title='bbox 1099 4514 1204 4593; x_wconf 89' lang='lat' dir='ltr'><strong>titulo</strong></span> <span class='ocrx_word' id='word_1_214' title='bbox 1229 4514 1532 4615; x_wconf 69' lang='lat' dir='ltr'><strong>inscriptaque</strong></span> 
     </span>
    </p>
   </div>
   <div class='ocr_carea' id='block_1_2' title="bbox 0 0 1699 5567">
    <p class='ocr_par' dir='ltr' id='par_1_2' title="bbox 0 0 1699 5567">
     <span class='ocr_line' id='line_1_32' title="bbox 0 0 1699 5567; baseline 0 0"><span class='ocrx_word' id='word_1_215' title='bbox 0 0 1699 5567; x_wconf 95' lang='lat' dir='ltr'><strong> </strong></span> 
     </span>
    </p>
   </div>
  </div>
 </body>
</html>
