3375 5567
465 796 664 875 testimoniis,
687 796 852 861 concludit
873 816 903 862 ιι.
927 800 957 866 7.
978 794 1059 864 «Hx
1076 817 1143 880 quo
1158 796 1408 863 manilestlsslme
1427 796 1546 879 designa·

463 906 531 974 tnr,
552 899 640 981 qnod
663 899 753 965 nulla
774 906 823 963 est
843 902 875 963 iu
897 896 1054 964 Trinitnte
1075 900 1240 979 discretio,
1262 899 1317 963 sed
1333 900 1392 963 boc
1411 899 1488 980 qnod
1501 900 1546 961 do·

461 1016 539 1062 uum
554 1000 693 1082 Spiritus
714 1001 847 1079 dicitur,
865 1001 1091 1066 manifestatur
1111 1020 1171 1084 per
1185 999 1318 1078 Filium,
1335 1009 1367 1065 et
1382 1002 1547 1082 inoperatur

461 1118 521 1181 per
541 1102 646 1166 Deum
668 1102 817 1167 Patrem:
839 1102 948 1167 omnin
973 1111 1078 1167 antem
1098 1112 1248 1185 operetur
1271 1120 1358 1165 nnus
1377 1111 1465 1183 otyor
1482 1100 1548 1163 iden

460 1200 613 1283 Spiritus,
634 1202 779 1269 dividens
799 1205 972 1287 unicnique
989 1213 1085 1286 proin
1099 1206 1179 1269 nult.
1203 1202 1261 1269 His
1277 1204 1378 1286 igitur
1397 1204 1551 1268 denuitate

464 1302 567 1368 Patris
588 1312 621 1368 et
642 1304 716 1368 Filii
737 1313 769 1369 et
789 1304 928 1385 Spiritus
948 1306 1054 1372 Sancti
1077 1307 1274 1390 protestatio,
1291 1306 1457 1371 redeamus
1475 1312 1550 1369 etc.»

460 1402 522 1469 Sed
544 1406 584 1467 de
605 1406 654 1469 lais
674 1406 826 1486 superius
847 1408 923 1470 satis
945 1406 1078 1471 dictum.

540 1501 771 1569 Verumtamen
791 1523 855 1569 uon
877 1506 908 1569 lu
931 1507 992 1569 boc
1018 1511 1082 1570 stat
1109 1504 1281 1569 difficultas
1303 1506 1482 1586 praecipua.
1505 1500 1554 1565 Hte

462 1607 646 1687 quaeritur,
661 1606 749 1686 quod
767 1606 861 1670 valde
882 1604 1082 1689 Hieronymo
1094 1607 1126 1670 in
1148 1606 1293 1687 Epistola
1308 1607 1348 1669 ad
1367 1606 1492 1669 Avitum
1506 1604 1555 1667 dis·

461 1706 590 1788 plicuit,
605 1707 778 1788 Origeneut
801 1707 952 1772 nimirum
967 1708 1098 1771 dixisse:
1127 1704 1286 1769 Christum
1302 1706 1425 1771 Filinnt
1440 1704 1491 1768 llei
1505 1724 1555 1765 non

461 1815 572 1870 naum
591 1825 678 1882 esse,
696 1808 751 1869 red
768 1808 910 1887 sactum:
937 1807 1055 1872 Filium
1087 1807 1145 1871 Hei
1163 1815 1344 1871 creaturam
1367 1824 1555 1885 nuncupasse.

462 1906 542 1972 ltem
552 1908 593 1972 de
602 1908 726 1990 Spiritu
740 1909 870 1986 Sancto,
880 1907 1054 1991 Origenem
1068 1909 1247 1973 introducit
1259 1908 1460 1989 loquentem:
1473 1906 1557 1969 aler·

462 2011 543 2073 tium
564 2009 717 2090 dignitate
738 2017 770 2073 et
791 2010 916 2074 bonore
937 2018 1009 2093 post
1032 2010 1159 2073 Patrem
1181 2008 1352 2074 etlilium
1375 2012 1485 2075 asserit
1502 2010 1557 2089 Spi-

463 2112 562 2175 ritum
583 2110 747 2176 Sanctum.
772 2111 818 2174 De
838 2132 905 2192 quo
927 2132 1029 2195 quum
1058 2114 1209 2193 ignorare
1229 2132 1264 2175 se
1285 2113 1375 2189 dicit,
1399 2120 1503 2176 utrum
1523 2110 1558 2171 ia·

462 2221 534 2277 ctus
554 2214 607 2290 sit,
630 2231 669 2275 au
690 2213 856 2293 inlectua3
879 2216 909 2278 iu
940 2214 1174 2296 posterioribus
1195 2214 1273 2296 qnid
1295 2212 1336 2278 de
1357 2232 1398 2278 eo
1419 2214 1558 2285 sentiret,

461 2317 632 2394 expressit,
655 2316 733 2379 nibil
755 2316 877 2395 absque
898 2316 969 2380 solo
986 2315 1053 2382 Deo
1077 2318 1173 2381 Patre
1194 2316 1350 2380 iniectum
1373 2334 1441 2380 esse
1462 2310 1559 2377 contin

462 2432 562 2478 maus.
585 2436 601 2472 n
625 2413 800 2496 inquibus
824 2416 929 2480 verbis
951 2416 1068 2481 infidus
1089 2418 1250 2499 probatur
1271 2424 1382 2480 textus
1405 2430 1559 2496 graecnsa

462 2512 663 2599 Hieronymo
686 2534 810 2591 versus,
834 2524 866 2579 et
883 2518 954 2581 hinc
976 2517 1113 2581 infidelis
1128 2517 1271 2599 ejusdem
1288 2518 1562 2597 interpretationi

462 2615 534 2679 talis
555 2624 591 2678 ut
614 2614 763 2678 Hditorea
784 2634 858 2679 cum
881 2618 912 2678 in
933 2621 1049 2681 ceteris
1066 2616 1255 2701 Hieronymi
1279 2617 1460 2678 versionem
1474 2612 1561 2679 secuti

461 2716 537 2787 aiut,
557 2716 661 2778 altera
686 2714 803 2779 ttuunt
825 2717 974 2797 abjecta,
999 2721 1030 2781 in
1052 2718 1099 2780 bis
1123 2735 1200 2779 vero
1223 2714 1358 2795 probata
1385 2714 1500 2779 Rullini
1525 2714 1561 2773 io·

463 2817 713 2894 terpretatione,
736 2813 937 2897 Hieronymo
958 2816 1207 2896 exprobrarint,
1237 2814 1324 2896 qnod
1348 2814 1382 2877 in
1404 2816 1453 2877 lais
1477 2829 1561 2892 expo·

460 2918 617 2981 nondinae
638 2916 741 2997 decipi
757 2935 869 2998 passus
889 2918 940 2981 stt.
957 2916 1010 2982 Sic
1030 2919 1114 2981 enim
1128 2917 1283 2981 scribitur
1299 2917 1330 2979 in
1346 2920 1434 2981 notia
1449 2914 1528 2978 Libri
1542 2910 1559 2971 l.

459 3036 488 3079 c.
513 3016 556 3080 lt.
579 3036 609 3080 ιι.
629 3017 662 3083 o:
686 3015 816 3093 «Quod
840 3022 939 3084 vertit
956 3018 1102 3083 Hutb'uus
1123 3015 1209 3080 nittt
1221 3015 1415 3098 ingenitum,
1436 3014 1562 3079 idestis-

459 3127 582 3195 nasum,
598 3120 631 3181 id
644 3118 864 3202 Hieronymus
886 3120 1024 3184 reddidit
1043 3119 1129 3183 sitit
1148 3118 1300 3199 infectum
1321 3120 1352 3181 in
1377 3117 1517 3201 Epistola
1530 3114 1562 3177 ad

460 3218 607 3295 Avitum,
632 3220 688 3284 ubi
710 3222 766 3283 ait:
785 3217 927 3285 Tertium
947 3220 983 3285 s'n
1004 3219 1159 3302 dignitate
1179 3231 1241 3286 etc.
1259 3222 1366 3301 (sicuti
1389 3220 1487 3303 paulo
1502 3224 1563 3280 ante

459 3338 501 3383 ex
521 3322 635 3384 eodem
656 3321 817 3402 exposui).
842 3322 986 3386 Albona
1008 3320 1198 3408 Hieronymi
1222 3324 1313 3386 venia
1336 3324 1501 3396 dixerim,
1519 3318 1563 3379 de·

460 3424 523 3502 cipi
541 3442 576 3487 se
591 3441 703 3503 passus
713 3431 761 3487 est
773 3424 945 3504 ambiguae
958 3427 1044 3488 vocis
1057 3421 1212 3517 ἀγένητον
1232 3424 1477 3504 significatione,
1492 3436 1564 3503 qnae

461 3540 523 3586 nou
544 3541 673 3606 semper
693 3542 762 3587 rem
777 3524 928 3589 inlectam
950 3528 1115 3607 exprimit:
1133 3544 1150 3589 a
1172 3522 1399 3615 γεννᾶωνίριιο
1421 3524 1456 3589 tit
1475 3540 1567 3615 γεννιι

459 3622 515 3703 τὸς
533 3624 672 3705 penitus:
695 3644 713 3688 a
734 3624 873 3717 pluspart
886 3644 971 3703 anm,
991 3625 1089 3689 existo
1105 3628 1140 3690 tit
1158 3618 1300 3712 γενητδς,
1317 3628 1379 3690 boc
1401 3633 1452 3690 cst
1466 3620 1566 3683 labos

461 3727 500 3790 ab
520 3726 631 3805 aliquo
650 3738 687 3790 nt
705 3729 755 3792 sit.

541 3849 558 3886 n
573 3827 685 3909 ltaque
699 3837 736 3892 ut
748 3834 912 3912 sapienter
922 3832 1073 3895 observat
1088 3828 1227 3895 Huetius
1241 3828 1511 3909 Origenianornm
1524 3816 1565 3879 ld·

460 3928 563 3994 broH.
586 3938 711 4010 quaest.
726 3928 758 3995 2.
782 3950 812 3994 ιι.
836 3930 887 3998 23.
909 3934 936 3995 si
951 3932 1083 4013 proprie
1103 3931 1194 4012 loqui
1212 3929 1360 4004 velimus,
1378 3924 1467 3988 Dens
1482 3920 1567 3984 Patet

462 4038 510 4093 est
529 4025 699 4121 α’γέννητος
719 4038 752 4097 et
772 4030 936 4125 ἀγένητος,
961 4036 1036 4112 quia
1067 4050 1171 4112 neque
1192 4032 1233 4093 ab
1254 4030 1324 4093 ullo
1357 4026 1484 4107 genitus
1503 4026 1563 4085 est,

462 4150 568 4211 neque
589 4132 631 4193 ab
651 4134 722 4197 ullo
748 4135 845 4197 babet
866 4141 903 4196 ut
923 4134 1050 4196 existat.
1074 4132 1155 4196 ltem
1177 4130 1280 4195 Filius
1300 4136 1348 4193 est
1361 4116 1507 4221 γεννητὸς
1520 4136 1564 4197 80·

461 4234 559 4306 uitus,
582 4249 656 4295 uam
677 4235 819 4315 gignitur
833 4235 975 4301 aPatre.
1000 4234 1057 4299 Est
1077 4238 1154 4299 itero
1175 4226 1316 4327 γενητὸς,
1339 4246 1413 4292 narn
1436 4244 1453 4287 a
1478 4222 1563 4284 Patre

459 4332 505 4392 aic
526 4338 678 4411 tanquam
699 4350 718 4395 a
740 4336 897 4417 principio
919 4336 1016 4400 babet
1037 4344 1074 4400 ut
1103 4337 1153 4399 sit.
1173 4334 1312 4417 Spiritus
1335 4350 1415 4396 tero
1439 4325 1565 4391 Sancti¹⁵

460 4450 524 4492 nou
543 4440 591 4494 est
610 4427 759 4525 γεννητὸς
778 4436 833 4499 sed
856 4432 994 4527 γενητὸς.
1008 4436 1195 4501 Genitorem
1211 4438 1295 4501 onim
1308 4453 1371 4499 uou
1384 4433 1480 4495 babet
1489 4448 1500 4507 ;
1515 4422 1563 4487 aad

461 4531 557 4594 babet
570 4550 588 4594 a
604 4532 698 4599 Patre
713 4544 745 4599 et
761 4532 845 4598 Filio
861 4544 897 4601 ut
912 4538 1039 4603 existat.
1057 4536 1142 4619 Ergo
1157 4556 1232 4603 cnm
1244 4536 1390 4601 hocloco
1404 4534 1449 4597 ait
1460 4528 1564 4605 Origo·
