3375 5567
152 813 279 876 vlrtutem
298 811 461 891 scientiae,
477 831 540 878 noo
562 831 620 896 per
635 811 841 895 lrapilitotem
859 811 1061 877 visibilitatis.
1078 809 1161 888 Ouia
1178 814 1237 893 ipi-

150 922 191 976 tur
205 914 241 977 de
265 917 454 996 incorporea
476 923 592 980 natura
621 925 654 980 ct
677 915 851 993 invisibili,
874 933 933 978 uec
961 914 1071 978 videre
1104 917 1237 996 proprie

146 1014 253 1092 dicitur,
274 1035 332 1080 nec
347 1019 460 1094 videri,
473 1018 612 1099 ideoque
628 1037 734 1097 neque
750 1017 848 1080 Pater
868 1037 886 1079 a
902 1017 998 1092 Filio,
1014 1035 1118 1098 neque
1135 1015 1237 1101 Filius

146 1115 259 1180 alatro
281 1119 396 1197 videri,
418 1122 451 1182 iu
471 1118 650 1199 Evangelio
671 1120 804 1196 dicitur,
826 1119 881 1182 sed
904 1120 1063 1199 cognosci.
1088 1137 1106 1178 s

203 1215 243 1279 lit
261 1221 334 1298 quis
354 1222 387 1283 iu
417 1220 480 1282 boc
499 1238 647 1283 sermone
669 1238 733 1283 non
752 1220 909 1301 percipiet
929 1217 1079 1299 Oripeuis
1111 1218 1234 1281 cautio·
1307 1240 1309 1246 ·

144 1335 199 1378 vem
217 1322 378 1400 animique
408 1321 459 1384 sui
481 1320 699 1385 modestiam?
720 1321 812 1384 Adeo
840 1323 924 1382 onim
947 1322 1071 1384 veritus
1100 1328 1171 1396 est,
1194 1337 1234 1383 no

142 1419 359 1496 quodammodo
389 1421 531 1484 lectores
551 1420 816 1497 olleudercotur,
839 1439 915 1485 cum
937 1422 1003 1500 ipse
1024 1423 1166 1501 primurn
1188 1420 1235 1482 di·

142 1520 219 1593 verit,
239 1517 297 1584 {lei
314 1519 421 1583 Patris
441 1528 591 1584 naturam
610 1520 803 1584 invisibilem
824 1539 958 1601 quoque
972 1540 1041 1585 esse
1064 1519 1146 1583 Filio
1162 1537 1239 1594 suo,

141 1621 319 1702 proindeque
340 1640 381 1685 ue
402 1623 573 1704 impietatis
595 1631 805 1704 argueretur,
827 1623 935 1686 statim
951 1623 1072 1699 subdit,
1094 1641 1130 1686 so
1144 1623 1239 1685 datu·

142 1738 198 1782 rum
217 1723 312 1802 hujus
332 1724 509 1787 locutionis
530 1725 697 1787 rationem.
721 1723 814 1800 Quae
836 1730 901 1787 tntu
923 1725 1091 1805 perspicua
1115 1732 1176 1795 est,
1200 1728 1237 1786 ut

142 1837 203 1899 prae
229 1821 306 1886 solis
326 1822 404 1886 luce
430 1823 609 1902 clarescat3
630 1831 664 1886 ct
691 1826 839 1904 quisquis
864 1826 960 1888 etlam
989 1823 1088 1885 intimi
1121 1823 1237 1903 iopeuii

140 1922 388 1999 comprehendat,
415 1942 476 1986 cur
496 1923 618 1987 dixerit
639 1925 717 2004 ipsc:
736 1922 859 1987 Filium
881 1942 945 1986 ooo
968 1921 1071 1984 cidere
1097 1922 1235 1986 Putrem.

139 2015 203 2082 Corn
218 2023 301 2085 euim
318 2025 467 2104 opprime
481 2024 665 2089 distinxerit
682 2026 834 2088 visionem
850 2043 869 2087 u
885 2027 1078 2105 cognitione,
1095 2030 1240 2086 statuens

140 2117 269 2186 visionem
288 2127 426 2206 proprie
446 2126 509 2188 dici
531 2127 571 2188 de
592 2134 708 2190 natura
730 2143 905 2207 corporea,
919 2135 952 2190 et
972 2122 1183 2204 coquitiortem
1201 2123 1241 2186 de

141 2222 340 2304 incorporea,
362 2229 467 2291 omnis
488 2226 619 2290 tollitur
638 2226 824 2304 difficultas,
847 2246 886 2290 uo
906 2227 1082 2307 dissipatur
1105 2225 1240 2289 scanda-

140 2320 204 2385 lum.
225 2323 439 2407 Quapropter
460 2327 548 2407 quod
569 2347 612 2391 ex
632 2329 743 2392 codice
764 2347 825 2392 suo
839 2347 957 2409 graeco
981 2329 1147 2392 transtulit
1162 2325 1240 2390 Hie·

142 2442 298 2509 conputus,
321 2447 365 2492 ex
397 2429 502 2510 glossa
524 2429 694 2513 cuiusdam
726 2429 829 2492 malae
853 2427 926 2492 tidei
947 2428 1136 2493 arcessitum
1160 2426 1237 2508 jure

141 2527 265 2592 creditur
284 2531 319 2593 irr
343 2537 470 2596 textum
490 2530 652 2612 Osismis,
676 2532 732 2611 qui
755 2529 877 2594 verbor
897 2531 982 2612 quod
1002 2528 1033 2592 si
1052 2527 1191 2609 requires
1219 2546 1240 2588 o

140 2643 174 2686 sve
189 2626 261 2707 psid
280 2628 380 2694 etium
399 2632 437 2693 de
456 2629 524 2713 ipso
548 2629 717 2712 Usipeoito
737 2629 874 2695 seatium
883 2675 895 2706 ,
915 2629 947 2694 si
967 2648 1004 2692 tte
1024 2627 1089 2709 ipsi
1114 2626 1243 2710 quidem

141 2725 274 2793 υίείὸίὶιω
293 2733 403 2796 ddecus
432 2742 584 2796 autorum
606 2731 663 2797 Dei
681 2743 737 2795 etc.
760 2733 890 2797 lolsavit
909 2733 955 2796 sic
982 2733 1238 2810 interpretatus:

139 2828 206 2892 sior
229 2831 315 2896 esim
335 2832 554 2915 inconpertum
584 2844 630 2897 est
649 2832 751 2898 dicere
770 2835 855 2914 quod
881 2830 984 2914 possit
1004 2830 1112 2895 Filius
1137 2829 1241 2895 videre

140 2925 249 2993 Putrem
260 2951 279 3005 ,·
300 2931 350 2997 ito
371 2929 594 2996 inconveniens
613 2943 656 2995 est
677 2933 818 3015 opinari,
839 2933 926 3013 quod
947 2928 1087 3012 Spiritus
1105 2927 1240 2994 Sanctus

136 3033 219 3107 poerit
235 3033 345 3097 uiden
368 3032 501 3098 Filium.
525 3034 619 3110 Quae
639 3053 715 3099 cunr
737 3035 865 3116 penitus
896 3053 913 3098 e
938 3041 1093 3098 contestu
1122 3032 1241 3094 abbor-

142 3141 227 3211 root,
250 3135 421 3200 manifeste
436 3136 588 3213 iudicant,
607 3139 678 3225 ipsa
693 3137 838 3201 studiose
859 3135 1019 3200 abstractu
1037 3135 1135 3198 luisse
1156 3150 1173 3195 a
1192 3152 1242 3196 re-

142 3229 217 3311 liquo
235 3237 395 3300 sermonis
417 3235 530 3299 ordine
551 3236 650 3316 (uude
670 3239 828 3317 gonuinus
851 3237 949 3317 buius
963 3241 1052 3316 patet
1068 3233 1191 3310 sensus)
1211 3241 1244 3296 et

142 3333 224 3413 vnlpo
244 3336 366 3400 tradita
387 3337 419 3398 iu
441 3337 597 3400 Auctoris
618 3337 836 3417 ignominiam.

205 3433 243 3498 Et
268 3437 440 3516 prolecto,
465 3438 525 3500 bac
545 3438 666 3500 intenta
689 3439 846 3501 varietate
873 3436 903 3498 io
929 3437 1053 3516 graecis
1077 3434 1241 3500 codicibus

141 3527 314 3621 llieronpmi
329 3545 362 3601 et
379 3537 510 3614 Rudini,
535 3539 628 3602 valde
650 3545 763 3602 notatu
780 3556 963 3618 congruum
979 3538 1061 3602 illud
1079 3545 1139 3613 est,
1155 3536 1243 3618 quod

140 3637 234 3700 scribit
247 3639 328 3719 iure
342 3639 490 3704 udonus
505 3641 573 3720 ipse
596 3641 628 3702 in
645 3637 742 3704 Libro
759 3639 783 3701 l.
808 3638 1044 3702 invectivarum
1061 3657 1090 3702 n.
1106 3637 1156 3706 lb.
1172 3636 1244 3704 lb:

142 3753 156 3788 v
174 3731 255 3800 lstud
270 3746 371 3820 caput
393 3739 497 3816 (idest
514 3741 610 3803 verba
632 3738 782 3820 Origonis
797 3739 915 3816 citntnl
938 3740 1055 3820 inquit,
1071 3739 1157 3822 quod
1174 3739 1243 3818 isti,

142 3836 274 3909 quodid
296 3839 512 3904 insidiandum
544 3839 621 3902 milri
643 3840 682 3903 de
707 3839 841 3903 Oriente
864 3840 1039 3903 transmissi
1060 3849 1160 3916 suut,
1183 3857 1247 3904 nou

141 3933 231 3999 tolum
256 3956 412 4019 perversa
436 3939 660 4020 intelligentia,
677 3959 791 4004 verum
813 3943 911 4003 etiem
930 3940 1105 4004 verborum
1120 3940 1249 4004 adulto-

145 4033 184 4097 rlo
202 4041 308 4102 conati
329 4049 405 4103 sunt
426 4041 603 4104 iolamure.
620 4087 650 4104 ..
672 4041 733 4106 Sed
755 4060 839 4104 nuno
852 4042 1002 4106 ausculto
1021 4042 1189 4121 (loquitur
1208 4040 1248 4102 ad

144 4128 374 4217 Apronianum)
390 4141 467 4220 quid
488 4141 623 4219 iaciunt,
639 4148 672 4204 et
686 4141 796 4222 llogitii
810 4160 925 4205 eorum
942 4143 1086 4222 require,
1099 4142 1124 4205 si
1142 4140 1247 4204 ullum

144 4241 305 4311 praecessit
326 4242 525 4321 exemplum.
544 4240 579 4304 ln
594 4259 633 4306 eo
653 4243 741 4320 loco,
758 4242 814 4306 ubi
834 4246 994 4322 scripturn
1015 4241 1204 4321 erntrpuod
1219 4240 1249 4303 si

141 4334 265 4413 rosim
284 4361 305 4401 c
319 4359 380 4415 me,
399 4340 477 4421 perid
496 4340 591 4404 etiem
604 4343 641 4404 de
653 4342 722 4422 ipso
742 4339 910 4423 Unigenito
925 4339 1069 4419 mutiam,
1087 4340 1116 4406 si
1131 4361 1169 4405 oe
1187 4339 1251 4421 ipsi

145 4431 328 4517 (Ucipeiritnl
349 4440 475 4522 quidem
487 4441 678 4507 invisibilem
698 4442 802 4507 &um
823 4453 974 4509 autorum
991 4443 1062 4519 ttei,
1081 4443 1137 4525 prii
1156 4451 1251 4506 noto·

145 4534 245 4602 taliter
263 4539 507 4622 invisibilisne
524 4561 587 4607 coa
602 4541 658 4606 tili
677 4545 785 4607 stetim
804 4546 855 4608 oel
867 4544 1001 4627 impium
1014 4543 1161 4610 videatur
1173 4561 1250 4619 esre,
1380 4567 1383 4574 ’
