3375 5567
437 758 525 838 qnod
549 762 706 832 tenemus,
728 754 789 820 sub
810 772 861 832 ea,
884 773 982 836 quam
1003 757 1045 820 ibi
1064 755 1172 848 μόθον
1190 755 1331 839 [niolam
1355 759 1533 836 vocatione

437 859 595 924 sissimnm
616 855 840 933 Adamantius,
862 859 1039 922 secundom
1063 859 1228 939 propriam
1244 866 1276 922 et
1291 859 1475 939 primaevam
1500 859 1532 918 si·

439 962 673 1042 gnificatinnem
694 962 977 1041 comprehenderit
991 961 1131 1042 alicuius
1148 960 1239 1036 lacti,
1256 979 1369 1041 nempe
1389 979 1447 1023 non
1460 975 1530 1020 com·

440 1063 597 1137 mentitii,
618 1064 673 1124 sed
698 1063 795 1127 realis
819 1063 1036 1126 narrationem
1049 1060 1065 1126 ’θ
1089 1060 1129 1126 tu
1151 1061 1287 1138 honest,
1303 1063 1390 1142 qnod
1411 1061 1531 1122 studiose

439 1165 530 1228 nobis
551 1166 822 1244 propugnandum
842 1174 901 1228 est.

517 1263 550 1328 Si
572 1264 708 1326 hominis
728 1273 947 1327 commentum
970 1274 1001 1328 nt
1023 1266 1255 1343 imaginationis
1276 1282 1372 1343 opus,
1390 1263 1482 1326 relati
1497 1260 1531 1322 la·

439 1362 595 1425 bulantor
616 1374 731 1444 poetae
751 1366 790 1427 da
819 1376 896 1427 ortu
920 1362 1085 1426 Minervae
1113 1377 1145 1428 et
1170 1364 1303 1428 Veneria
1324 1375 1357 1426 et
1384 1365 1422 1424 de
1442 1361 1534 1425 simili·

353 1501 365 1508 -
438 1465 512 1538 has,
528 1465 654 1528 ieciaset
667 1466 824 1544 Origenes
839 1466 1005 1528 historiam
1019 1464 1117 1544 Lo'th;
1136 1477 1210 1528 tnnc
1233 1483 1290 1528 nec
1307 1475 1468 1542 tantopere
1482 1462 1535 1522 ela·

438 1565 584 1630 hnraaset
602 1568 642 1630 ad
663 1567 808 1647 ejusdem
830 1571 996 1638 acrimine
1015 1569 1270 1642 excusationem,
1291 1568 1387 1630 sicuti
1410 1565 1531 1626 tiliarum

436 1684 573 1731 suarum
593 1676 626 1730 ct
651 1669 765 1730 uxoria
785 1685 874 1730 anae.
902 1667 1017 1748 quue
1039 1670 1137 1746 magis
1163 1668 1250 1746 quod
1274 1674 1346 1746 post
1364 1666 1484 1744 longina
1502 1661 1532 1725 dc

437 1767 485 1830 bla
505 1768 736 1832 discussionem
758 1779 791 1832 at
815 1771 946 1849 quidam
970 1773 1119 1843 arduam,
1143 1769 1319 1832 concludit:
1345 1789 1360 1826 n
1385 1763 1533 1829 Prosecuti

437 1887 563 1942 sumus,
592 1879 629 1933 nt
650 1872 831 1949 potuimus,
849 1871 899 1933 sel
928 1871 967 1934 da
993 1873 1097 1949 culpis
1122 1869 1204 1932 Loth
1232 1888 1270 1932 ac
1298 1870 1439 1931 tiliarum
1463 1866 1532 1946 ejas,

438 1968 489 2033 rel
510 1987 626 2034 rursm
647 1971 686 2032 de
701 1973 965 2038 excusationibus
986 1989 1112 2036 earum.
1138 1967 1260 2034 Verum
1282 1973 1350 2034 scio
1366 1967 1531 2032 uoonollon

434 2078 593 2150 qnantum
625 2073 664 2133 ad
687 2071 877 2152 allegoriam
900 2075 1060 2153 pertinet,
1085 2070 1166 2136 Loth
1194 2072 1330 2134 traxisae
1357 2072 1396 2131 ad
1425 2066 1533 2132 Domini

435 2173 855 2255 personam,etliliaso1'ua
876 2177 916 2238 ad
938 2176 1003 2240 duo
1027 2183 1215 2240 testamenta
1237 2181 1335 2236 etc.»
1361 2171 1400 2236 lit
1421 2173 1460 2232 ita
1473 2183 1533 2248 per·

435 2273 481 2352 git
494 2275 677 2340 Auctorex
698 2294 790 2341 more
806 2279 911 2341 sarias
932 2277 1108 2357 allegoriae
1130 2277 1251 2341 iormaa
1273 2275 1438 2352 redigens,
1463 2277 1533 2351 post·

432 2391 531 2453 quam
545 2385 647 2454 gesta,
664 2379 711 2442 nti
730 2397 767 2442 ac
780 2379 968 2442 litteraliter
983 2380 1160 2452 halabant,
1176 2377 1395 2442 elucubravit.
1417 2375 1446 2440 Si
1460 2371 1531 2434 enim

434 2475 513 2538 nibil
536 2477 711 2554 reperisset
730 2478 763 2541 in
782 2495 821 2542 ea
843 2479 977 2544 historia
1001 2482 1132 2560 proprie
1146 2488 1179 2544 at
1202 2480 1363 2542 veraciter
1383 2476 1533 2554 expletum

432 2577 612 2643 secundum
638 2575 828 2659 Scripturae
851 2583 1088 2656 testimonium,
1117 2599 1218 2645 cora
1248 2580 1441 2643 discussione
1468 2577 1532 2638 iacti

437 2681 551 2752 transit
580 2680 619 2745 ad
641 2679 850 2760 allegoricam
882 2683 1177 2762 interpretationem
1200 2690 1233 2745 at
1262 2683 1335 2744 binc
1355 2681 1394 2742 ad
1421 2695 1533 2742 sensum

434 2779 617 2844 moralem?
644 2781 856 2848 Luculentins
878 2803 957 2870 erpo
980 2793 1067 2864 patet
1086 2784 1213 2864 {abulae
1236 2801 1351 2846 nomen
1374 2783 1416 2846 ibi
1436 2781 1533 2844 inscri-
1602 2788 1603 2858 t

433 2890 524 2956 ptum
546 2882 587 2942 ab
608 2881 748 2960 Origene
769 2885 922 2950 methodo
942 2901 1020 2948 suaa
1042 2892 1289 2964 consequenter,
1312 2886 1351 2946 ad
1374 2881 1531 2945 litteralem
1602 2873 1603 2880 '

320 3014 326 3027 ·
433 2978 621 3060 Scriptorae
643 3001 774 3048 sensnm
786 2991 946 3064 spectare,
960 3003 1019 3050 seu
1033 2986 1072 3048 ad
1086 2986 1264 3066 simplicem
1287 2985 1437 3048 historiae
1450 2997 1531 3043 enar·

438 3081 596 3144 rationem
617 3091 650 3148 et
669 3086 800 3164 quidem
824 3103 920 3153 serae
942 3103 1000 3148 nec
1019 3088 1282 3150 commentitiae:
1305 3103 1370 3166 qua
1392 3085 1486 3166 posita
1503 3085 1531 3142 et

433 3199 578 3262 congrua
599 3186 755 3256 diaconae,
772 3190 885 3250 transit
905 3187 944 3250 ad
960 3188 1155 3268 symbolicas
1177 3189 1405 3266 expositiones.

517 3282 636 3346 Verum
665 3304 728 3346 noo
750 3288 803 3348 hlc
832 3287 1082 3352 immorandum.
1107 3289 1246 3354 Aliunde
1269 3288 1464 3366 propositum
1483 3301 1528 3345 nn

433 3390 536 3447 strom
551 3404 592 3446 ex
617 3384 713 3449 libro
727 3384 825 3473 ll'.,u.
839 3386 890 3458 45.
907 3398 1019 3452 contra
1033 3391 1176 3460 Celsum,
1189 3389 1381 3470 ampliorem
1397 3392 1527 3467 expectat

433 3484 683 3549 illustrationem
703 3497 736 3549 at
758 3490 1047 3554 confirmationem.
1067 3492 1111 3554 lbi
1134 3509 1273 3569 namque
1290 3491 1526 3571 praeclarissime

427 3585 642 3664 dignoscitur,
663 3589 754 3667 quali
776 3608 872 3654 sensu
893 3593 1175 3671 comprehenderit
1199 3592 1324 3656 Auctor
1343 3592 1463 3672 labaim
1482 3606 1524 3646 tn

397 3685 399 3690 ’
431 3687 608 3760 cabnlum,
630 3691 747 3754 citatae
774 3689 936 3754 llomiliac
959 3693 1147 3772 inscriptum
1175 3693 1260 3756 circa
1288 3693 1431 3774 ejusdam
1458 3687 1524 3754 tou

434 3788 611 3850 historiam.
638 3789 738 3854 Valde
759 3795 890 3871 quidem
912 3795 1071 3860 sollicitus
1094 3795 1305 3858 Adamantius
1333 3797 1372 3858 de
1394 3795 1471 3860 Celsi
1489 3793 1523 3852 in·

428 3886 688 3954 simulationibus
703 3893 860 3954 adversos
875 3894 1015 3956 divinam
1031 3894 1246 3972 scriptoram,
1264 3897 1294 3956 io
1317 3896 1399 3957 banc
1412 3907 1524 3972 qnoque

431 3987 541 4048 incidit
569 3989 713 4069 ejusdam
746 3991 931 4073 Philosophi
960 3995 1215 4058 criminationem
1244 3997 1284 4056 de
1309 3997 1405 4073 gestis
1436 3993 1522 4056 Loth:

431 4085 541 4152 ulam
564 4088 695 4168 Celsus,
717 4095 822 4172 inquit
847 4096 989 4170 Auctor,
1011 4113 1087 4159 cum
1109 4095 1198 4158 illam
1220 4107 1395 4161 auctorum
1416 4097 1524 4157 divinae

429 4189 617 4267 Scripturas
638 4193 879 4270 sinceritatem,
901 4213 966 4274 qna
993 4215 1031 4258 ne
1053 4197 1218 4260 inhonesta
1240 4196 1373 4275 quidem
1394 4197 1523 4258 diasima-

425 4289 505 4363 lant,
528 4291 668 4370 probare
686 4294 861 4367 debuisset,
884 4304 917 4358 et
932 4298 1004 4362 hinc
1026 4297 1147 4368 induci,
1165 4295 1224 4366 καὶ
1245 4293 1316 4394 napi
1341 4296 1401 4366 reia
1421 4287 1523 4362 bird

425 4384 481 4460 καὶ
505 4388 771 4492 παραδοξωτίρων
792 4391 835 4476 ὡς
858 4394 895 4464 do
917 4395 1138 4490 nminepdsmo
1161 4406 1194 4460 et
1209 4398 1248 4459 ad
1269 4407 1377 4460 cetera
1397 4395 1522 4472 lcredcn·

425 4493 516 4570 dom)
538 4495 770 4574 prodigiosiora
788 4505 900 4575 utpote
915 4515 979 4560 non
1000 4499 1144 4576 conficta,
1173 4500 1373 4562 contrarium
1395 4498 1518 4560 iaciunt
