3375 5567
156 780 208 845 lecti
223 789 284 845 snut
301 781 338 845 tle
360 782 500 858 secolo,
524 782 612 863 qnod
636 788 772 856 recent,
797 781 933 856 loturo,
955 787 987 843 et
1007 780 1047 843 tle
1069 784 1237 861 praemiis,

152 901 211 961 susc
226 885 253 945 iu
270 884 321 946 illo
349 884 472 964 justos,
495 901 533 946 sc
553 884 594 946 de
618 885 742 963 poenis,
766 899 853 964 quae
885 891 1072 964 peccatores
1095 892 1234 947 manent.

154 986 270 1047 ttstemu
292 987 394 1066 igitur
415 985 550 1060 Celsus,
574 995 632 1050 aot
661 986 809 1065 quisquis
833 986 998 1060 volucrit,
1021 1003 1103 1064 ques
1132 988 1174 1049 ita
1197 988 1238 1050 de

151 1087 279 1166 suppliciis
296 1088 438 1150 oeternis
450 1086 619 1149 effecerint
638 1104 808 1149 sacrorum
824 1087 983 1166 principes
999 1096 1032 1149 et
1047 1089 1237 1173 mystagogi.

152 1185 275 1250 Credibile
292 1190 377 1251 enim
399 1198 450 1251 est
475 1189 575 1271 trojus
596 1187 763 1252 doetrinae
785 1198 950 1268 parentem
976 1206 1038 1252 non
1061 1189 1146 1255 uelle
1172 1198 1239 1252 tun-

151 1301 198 1351 tun
212 1291 437 1371 suppliciorum
474 1291 649 1354 horrorem
673 1293 822 1352 incutere
851 1298 885 1350 et
905 1290 944 1350 tle
966 1288 1029 1352 illis
1057 1290 1238 1369 disserere3

149 1392 186 1453 set
200 1394 283 1455 etiam
300 1392 432 1456 allicere
453 1394 632 1467 auditores,
660 1401 697 1457 nt
711 1412 772 1473 pro
796 1392 918 1453 uiribus
936 1390 1062 1471 lugisnt
1084 1392 1139 1455 llla
1152 1410 1238 1455 com·

148 1494 253 1567 nitere,
273 1513 358 1575 quse
373 1494 535 1575 supplicia
560 1496 636 1574 ipsis
657 1503 860 1559 arcesserent
880 1504 941 1555 etc.
967 1514 984 1549 u

208 1594 298 1657 Paulo
319 1604 394 1677 post
414 1605 522 1659 cetera
544 1597 633 1658 addit
653 1596 810 1675 Origenes
824 1614 865 1657 es
889 1594 982 1659 Celso
994 1595 1034 1655 de
1056 1595 1168 1657 eodem
1187 1614 1240 1659 or·

148 1707 275 1773 ponente:
297 1720 315 1757 e
332 1698 506 1773 Praeterea
530 1698 586 1775 (ait
606 1698 733 1771 Celsos)
749 1698 913 1777 quomodo
926 1714 988 1757 non
1003 1698 1142 1759 absurda
1159 1699 1240 1762 lueec

150 1806 238 1872 restra,
261 1799 298 1861 atl
320 1817 446 1876 corpus
464 1799 645 1878 adspirare,
668 1806 701 1862 et
722 1816 855 1879 sperare
873 1798 955 1861 illud
978 1816 995 1859 c
1018 1800 1154 1861 mortuis
1168 1819 1242 1862 sur·

147 1910 293 1975 recturum,
314 1901 412 1981 qussi
433 1900 513 1963 niluil
534 1901 636 1962 nostri
658 1900 873 1980 praestantius
897 1908 981 1963 esset
1000 1911 1098 1980 atque
1121 1903 1240 1979 pretio·

145 2002 202 2075 sius,
219 2012 247 2065 et
266 2003 351 2067 illem
374 2004 459 2066 illutl
483 2012 587 2065 tameo
608 2002 759 2065 omnibus
774 2002 972 2065 cruciatibus
994 2020 1159 2081 exponere
1173 2012 1240 2065 tast-

145 2120 216 2179 psstu
234 2124 299 2168 rem
319 2106 448 2168 nullius
470 2107 611 2184 pretiii.
625 2149 632 2166 .
647 2151 655 2167 .
668 2104 733 2181 Qui
757 2123 834 2166 sero
849 2114 978 2184 sperant
1002 2104 1151 2167 loturum
1169 2122 1239 2165 esse

145 2213 168 2263 ut
181 2206 270 2267 suiuus
292 2215 353 2268 sot
378 2224 468 2268 meos
480 2250 487 2265 .
501 2252 509 2265 .
523 2253 530 2267 .
546 2216 677 2269 aeterna
698 2223 774 2267 cum
793 2204 860 2267 lleo
879 2206 940 2267 site
955 2205 1100 2281 truatur,
1119 2207 1157 2267 sd
1180 2224 1237 2267 eos

142 2304 219 2384 tirigo
235 2326 434 2370 sermonem.
458 2304 577 2370 Merito
598 2308 650 2370 isti
671 2325 862 2387 persuasum
886 2307 1005 2368 babent
1026 2327 1092 2382 eos,
1115 2308 1170 2387 qui
1189 2326 1237 2369 re·

140 2414 176 2467 cte
198 2411 345 2472 riserunt
362 2452 376 2481 ,
397 2410 554 2473 lelicitste
584 2411 771 2472 donandos:
800 2410 929 2489 iniquos
960 2418 1070 2471 autem
1105 2406 1243 2501 πάμπαν

140 2504 255 2590 letter
274 2508 399 2591 κακὸις
419 2508 595 2574 omnimode
622 2512 757 2575 eeterms
776 2509 883 2590 poenis
904 2508 1080 2605 cruciqtem
1110 2509 1166 2573 iri.
1189 2514 1242 2575 Ab

139 2607 181 2672 luc
196 2612 342 2692 dogmate
365 2630 428 2675 nec
446 2613 514 2687 isti,
525 2631 583 2675 nec
604 2614 711 2692 quiris
733 2612 818 2673 elios
836 2611 1003 2673 discedere
1024 2610 1149 2673 debeat.
1175 2630 1191 2669 s

195 2712 305 2775 Contra
323 2714 408 2775 talia
429 2712 514 2776 Celsi
529 2715 613 2776 diets
639 2732 779 2792 arguens
803 2712 972 2791 Origenes,
997 2720 1166 2791 postquem
1188 2732 1242 2775 ne-

138 2812 335 2889 quetlilnerit,
351 2832 443 2894 quae
456 2814 495 2874 asl
513 2816 784 2883 resurrectionem
800 2822 960 2891 spectant,
976 2830 1141 2893 quamque
1155 2814 1240 2877 cluri-

139 2908 329 2977 stisniotunes
351 2921 486 2993 sperent
500 2923 532 2976 et
554 2922 723 2993 opteot3et
744 2931 846 2992 quere
861 2913 920 2993 ipsi
942 2913 1142 2975 cruciatibus
1163 2923 1241 2977 tem·

139 3016 258 3085 tormeis
268 3034 397 3093 corpus
407 3032 505 3076 snum
516 3024 679 3093 exponant
692 3033 752 3094 pro
764 3014 826 3075 ttue
837 3014 1048 3089 sdstrnenda,
1058 3016 1240 3094 praemium

140 3112 265 3176 inaltera
289 3119 358 3177 situ
383 3112 588 3192 assecuturi3'
607 3118 721 3177 transit
742 3116 870 3191 deindo,
892 3132 930 3177 eu
952 3114 1046 3181 Celso
1066 3116 1243 3196 explanans

138 3215 246 3286 quaest
268 3217 490 3278 nouissimum
502 3213 664 3295 iodicium
683 3224 842 3297 spectant.
863 3214 903 3279 Et
924 3218 955 3280 in
971 3218 1032 3279 luae
1051 3236 1128 3280 saue
1143 3234 1243 3297 qnae·

137 3312 225 3389 stione
244 3335 305 3379 nee
326 3318 509 3394 origenem
530 3334 589 3378 nec
611 3315 755 3389 Celsum,
780 3319 912 3381 nullum
935 3328 1024 3398 potet
1045 3320 1238 3383 adinvicem

138 3418 285 3481 oscitasse
306 3417 453 3480 dubium
475 3417 516 3479 dc
543 3418 760 3497 perpetuitate
781 3438 983 3500 poenorum,
1006 3422 1101 3483 sicuti
1122 3438 1180 3483 nec
1200 3420 1242 3483 de

138 3510 317 3581 lentitudinis
349 3519 584 3581 interminabili
617 3537 709 3581 aevo.
731 3515 920 3594 Quinimmo
941 3520 1054 3584 Celsus
1076 3520 1160 3584 idem
1181 3519 1241 3583 do·

137 3614 296 3680 litueouem
321 3620 458 3699 penitus
480 3616 566 3681 tsillit
587 3621 673 3681 circa
697 3621 933 3699 suppliciorum
956 3619 1065 3697 finem,
1098 3622 1175 3685 dnm
1197 3622 1243 3684 ait

136 3715 242 3807 ciem
262 3724 407 3784 omnino
435 3723 574 3783 aeternis
596 3722 689 3783 mulis
711 3724 822 3784 uexari
852 3740 970 3803 pravos
991 3723 1022 3785 in
1051 3723 1172 3787 mundo
1194 3724 1244 3787 iu·

138 3825 201 3881 turo.
220 3821 350 3887 Verum
375 3823 420 3886 sle
450 3823 512 3885 luoc
531 3820 663 3893 desistes
687 3824 859 3899 vocabulo,
882 3841 957 3885 cum
978 3842 1072 3890 secus
1102 3823 1241 3889 lluetius

136 3924 343 4004 cunenses
377 3923 527 4001 eiusdem
550 3924 732 3984 Adamantii
760 3934 865 3987 mente
887 3927 1095 4005 interpretari
1126 3926 1244 4000 velint,

138 4038 211 4095 uuam
228 4029 298 4088 sine
323 4024 473 4087 termino
493 4042 624 4102 eernm3
647 4044 684 4084 ac
707 4026 779 4086 ideo
799 4044 888 4105 spem
912 4026 1058 4105 reprobis
1072 4043 1243 4103 superesse

137 4130 161 4183 tt
174 4125 348 4205 aliquando
373 4125 411 4185 in
433 4124 551 4187 bonum
572 4135 605 4188 et
619 4128 757 4203 gloriam
779 4128 978 4189 instaurandi
993 4128 1070 4200 sint,
1090 4126 1181 4201 alibi,
1198 4126 1242 4186 iu·

137 4238 220 4297 suem,
235 4229 275 4288 ste
297 4229 369 4289 tuoe
390 4224 552 4287 uocabulo
571 4226 721 4305 specialis
735 4226 925 4289 instituetur
939 4225 1096 4307 quaestio.
1115 4223 1240 4287 luteres

138 4326 300 4402 munerato,
324 4326 505 4407 quomodo
525 4327 680 4409 (trigenos
701 4327 851 4391 insimili
872 4332 1068 4407 argumento
1096 4332 1245 4390 versetur

139 4436 224 4489 uestra
244 4428 404 4493 Celsum.
