3375 5567
423 750 543 829 quodie
563 751 675 834 ιἰιΙιιιιι
707 754 743 817 iu
763 765 854 820 utere
875 774 950 818 rnre.
987 754 1053 834 Qut
1073 758 1159 822 euim
1181 765 1275 822 caret
1302 775 1342 823 ue
1363 758 1521 842 quidquam

426 853 478 916 rei
500 854 629 935 injuste,
654 856 704 918 rei
719 873 813 932 casu,
836 858 887 920 rel
910 857 1035 937 privata
1059 857 1218 924 electione
1239 860 1338 924 iaciat
1349 880 1361 940 ;
1382 862 1522 941 antiquio·

425 972 495 1018 rem
511 974 580 1018 esse
594 954 727 1021 Joauuis
741 958 894 1034 animam,
909 975 1008 1039 quam
1023 975 1157 1040 corpus,
1173 961 1323 1025 admittat
1338 981 1461 1027 neeesse
1473 971 1523 1037 est,

427 1066 460 1120 et
480 1066 574 1120 autea
595 1058 820 1122 subsistentem
843 1060 972 1123 missam
994 1059 1093 1122 iuisse
1113 1061 1153 1124 ad
1176 1062 1388 1126 ministerium
1410 1063 1526 1128 testandi

427 1157 468 1220 de
487 1157 574 1222 iuce.
599 1157 648 1221 hd
672 1160 750 1222 haec
773 1161 859 1222 haud
881 1161 924 1222 ite
954 1160 1221 1225 contemnendum
1243 1171 1293 1226 est
1313 1167 1410 1228 etiam
1430 1165 1523 1227 iliud:

425 1258 489 1327 Hic
509 1270 553 1322 eat
576 1259 680 1337 Elios,
702 1260 761 1341 qni
780 1273 934 1326 uenturus
953 1271 1008 1326 ιιι.
1022 1261 1055 1328 Si
1076 1272 1186 1328 autem
1208 1266 1398 1344 praevaleat
1415 1269 1527 1330 unirer·

425 1362 503 1424 auiis
514 1362 670 1430 deuuirua
684 1365 806 1445 opinio,
820 1373 971 1444 uuquam
984 1381 1045 1427 uon
1060 1363 1326 1467 συνισιιαρμένης
1347 1367 1393 1462 τῷ
1414 1363 1528 1460 σώματι
1596 1349 1597 1388 ³

425 1465 579 1529 semiusta
601 1484 676 1529 cum
707 1484 846 1546 corpore
878 1467 982 1543 (tuest
1002 1485 1065 1532 uou
1096 1478 1244 1532 conserta
1276 1471 1408 1548 corpori
1430 1471 1527 1532 eodem

308 1622 312 1629 .
432 1572 590 1646 tempore,
613 1583 680 1646 quo
701 1585 821 1648 corpus
841 1569 873 1632 iu
894 1567 972 1632 alvo
1001 1575 1148 1632 materno
1169 1568 1322 1649 tingitur)
1350 1569 1405 1632 sed
1426 1579 1493 1631 aute
1509 1569 1529 1630 i·

429 1685 521 1747 psum
537 1670 655 1732 existet
668 1671 786 1748 auima,
802 1678 835 1734 et
850 1670 891 1742 oh
906 1671 1011 1734 varias
1027 1689 1141 1734 causas
1162 1689 1293 1734 caruem
1308 1678 1340 1734 ct
1355 1672 1528 1751 sanguiueu

430 1768 576 1846 indueus,
593 1770 754 1851 partieuia
774 1769 889 1832 missus
903 1790 923 1832 u
939 1767 1016 1846 Deo,
1031 1787 1095 1833 uou
1112 1771 1274 1835 ridebitur
1293 1770 1434 1852 amplius
1447 1771 1529 1842 dieta,

426 1888 489 1934 ceu
511 1889 563 1934 res
583 1872 743 1952 quaedam
765 1873 884 1936 eximia
905 1873 945 1936 de
977 1872 1123 1938 iosuae*
1144 1872 1257 1953 ltaque
1282 1874 1426 1937 omnium
1449 1873 1531 1952 pessi·
1596 1877 1597 1942 ]

429 1989 501 2035 usus
512 2014 524 2045 ,
545 1973 642 2037 homo
664 1976 809 2054 peccati,
834 1973 920 2038 iilius
942 1975 1133 2055 perditionis
1151 1961 1272 2038 dicitur
1293 1974 1380 2054 apud
1404 1973 1528 2036 Pauiuu

428 2074 512 2136 mitti
532 2091 550 2136 a
567 2073 654 2139 Deo:
675 2084 805 2156 prepter
824 2075 882 2138 hoc
895 2075 995 2152 enim,
1015 2077 1132 2159 iuquit,
1148 2073 1245 2140 mittit
1264 2074 1333 2138 itin
1353 2073 1436 2138 ὒιιιι
1448 2072 1531 2138 ostio

427 2192 496 2238 ιιιιιι
517 2174 651 2252 erroris,
671 2186 707 2241 ιιι
727 2178 859 2241 eredunt
879 2176 1042 2242 mendacio
1061 2188 1118 2242 stc.
1141 2198 1158 2236 e

508 2275 591 2342 Hinc
606 2280 761 2360 primum,
778 2288 815 2344 ut
828 2289 964 2362 apparet
976 2300 1019 2345 ex
1040 2281 1195 2345 orationis
1210 2300 1315 2355 nexu,
1329 2281 1426 2344 instat
1446 2279 1533 2342 disce·
1596 2319 1597 2366 t

429 2387 539 2461 ptator
559 2382 645 2444 circa
665 2382 866 2447 locutionem
888 2381 1003 2445 missus
1020 2401 1041 2444 e
1059 2379 1134 2461 Deo,
1157 2382 1251 2462 quasi
1272 2399 1335 2444 unu
1356 2381 1396 2442 de
1410 2375 1534 2459 simplici
1596 2393 1597 2400 ¹

429 2479 563 2546 loannis
576 2482 737 2563 legatione
758 2484 797 2546 ed
818 2484 1071 2566 praedicandum
1085 2484 1213 2565 Judueis
1230 2481 1348 2547 Christi
1372 2482 1533 2543 adveutuu
1596 2467 1597 2546 J

430 2583 534 2648 iustar
553 2585 709 2662 aliorum,
725 2586 781 2668 qui
803 2597 878 2651 aute
900 2585 1006 2662 iuere,
1029 2586 1284 2668 prophetarum,
1307 2584 1361 2648 sed
1382 2584 1422 2646 de
1441 2583 1536 2646 diret·
1596 2617 1597 2620 =

430 2703 466 2749 sa
487 2694 521 2750 et
540 2687 687 2752 distincta
710 2690 873 2766 missione,
897 2689 949 2751 rel
971 2690 1011 2752 de
1033 2687 1139 2764 coelo,
1156 2689 1224 2751 sire
1245 2687 1285 2750 de
1307 2687 1533 2766 paradisum

431 2790 575 2867 aiiuude,
597 2791 714 2856 ibidem
736 2792 871 2855 iudicari
894 2792 1034 2870 prohare
1055 2799 1194 2854 conatur
1209 2811 1249 2854 ex
1274 2787 1440 2867 Evangelii
1461 2785 1535 2849 terti·

433 2894 541 2956 monio
562 2893 601 2956 de
623 2896 692 2974 ipso
706 2893 844 2972 iocoue,
860 2897 918 2974 qui
941 2893 1084 2973 repletus
1103 2900 1151 2956 est
1165 2891 1287 2972 Spiritu
1303 2887 1421 2954 Soneio
1441 2889 1534 2950 adhuc

430 3011 474 3055 ex
494 3002 589 3057 utero
602 2995 714 3058 matris
734 3013 829 3070 suae,
843 3002 876 3058 et
898 2995 1060 3058 exultavit
1084 2995 1114 3056 iu
1136 2992 1254 3074 gaudio
1274 2991 1379 3054 iuiaus
1399 2992 1431 3052 iu
1451 2999 1533 3052 utero

432 3093 589 3175 eiusdem.
613 3093 773 3174 Equitius
793 3098 903 3176 arguit
917 3096 1133 3160 ueoessariunt
1156 3113 1224 3158 esse
1251 3095 1293 3168 ci,
1316 3093 1374 3173 qui
1395 3095 1483 3156 caret
1500 3105 1533 3150 ue

433 3197 511 3277 quid
526 3194 623 3260 iaciat
636 3215 713 3262 casu
738 3198 788 3263 rel
805 3198 935 3279 injuste,
960 3207 997 3260 ut
1011 3199 1148 3261 animam
1164 3195 1297 3260 doauuis
1312 3195 1456 3256 admittat
1473 3206 1535 3253 cor·

435 3315 518 3378 pore
538 3299 754 3378 antiquiorem
778 3319 848 3364 esse
859 3321 871 3379 ;
893 3308 1012 3362 etcum
1032 3299 1079 3362 sic
1100 3306 1192 3360 autea
1214 3297 1415 3369 subsisteret,
1430 3293 1466 3356 ad
1486 3292 1535 3353 ui·

436 3400 603 3466 tristeriuut
625 3400 871 3478 praedicationis
905 3401 1034 3464 missum
1057 3399 1155 3462 tuisse
1163 3419 1174 3478 3
1197 3399 1263 3472 cui,
1285 3396 1387 3471 addit,
1409 3393 1534 3472 adstipu-

434 3502 545 3564 latur:
568 3499 619 3565 hic
632 3511 678 3564 est
700 3499 801 3578 Elius,
814 3501 873 3584 qui
891 3512 1045 3564 conteras
1065 3509 1122 3574 ert,
1143 3498 1267 3563 acideo
1290 3502 1400 3561 tenere
1420 3495 1534 3560 unirer·

435 3603 536 3666 saleru
557 3604 738 3683 opinionem
763 3612 917 3684 tauquam
939 3619 1001 3664 uou
1023 3619 1098 3666 curu
1115 3618 1254 3680 corpore
1274 3599 1461 3662 semiustam
1479 3593 1535 3656 sui·

435 3722 536 3779 matu,
547 3705 603 3768 sed
620 3705 724 3769 cidem
738 3707 1007 3786 praeexistentem
1020 3703 1116 3784 juxta
1138 3701 1317 3783 praedatam
1335 3699 1531 3783 hypothesim,

436 3807 575 3870 animam
596 3807 748 3870 nimirum
762 3805 896 3870 doauuis
918 3807 1049 3885 corpori
1065 3803 1298 3886 praecessisse;
1321 3809 1354 3864 et
1376 3809 1450 3864 tuoe
1467 3793 1533 3859 nihii

437 3908 591 3974 eximium
606 3908 730 3971 serrari
752 3915 785 3970 et
800 3908 923 3987 concipi
939 3908 970 3968 iu
987 3906 1093 3970 teritis
1113 3903 1230 3968 missus
1247 3923 1267 3964 a
1283 3899 1358 3978 Deo,
1376 3919 1448 3966 cour
1463 3913 1533 3962 uent-

438 4029 478 4092 pe
497 4011 641 4074 oruuiom
662 4012 788 4072 animae
808 4008 942 4090 corpori
965 4007 1159 4088 praecedant
1180 4005 1211 4066 iu
1232 4004 1406 4067 creatione.

519 4109 630 4188 Quare
660 4110 960 4191 comprehenditur,
990 4106 1162 4187 Origeuem
1184 4112 1297 4168 contra
1325 4103 1420 4167 rerha
1441 4113 1533 4162 seruet

439 4212 655 4294 disceptantis,
671 4211 835 4274 communi
857 4209 1022 4272 adversari
1038 4207 1179 4289 opinioui
1193 4205 1233 4268 dc
1248 4206 1427 4269 animarum
1439 4213 1533 4282 praee

440 4314 612 4388 sistentia,
636 4330 742 4393 oeque
764 4311 849 4374 reite
870 4329 912 4373 ex
932 4309 1065 4375 loannis
1083 4309 1250 4372 nativitate
1270 4305 1432 4387 quidpiam
1452 4295 1535 4378 conji-

440 4433 534 4491 cere,
564 4414 652 4495 quod
677 4413 859 4476 animarum
888 4411 1043 4476 creationi
1065 4417 1140 4474 aute
1166 4425 1305 4489 corpora
1334 4404 1533 4482 suiirassetuti

439 4531 514 4580 cum
537 4514 636 4578 rerba
659 4511 773 4576 missus
788 4533 810 4574 u
825 4511 885 4574 Dte
905 4513 1002 4576 aliter
1022 4512 1197 4593 explanare
1226 4509 1375 4584 studeat,
1395 4519 1484 4585 quau
1502 4496 1534 4557 de
