3375 5567
162 802 213 848 run
228 786 294 857 rita,
314 801 411 864 quam
431 801 507 850 cum
530 787 713 850 nominibus
734 785 870 866 degunt,
891 788 1059 850 mutationi
1078 787 1122 848 sit
1141 785 1241 850 eboc

164 887 217 962 nia;
234 893 261 948 et
280 886 347 948 talis
367 886 409 948 sit
430 887 538 966 quoati
562 887 644 948 hanc
669 885 830 964 iormam,
853 893 891 950 ut
911 896 942 949 et
968 886 1027 965 ipsi
1046 884 1152 964 augeli
1173 904 1241 950 nro·

163 987 269 1048 nactur.
290 1005 306 1044 n
327 985 483 1062 Quaestio
504 1005 580 1050 saue
607 1005 669 1050 noo
690 987 797 1052 solum
819 986 928 1050 audax
947 986 1002 1049 sed
1024 995 1057 1050 et
1081 986 1240 1064 ignobilis,

159 1094 180 1148 et
193 1086 256 1166 jure
271 1097 305 1150 ιιι
324 1088 450 1166 indigna
472 1087 624 1168 Origene,
641 1089 756 1152 omissa
777 1089 808 1150 in
831 1090 932 1150 veteri
958 1087 1237 1167 interpretatione.

215 1187 399 1268 Priusquam
417 1207 495 1252 vero
513 1189 611 1270 hujus
626 1189 823 1269 quaestionis
839 1190 1011 1252 terminum
1022 1188 1241 1269 pertingamus

156 1289 221 1352 eirea
242 1291 446 1366 varietatem,
477 1308 563 1370 quae
592 1288 693 1354 reteri
724 1287 987 1370 interpretationi
1014 1290 1184 1353 intercedit
1203 1307 1242 1354 ac

154 1407 236 1452 norae
254 1407 310 1469 per
330 1389 489 1454 Hoetiutu
509 1409 552 1454 ex
576 1408 693 1471 gracco
720 1391 925 1466 elaboratae,
949 1389 1034 1462 uude
1059 1391 1163 1470 prima
1186 1409 1241 1471 ap·

152 1499 225 1570 paret
242 1493 399 1557 ecrandae
421 1492 631 1573 praeterendo
643 1513 653 1570 ;
678 1491 760 1555 iilud
777 1509 910 1573 quoque
935 1493 1091 1567 accedat,
1115 1501 1240 1569 textum

151 1609 279 1670 graecum
304 1592 453 1675 Origanis
475 1603 539 1658 tam
561 1602 688 1669 exacte,
717 1601 749 1656 et
775 1595 823 1657 uti
844 1594 966 1670 dicam,
993 1594 1190 1658 verbotenus
1210 1594 1242 1656 iu

153 1694 336 1758 translatione
358 1696 533 1760 reddidisse
563 1695 964 1776 veteremioterpretem,
987 1705 1023 1760 ut
1046 1695 1169 1775 ubique
1197 1697 1242 1758 vi·

152 1793 246 1858 teatm
263 1796 340 1859 stilo
361 1803 395 1860 et
417 1798 545 1879 syntaxi
567 1796 685 1861 latione
712 1813 828 1877 parom
852 1795 1029 1865 studiosus.
1052 1795 1148 1872 Quod
1165 1813 1242 1860 saue

151 1896 330 1972 naoiiestat,
356 1898 509 1962 versionis
537 1897 715 1962 duetorem
744 1896 1088 1964 animumnsteodtsse
1115 1915 1133 1960 a
1161 1915 1244 1976 quo·

153 1998 184 2060 tis
201 1998 333 2078 glossae,
348 2017 408 2064 seu
429 1999 654 2064 illustrationis
675 2016 793 2079 genera
819 1998 962 2060 alienum
974 2017 986 2077 ;
1008 1997 1153 2077 nihilque
1180 2017 1242 2064 suo

152 2108 260 2176 praeter
281 2100 378 2176 illud,
399 2101 486 2182 qnod
508 2101 540 2165 io
560 2100 726 2174 codicibus
748 2100 960 2181 originalibus
980 2099 1108 2181 legerit,
1129 2118 1242 2181 soper-
1301 2085 1305 2093 ’

151 2199 284 2266 addidisse
305 2203 421 2266 labori.

208 2301 456 2382 Nouissimas
472 2304 621 2370 omnibus
639 2307 810 2387 hucusque
824 2304 975 2370 discussis
990 2321 1030 2383 ae
1043 2321 1106 2368 uua
1124 2304 1245 2368 instau-
1360 2339 1366 2346 ·

151 2404 225 2478 ratis,
242 2403 383 2483 primum
397 2413 486 2484 patet
498 2404 712 2472 additamenta
728 2407 759 2468 io
783 2407 884 2472 reteri
899 2404 1169 2484 interpretatione
1185 2404 1242 2467 dc·

149 2503 279 2582 siderate,
299 2509 397 2571 sicuti
418 2516 451 2572 et
471 2507 686 2572 detractiones
710 2523 945 2588 eorumquae
965 2506 1121 2585 leguntur
1143 2505 1175 2566 io
1191 2523 1243 2570 ea·

151 2603 206 2666 bn
214 2605 380 2684 versione,
394 2610 559 2674 immerito
571 2611 673 2690 egisse
686 2627 838 2689 graecum
851 2608 1072 2690 Anoupmouu
1083 2625 1158 2670 cum
1170 2606 1244 2670 inde

149 2710 284 2774 armenis
304 2711 387 2774 ordo
409 2711 532 2776 iractus
551 2711 613 2788 sit,
636 2729 815 2791 sensusque
836 2708 1001 2774 eouiosos.
1023 2706 1188 2780 Secundo,
1204 2707 1243 2770 ii·

150 2817 211 2886 quet
224 2813 254 2875 iu
268 2813 319 2874 his
339 2813 483 2890 intrusis,
499 2813 659 2892 quaedam
674 2813 814 2893 dogmati
830 2812 993 2877 catholice
1006 2811 1187 2887 adversari,
1201 2811 1242 2871 si·

150 2912 202 2973 ruti
214 2912 310 2992 ipsios
321 2912 471 2994 Origenis
485 2915 617 2978 sinceris
630 2913 885 2978 institutionibus
901 2911 1080 2985 contraria,
1094 2927 1176 2991 quas
1185 2910 1245 2970 ali·

150 3007 171 3072 bi
186 3016 279 3078 tenuit
293 3023 325 3078 et
342 3015 529 3095 explanarit
545 3016 706 3079 traditioni
722 3015 920 3094 apostelicae
935 3012 1152 3078 uniformiter.
1166 3007 1244 3074 Ter·

151 3111 200 3186 tic,
219 3131 293 3179 cnm
315 3116 405 3180 nobis
427 3117 508 3180 adsit
530 3136 555 3180 a.
584 3115 742 3197 Pamphili
769 3116 998 3188 testimonium,
1021 3114 1078 3192 qui
1105 3111 1243 3178 nonnul·

149 3209 178 3273 i'n
205 3233 243 3278 ex
271 3215 511 3282 Commentario
539 3215 687 3295 origenis
717 3213 754 3278 in
775 3215 973 3282 Martanum
997 3213 1160 3294 excerptis
1183 3231 1244 3292 pro

147 3310 273 3390 ejusdem
300 3317 476 3397 Apologia,
509 3320 696 3381 varietatem
725 3318 766 3380 ibi
796 3316 981 3383 manifestat
1005 3315 1125 3379 codicis
1151 3331 1244 3394 grae·

146 3413 176 3488 ci,
193 3435 286 3496 quern
307 3419 375 3498 ipse
395 3419 631 3495 consalutant)
653 3419 690 3482 iis
708 3435 768 3500 per
788 3415 944 3484 Hoetiurn
962 3417 1063 3480 versis
1083 3425 1116 3478 et
1138 3416 1242 3480 editis.

148 3511 267 3594 Quarto,
285 3521 375 3600 quod
395 3521 490 3584 stilus
509 3539 642 3601 qnoque
657 3537 794 3600 graecus
810 3519 970 3603 Anonymi
992 3515 1246 3598 Transcriptoris

148 3615 225 3680 aliam
246 3639 345 3700 quam
370 3619 531 3701 Origenis,
553 3619 754 3700 praeseferat
776 3619 926 3682 iermam.
952 3616 994 3680 lit
1018 3616 1091 3680 irioe
1115 3616 1246 3680 conclu·

148 3715 344 3790 lancellam
364 3721 458 3784 iidem
481 3719 660 3786 habendam
684 3738 754 3784 esse
769 3737 887 3800 graeco
910 3719 1029 3782 borum
1044 3716 1246 3784 Commenta·
1365 3741 1375 3762 ·

149 3819 253 3885 riorum
271 3823 394 3899 textui,
411 3822 531 3902 qnippe
552 3822 657 3886 aliena
679 3840 775 3891 manu
801 3828 860 3886 aut
881 3820 1089 3898 interpolato,
1108 3839 1167 3884 seu
1192 3837 1243 3883 ar·

150 3915 271 3986 litrariis
292 3923 432 3988 adaucto
454 3921 567 4002 glossis
578 3940 590 4000 3
612 3921 811 4001 proindeque
832 3921 912 3986 nibil
934 3920 1155 4001 derogandum
1174 3938 1244 3984 esse

150 4023 230 4084 teteri
262 4021 525 4103 interpretationi
546 4039 564 4084 a
585 4020 711 4085 calamo
735 4023 862 4085 sincero
893 4028 1111 4099 comparatae.
1141 4018 1244 4100 Cujus

151 4113 292 4188 lantonis
314 4133 432 4188 auctor
451 4121 704 4202 antiquissimus,
724 4120 800 4203 jure
823 4119 954 4184 videtur
981 4120 1064 4182 inter
1079 4117 1244 4184 Ecclesiae

151 4215 239 4286 latres
253 4223 445 4299 censendus,
458 4240 584 4288 omnem
601 4222 813 4292 abhorrentes
828 4239 891 4288 uon
909 4220 1065 4284 malitiam
1081 4220 1188 4282 solum
1210 4229 1244 4285 et

151 4320 290 4402 intudem,
312 4326 368 4390 sed
391 4333 423 4388 et
444 4326 625 4399 incuriam,
648 4321 779 4403 aliaque
810 4322 907 4406 buius
925 4321 1053 4401 generis
1074 4320 1187 4384 menda
1209 4323 1241 4384 io

153 4433 277 4492 veterum
298 4426 552 4491 christianorum
579 4426 798 4490 monumentis
819 4422 1042 4497 illustrandis,
1064 4429 1124 4484 aot
1141 4441 1242 4503 expo·

152 4529 240 4593 notis
259 4549 320 4612 pro
345 4530 517 4594 veritatum
539 4533 747 4596 aeternarum
762 4535 875 4609 contra
896 4524 1161 4592 adversariorum
1183 4527 1241 4589 nsi·

155 4645 196 4690 nas
215 4634 426 4714 reparatione.
