3375 5567
454 795 503 858 nis
523 809 717 874 sermonem,
740 792 887 860 Verbum
907 791 979 874 bei,
1003 797 1183 862 seuientem
1210 801 1244 862 iu
1265 813 1365 879 regno
1383 813 1442 862 eno
1461 805 1546 862 etc·

454 891 544 958 ilaec
564 903 725 977 postrema
747 896 831 961 dicta
846 915 866 960 a
883 898 984 961 reteri
1000 896 1181 980 interprete
1200 900 1245 962 ita
1267 898 1441 963 traduntur
1457 907 1492 961 ut
1507 896 1546 958 di·

453 997 579 1061 ximusr
602 995 684 1061 uidet
700 996 819 1062 Filium
833 997 969 1063 tossicis
982 1002 993 1080 (
1004 997 1084 1064 idest
1111 999 1260 1080 Verberet)
1276 999 1446 1064 emoneo
1462 999 1495 1062 ie
1508 1017 1548 1060 re·

452 1112 516 1176 geru
534 1115 615 1160 reor
639 1097 721 1163 idest
741 1101 809 1162 siue
832 1099 983 1163 vocabuli
1003 1100 1098 1180 tugost
1118 1100 1212 1180 ioque
1233 1101 1421 1181 repetitione
1428 1117 1477 1180 ;.a
1494 1115 1548 1180 qua

454 1196 576 1279 reiugit
588 1197 738 1279 Origeuis
755 1200 921 1264 calamusr
937 1209 970 1264 et
991 1218 1077 1280 qnae
1090 1201 1251 1286 Anonymi
1267 1202 1404 1280 giossaot
1418 1199 1547 1265 ostendit

530 1297 686 1363 Similiter
706 1300 916 1382 praelationis
937 1304 1056 1367 veteris
1076 1302 1355 1384 Interpretatiunts
1375 1319 1474 1383 anger
1490 1311 1548 1365 tex·

454 1403 522 1460 ium
544 1415 697 1478 graecum
718 1410 947 1480 argumentum
968 1401 1120 1467 drmatur
1140 1405 1181 1466 ab
1200 1406 1251 1481 iis,
1268 1421 1354 1484 qnae
1374 1403 1546 1485 Anouqnne

450 1499 580 1579 scripsit
600 1498 702 1564 Tomo
724 1497 815 1564 xvtt
837 1519 869 1564 u.
890 1500 943 1568 33.
965 1521 1009 1568 ex
1039 1503 1265 1587 Evangeiistae
1289 1505 1416 1569 verbis:
1438 1503 1550 1588 iiogses

450 1599 552 1665 dixit:
576 1599 679 1683 siquis
697 1611 844 1666 mortuos
862 1601 963 1684 {eterit
980 1621 1046 1667 noo
1065 1605 1179 1670 dobere
1198 1605 1315 1685 titium.
1337 1605 1458 1669 ibidum
1477 1622 1549 1668 nam

451 1721 517 1783 qne
537 1720 579 1767 ex
600 1720 660 1767 ore
683 1703 802 1770 Christi
824 1703 1077 1769 confutationem
1104 1705 1364 1770 sadducaeorum
1392 1707 1550 1787 ennianum

449 1819 587 1884 graecus
609 1804 793 1884 interpres,
816 1804 911 1884 utura
933 1805 1030 1883 dicit,
1051 1823 1197 1887 qnorum
1217 1806 1310 1870 uuita
1332 1808 1451 1870 mentio
1471 1823 1548 1885 rene

450 1905 537 1970 ritnr
556 1905 588 1968 iu
609 1905 712 1985 uriam
734 1905 833 1969 latina
857 1904 1139 1987 interpretatione,
1162 1918 1194 1970 et
1213 1909 1246 1971 in
1267 1908 1388 1986 quibua
1410 1907 1485 1970 baec
1503 1925 1549 1970 uo

449 2013 580 2071 tauturr
605 2027 622 2068 e
644 2003 677 2070 Si
702 2023 781 2086 ergo
804 2008 887 2071 banc
905 2007 1126 2088 adipiscentur
1144 2008 1255 2085 ritum,
1271 2008 1329 2088 qui
1351 2017 1482 2088 propter
1500 2009 1551 2070 boc

448 2123 599 2187 praesens
614 2107 776 2182 eecuinm,
794 2108 824 2169 in
840 2125 908 2189 quo
923 2119 1012 2173 recte
1031 2111 1193 2185 vixerant,
1208 2108 1241 2170 in
1260 2107 1460 2171 beatitudine
1471 2123 1550 2188 prae·

450 2208 515 2272 mio
536 2208 620 2289 digni
639 2216 823 2282 censentur,
839 2226 945 2288 neque
965 2209 1170 2290 quisquan
1187 2207 1326 2273 mortuis
1339 2209 1550 2288 consequitur,

448 2317 485 2372 ut
507 2317 669 2390 resurgat,
688 2310 744 2390 qui
767 2310 821 2374 bic
841 2327 905 2373 nou
925 2310 1165 2384 decertaverit,
1189 2309 1397 2375 manifestum
1416 2329 1491 2376 saue
1507 2317 1549 2372 est

449 2411 567 2492 quibus
588 2419 723 2492 propter
743 2411 983 2492 generationem
998 2412 1052 2475 irie
1072 2428 1157 2491 onus
1177 2417 1261 2483 erat,
1284 2427 1322 2473 ea
1344 2411 1416 2475 iiiie
1435 2411 1550 2475 minine

447 2511 561 2577 intnra
581 2519 679 2576 etc.»
702 2511 792 2576 ilaec
821 2514 937 2593 utique
956 2529 975 2575 a
998 2511 1101 2575 reteri
1124 2507 1306 2590 iuterprete
1329 2513 1448 2575 omissa
1466 2517 1548 2583 runt,

448 2613 568 2695 quippe
589 2631 652 2678 uon
672 2615 779 2678 soium
800 2616 909 2679 sensui
938 2613 1102 2678 catboiico
1122 2612 1307 2685 adversata,
1330 2612 1549 2676 verumetiam

446 2716 574 2797 penitus
594 2734 612 2780 n
633 2715 782 2779 doctriua
802 2714 952 2795 Origenis
979 2715 1096 2779 aiiena.
1118 2710 1243 2777 Omissa
1265 2721 1360 2787 sunt,
1393 2713 1476 2789 dico,
1495 2729 1549 2774 non

447 2816 536 2896 qnod
558 2814 637 2879 iaisa
659 2816 862 2894 reputaverit
882 2815 1057 2897 interpres,
1076 2814 1132 2880 sed
1154 2804 1242 2894 quod
1264 2817 1296 2879 iu
1316 2815 1386 2896 suis
1400 2813 1549 2879 codicibus

447 2916 571 2997 graecia
596 2915 765 2991 deessent,
785 2933 891 2996 neque
917 2916 1075 2996 Origenes
1095 2931 1133 2978 ea
1160 2915 1293 2994 nutarit.
1315 2912 1453 2980 Ubinam
1478 2914 1550 2977 euin

444 3018 619 3097 aliquando
634 3018 717 3080 dixit
729 3017 886 3098 Origenes
899 3037 909 3078 r
924 3034 1022 3098 oeque
1033 3013 1205 3097 qcirqndor
1218 3035 1241 3078 e
1254 3014 1392 3078 mortuis
1404 3011 1551 3098 wereqsi·

443 3127 500 3181 tar
518 3127 554 3180 ut
573 3126 741 3198 resurget,
762 3115 821 3198 qui
841 3116 893 3178 bic
912 3133 978 3178 nott
997 3111 1230 3180 decertaverit?
1256 3115 1377 3180 Omnes
1398 3118 1481 3181 enim
1500 3131 1550 3178 nec

445 3219 552 3294 multi,
568 3236 627 3283 uec
638 3219 717 3300 justi
739 3219 863 3291 sotum,
876 3235 936 3280 nec
947 3219 1004 3298 qui
1025 3219 1058 3280 in
1072 3218 1134 3280 bac
1149 3218 1213 3281 rita
1228 3217 1429 3282 decertarint
1449 3233 1547 3280 retur

445 3325 521 3398 gent
542 3321 573 3382 in
592 3320 739 3401 judieio;
760 3318 815 3383 sed
830 3334 942 3382 omues
961 3319 1031 3382 sire
1051 3325 1190 3393 sanctos,
1205 3318 1275 3381 sire
1296 3325 1494 3398 peccatores,
1512 3315 1547 3378 si·

444 3437 486 3484 re
505 3420 562 3499 qui
583 3419 798 3494 decertarint,
831 3420 900 3481 sire
920 3419 977 3503 qni
997 3435 1061 3481 non
1083 3421 1259 3499 pugnarint
1280 3419 1311 3482 in
1333 3418 1396 3483 boc
1417 3417 1548 3490 mundo,

443 3519 579 3585 inientes
593 3521 744 3585 nimirum
767 3521 936 3601 portatos,
947 3519 1132 3594 abortivos,
1147 3519 1323 3583 universim
1345 3519 1443 3584 docet
1460 3525 1493 3584 et
1510 3525 1550 3580 te·

444 3630 499 3687 net
517 3622 673 3703 Origenes
690 3630 935 3686 resurrecturae
949 3639 1052 3702 prope
1068 3621 1215 3702 donatuli
1229 3622 1432 3685 senteutiam:
1453 3637 1548 3684 oneo

442 3741 640 3804 resurgemus
659 3723 775 3788 miiiies
796 3724 837 3785 ab
854 3726 999 3787 Auctore
1019 3722 1086 3787 anis
1107 3721 1260 3786 insertam
1280 3721 1384 3789 iibris.
1408 3722 1549 3802 Quaero

444 3835 518 3908 pter
536 3825 693 3889 statuitur
713 3822 897 3904 praeratum
917 3839 1124 3895 sermonem,
1155 3839 1284 3887 merum
1305 3841 1374 3887 esse
1396 3819 1547 3904 Anonymi

444 3927 632 4009 giosnatoris
653 3934 870 3990 commentum
891 3933 1025 4004 praeter
1044 3923 1194 4004 Origenis
1214 3941 1367 4003 sensnm,
1393 3934 1428 3988 et
1446 3927 1478 3986 ui
1498 3921 1550 3985 iai·

443 4030 508 4107 ior,
522 4029 723 4092 fricationem
738 4043 868 4102 uorum,
880 4041 967 4106 qnae
978 4025 1144 4106 genuinae
1161 4023 1264 4088 veteri
1280 4023 1461 4106 interprete
1473 4033 1549 4087 tran

441 4134 523 4196 sieta
545 4139 630 4194 sunt.
646 4129 681 4193 iu
701 4127 821 4208 qnibns
839 4126 968 4190 tinctor
980 4143 1018 4190 ea
1032 4126 1188 4190 discutit:
1209 4124 1313 4205 siquis
1330 4134 1474 4188 mortuae
1489 4125 1549 4204 {ae

443 4237 490 4297 rit
507 4251 570 4296 ooo
592 4226 821 4308 bumorfiiium
841 4235 897 4290 ete.
920 4227 1177 4307 propteriutiies
1191 4227 1452 4291 sadducaeorum
1466 4225 1546 4306 objc-

443 4335 577 4410 etioues,
599 4333 763 4408 inductus,
783 4339 821 4394 ut
840 4338 1021 4404 assereret,
1043 4328 1160 4392 meiius
1180 4347 1251 4392 esse
1271 4345 1335 4393 uon
1355 4328 1429 4392 dari
1448 4343 1548 4390 resur·

446 4439 635 4512 rectionem,
648 4449 745 4515 qnam
761 4441 799 4498 nt
818 4431 861 4495 sit
873 4430 958 4510 tuiis,
973 4431 1105 4512 quatem
1120 4429 1349 4494 existimabant
1362 4431 1434 4510 insi.
1447 4427 1547 4494 Utrin-

443 4557 508 4622 que
524 4538 626 4618 igitur
640 4545 709 4602 tnm
730 4535 907 4616 origeniani
922 4533 1081 4616 dogmatis
1102 4532 1264 4598 erincitur
1286 4531 1414 4596 iaisatio
1435 4532 1467 4594 in
1487 4537 1548 4593 tex·
