3375 5567
156 755 267 834 sibiles,
287 776 475 841 corporeus,
497 755 727 837 corruptibiles
748 773 789 818 co
804 752 964 816 recsbulo
984 753 1118 815 inundes
1132 770 1257 816 unocu-

158 854 330 940 prri13‘sst
356 869 479 923 tuntum
508 859 580 922 reri
608 859 857 938 perpetuitatem
879 854 989 927 illios,
1012 853 1099 932 quud
1129 853 1255 916 initium

155 961 288 1035 nescirit,
303 979 362 1024 nec
383 959 478 1024 linern
499 967 712 1040 essequetor3
733 956 889 1037 qnodque
910 973 984 1019 curo
1008 953 1075 1017 Deo
1096 963 1156 1028 est,
1180 955 1254 1028 luit,

156 1074 182 1126 et
199 1066 270 1126 erit.
302 1063 344 1127 Et
365 1065 427 1126 boc
447 1082 510 1126 uun
533 1072 597 1125 tum
619 1082 636 1125 e
658 1061 796 1124 dictione
825 1075 939 1140 grsecu
962 1053 1086 1149 κόσμος
1106 1056 1271 1120 dedoleo-2

154 1164 284 1227 domest
302 1174 462 1244 quantum
477 1183 517 1226 ex
540 1164 690 1228 bebruicn
704 1162 810 1224 lulum
831 1162 979 1224 etaltera
1003 1161 1126 1239 puriter
1142 1175 1256 1238 graecu

156 1261 239 1339 liei,
254 1267 449 1347 quibuscum
471 1276 529 1328 sut
551 1284 602 1329 res
624 1267 654 1326 in
676 1274 821 1344 tempore
842 1272 971 1326 crestae
993 1263 1187 1338 indicuntur,
1207 1262 1256 1325 vel

155 1370 297 1446 temporis
317 1369 458 1448 spatium
478 1368 599 1431 dicitur
617 1366 829 1444 simpliciter,
853 1383 919 1444 quo
942 1383 993 1426 res
1020 1365 1185 1438 existunt,
1210 1365 1258 1426 uti

155 1471 255 1533 scribit
280 1468 405 1532 Pupius
425 1470 464 1530 nd
486 1467 640 1549 Ephesius
661 1487 689 1530 c.
708 1467 749 1540 ll,
771 1467 802 1533 2.
825 1464 1052 1529 consummatio
1071 1463 1126 1534 τὸυ
1147 1462 1262 1546 sitnm

153 1568 241 1632 seculi
259 1570 310 1631 esi
328 1568 443 1631 mundi
461 1569 573 1650 iniust
595 1578 653 1632 sut
673 1587 791 1632 seruru
813 1568 894 1630 illud
916 1585 990 1632 cum
1013 1570 1081 1649 ipso
1103 1567 1171 1632 neo
1194 1586 1260 1631 mo·

154 1690 222 1734 uros
241 1672 390 1751 principii
411 1678 444 1734 et
464 1670 534 1732 linis
554 1671 709 1734 nescium.

225 1771 266 1834 Et
295 1779 468 1852 propterea
500 1771 532 1833 iu
560 1771 622 1833 boc
649 1770 857 1853 purugruplru
882 1769 1046 1852 siebutzs
1067 1769 1127 1836 Sed
1158 1770 1259 1834 veluti

155 1878 218 1951 post
236 1873 482 1952 curruptionem
514 1871 613 1952 bujus
640 1872 768 1947 mundi,
790 1872 851 1934 erit
872 1872 956 1935 nlius
978 1871 1138 1949 mondus;
1161 1871 1203 1933 itu
1227 1880 1261 1932 et

155 1982 320 2054 interponor
342 1975 394 2037 bic
422 1983 506 2037 esset
526 1973 688 2046 mundus,
712 1973 810 2036 luisse
833 1973 914 2035 ulios
943 1965 1120 2036 credimus:
1130 1993 1147 2030 n
1169 1970 1258 2048 Qun-

153 2077 177 2137 si
194 2075 327 2149 diceret,
350 2076 435 2137 sicut
459 2083 530 2154 post
555 2075 798 2155 curruptionem
824 2073 923 2154 buius
947 2074 1061 2148 seculi,
1084 2074 1147 2136 erit
1168 2073 1256 2138 uliud

153 2175 308 2252 seculuro,
331 2175 376 2238 itu
397 2175 586 2255 priusquam
607 2184 690 2239 esset
711 2177 772 2238 boc
792 2175 954 2250 seculum,
971 2175 1032 2236 elie
1054 2176 1163 2238 seculo
1179 2176 1259 2241 iuis·

154 2381 290 2460 signarit.
324 2377 365 2442 Et
392 2380 423 2441 id
453 2380 734 2460 comprehendisse
762 2378 941 2442 doctorem
974 2380 1151 2459 probetur,
1181 2381 1259 2444 duos

155 2482 322 2561 sliquuudu
344 2482 430 2544 bunc
451 2483 527 2545 dicit
549 2482 721 2554 mnndum,
742 2498 838 2561 quero
862 2487 970 2559 postes
998 2488 1092 2542 vocet
1120 2480 1261 2544 ueniunt

157 2584 283 2663 utrique
303 2583 463 2646 recubolo
483 2581 746 2662 significationem
763 2582 887 2656 indens,
910 2599 972 2645 noo
994 2581 1033 2646 de
1057 2582 1154 2646 rebus
1173 2601 1264 2646 creu-

158 2684 192 2744 tis
210 2685 264 2746 sed
291 2684 424 2764 proprie
449 2683 489 2746 de
517 2692 687 2762 ternpore,
709 2684 796 2763 qnod
818 2684 850 2745 in
876 2683 1002 2746 diverso
1028 2685 1130 2764 sputis
1152 2685 1262 2748 distin·

158 2786 200 2846 rit
217 2805 255 2849 oc
275 2786 444 2861 delinivit,
475 2785 602 2848 mundis
624 2785 675 2848 rel
700 2786 818 2848 seculis
848 2788 1063 2865 nuncupatim
1086 2788 1116 2848 io
1142 2787 1261 2869 quibus

158 2885 217 2964 ipse
238 2886 326 2950 Deus
348 2888 457 2950 rireus
478 2888 653 2950 bonitatem
678 2888 832 2967 gerebat,
855 2895 889 2948 ci
910 2888 1138 2967 omnipotentia
1162 2888 1263 2952 domi·

158 2986 297 3050 ssbutur.
315 2986 359 3051 Ei
380 2987 441 3050 boc
465 3005 542 3050 snuc
573 2994 641 3062 est,
663 2988 751 3072 quud
780 2996 892 3050 contra
917 2987 1119 3050 adversarios
1142 2993 1262 3068 propu'·

157 3098 223 3166 gout
242 3090 450 3171 objicientes:
473 3086 554 3170 quid
575 3099 649 3150 ants
667 3087 802 3170 sarisber
826 3088 924 3163 Deris,
945 3108 1042 3168 quum
1063 3091 1200 3152 mundus
1214 3089 1264 3154 in·

159 3185 297 3267 ciperet?
318 3192 411 3272 qussi
434 3201 508 3255 note
530 3192 617 3255 bunc
639 3191 794 3256 mundum
820 3192 945 3266 otiosa,
968 3203 999 3254 et
1021 3192 1192 3254 immobilis
1217 3192 1265 3256 io·

161 3300 204 3353 ret
223 3301 338 3356 ustura
362 3290 418 3354 Dei
440 3293 586 3367 diceudo,
602 3311 642 3356 cx
664 3312 731 3374 qno
754 3293 810 3354 bus
832 3294 968 3356 virtutes
991 3310 1053 3355 nun
1073 3305 1263 3372 exerceret;

160 3394 320 3457 osteudens
340 3393 509 3474 Origenes,
527 3392 629 3457 Deum
651 3397 768 3475 queris
783 3403 929 3475 tempore
945 3401 1144 3474 potentatum
1167 3414 1264 3460 suom

158 3511 305 3557 exercere
325 3495 394 3558 sire
415 3495 449 3556 iu
471 3495 533 3557 bne
552 3494 665 3558 seculo
689 3494 816 3566 visibili,
838 3496 907 3556 sire
928 3504 1038 3572 untes,
1060 3497 1128 3559 sire
1150 3507 1259 3576 postes

158 3594 193 3654 sd
212 3615 329 3659 serum
347 3598 580 3678 sempiternom
614 3596 755 3658 bonitate
774 3605 806 3658 et
828 3597 968 3676 potentin
993 3599 1175 3675 pruediturn
1198 3601 1262 3678 iri;

162 3704 252 3777 utque
272 3700 304 3760 iu
326 3699 363 3761 iis
383 3699 452 3762 sire
473 3699 571 3774 intus,
592 3699 661 3760 sire
682 3698 722 3759 ub
743 3707 834 3760 extre
858 3707 1017 3777 perpetuu
1039 3699 1225 3778 glorificari.

232 3798 281 3860 nd
304 3800 387 3862 bunc
403 3817 481 3862 reso
501 3799 800 3878 interpretationem
818 3799 915 3862 rerbn
938 3799 1128 3879 proliciunt,
1148 3803 1267 3882 quibus

162 3909 233 3960 usus
245 3906 293 3961 est
306 3897 463 3979 Origenes
477 3899 518 3962 de
536 3899 651 3962 risibili
668 3898 789 3961 mundo
803 3899 946 3974 locutus,
960 3901 1105 3980 iuquiens
1121 3905 1207 3967 bono
1223 3904 1268 3966 tc·

163 3995 234 4060 cisse
244 3997 364 4064 lleums
379 4019 454 4064 cunr
470 4018 587 4064 rereru
605 4000 773 4081 Scriptura
789 4009 938 4078 testetur,
955 4003 1082 4064 coelom
1098 4009 1128 4067 et
1148 4012 1267 4067 terrem

162 4105 191 4157 et
208 4103 326 4176 omnis,
346 4119 430 4182 guse
449 4103 481 4168 iu
501 4104 547 4166 eis
565 4113 653 4178 suot,
674 4102 778 4168 Deum
792 4111 963 4184 operatum
986 4121 1064 4166 esse.
1082 4101 1127 4166 lle
1152 4107 1267 4168 ceteris

167 4215 238 4261 rere
258 4203 398 4279 mundis,
410 4203 478 4266 sire
498 4203 618 4268 seculis
639 4205 717 4268 buic
734 4203 848 4266 risibili
872 4203 1036 4285 prioribus
1057 4213 1088 4266 et
1109 4205 1270 4284 sequiori·

166 4297 220 4364 bus
243 4312 394 4383 tunquam
418 4306 700 4386 inerpecubitibns
721 4316 753 4369 et
776 4305 1031 4386 intelligibilibus
1055 4305 1195 4390 mundis,
1214 4305 1268 4388 ju-

164 4410 212 4463 ιιι
228 4401 445 4470 Psslroistomr
461 4425 562 4471 ausos
583 4418 724 4471 aursus
737 4406 773 4470 in
795 4417 892 4472 ments
903 4404 1013 4482 bubni,
1030 4408 1108 4482 nibil
1126 4408 1269 4472 decres-

166 4501 242 4568 iiuue
261 4515 293 4570 et
305 4509 514 4591 dispositione
529 4509 719 4574 corumdem
740 4510 902 4585 indicavit,
920 4509 977 4572 nisi
995 4509 1200 4574 solummodo
1216 4528 1269 4572 ro·
