3375 5567
504 767 608 834 l’orro
624 789 698 836 cum
721 774 862 839 arduum
885 773 1017 854 quidem
1038 791 1123 838 nunc
1146 776 1199 850 eit,
1224 782 1292 838 turn
1319 774 1359 839 de
1384 774 1458 838 lacti
1479 793 1524 838 re·

421 873 517 936 ritate
532 875 719 950 decernere,
743 883 813 937 tum
828 876 868 938 do
890 877 999 950 modo,
1016 894 1080 956 quo
1104 875 1133 936 ld
1157 876 1281 955 abipso
1304 882 1466 958 patratum
1482 875 1524 939 ln·

419 973 456 1048 it,
472 980 506 1036 et
527 973 567 1035 de
581 976 698 1048 censis,
721 975 841 1054 quibus
857 975 896 1036 ad
921 976 981 1039 boc
1004 975 1161 1055 impulsus
1183 985 1280 1052 osset,
1296 976 1431 1042 diversis
1450 983 1524 1039 stan·

420 1076 505 1138 tibus
519 1077 722 1156 opinionibus
738 1077 969 1150 historicorum
984 1077 1065 1140 illud
1084 1079 1188 1156 ipsum
1206 1077 1467 1152 memorantium,
1480 1076 1523 1157 ju·

417 1175 537 1239 dicium
559 1176 598 1239 de
620 1177 668 1239 bis
696 1178 846 1258 prolerre
869 1176 989 1239 desino.
1019 1174 1257 1240 Tantummodo
1279 1177 1379 1257 hujus
1399 1178 1525 1256 imputa·

419 1279 513 1340 lionis
533 1279 602 1340 sive
623 1278 798 1351 tollendae,
821 1281 889 1342 sive
910 1279 1148 1341 imminuendae
1168 1297 1278 1353 cansa,
1301 1278 1402 1358 ipsius
1423 1277 1526 1355 Orige·

418 1379 465 1440 nis
486 1378 526 1440 de
541 1380 601 1440 hac
623 1397 658 1441 ro
678 1397 790 1441 sensus
805 1381 999 1459 investigare
1022 1379 1189 1459 proderit3
1206 1397 1311 1459 eoque
1334 1378 1525 1458 magisquod

418 1480 486 1559 ipse
506 1479 625 1542 Christi
648 1481 759 1553 rerba,
772 1490 805 1542 et
825 1481 885 1542 ista
907 1481 1067 1543 maxims:
1090 1489 1164 1544 runt
1184 1478 1336 1553 eunuchi,
1357 1477 1416 1560 qai
1434 1498 1465 1542 sc
1482 1498 1526 1542 cn·

417 1588 598 1643 seremanni
609 1589 741 1659 propter
754 1598 884 1660 regnum
899 1581 1069 1656 coelorum,
1082 1581 1239 1660 peculiari
1255 1581 1410 1646 studiant
1429 1581 1459 1642 in
1472 1577 1527 1644 lo

418 1700 473 1746 mo
486 1680 556 1746 XV.
574 1701 604 1744 n.
619 1679 649 1746 l.
667 1689 699 1746 et
713 1676 790 1746 alibi
805 1685 1025 1764 pertractarit.
1045 1681 1077 1748 Si
1093 1684 1230 1747 enimes
1247 1683 1296 1746 his
1316 1683 1411 1757 locis,
1427 1683 1480 1746 nbi
1493 1697 1524 1744 ea

417 1782 578 1858 discussit,
594 1783 634 1846 de
653 1784 704 1848 sui
720 1786 817 1849 animi
837 1784 985 1848 sensibus
1006 1785 1208 1863 arguendum
1222 1787 1276 1859 sit,
1297 1783 1465 1848 rideretur
1483 1800 1525 1846 sa·

417 1902 471 1957 ne,
484 1882 639 1964 Origenes
653 1885 773 1949 nedum
784 1886 816 1948 io
829 1903 926 1950 snum
940 1903 1060 1964 corpus
1076 1886 1138 1950 hoc
1150 1885 1315 1950 admisisse
1328 1884 1464 1960 lacinus,
1478 1883 1524 1948 sed

416 1992 449 2046 et
470 1984 576 2063 palam
598 1983 790 2063 reprobasse
809 1986 907 2049 simul
927 1994 961 2050 et
988 1986 1074 2058 illos,
1097 1986 1154 2066 qni
1177 1986 1295 2050 borum
1315 1983 1397 2050 Jesu
1419 1985 1525 2048 rerba

418 2101 492 2146 rum
506 2084 769 2163 significationem
787 2088 1029 2165 pervenissem,
1051 2085 1161 2150 littera
1176 2095 1321 2165 accepta,
1338 2103 1377 2150 ac
1397 2085 1525 2166 spiritali

416 2184 551 2248 exclusa
573 2184 795 2263 intelligentia.
900 2227 902 2232 ,

501 2283 538 2348 lu
559 2283 658 2348 Libro
679 2282 751 2350 Vll.
780 2301 813 2350 n.
843 2281 895 2355 48.
917 2290 1030 2350 contre
1062 2283 1194 2353 Celsum
1223 2285 1263 2349 de
1284 2285 1525 2352 christianorum

420 2385 588 2465 pudicitia,
609 2386 768 2468 singulari
790 2386 937 2451 custodia
959 2393 1103 2464 servata,
1125 2394 1224 2467 atque
1244 2388 1354 2461 aliter,
1378 2395 1528 2467 praestan

421 2488 551 2566 tiusqne
571 2504 670 2568 qoam
691 2487 811 2554 ethnici
829 2486 930 2567 vulgo
951 2488 1213 2567 praesumebant,
1234 2487 1387 2561 locutus,
1402 2487 1524 2556 scribit:

422 2586 555 2666 «Apud
577 2588 777 2651 athenienses
798 2586 930 2666 quidem
952 2604 1036 2652 nnus
1059 2587 1270 2667 hierophanta
1292 2595 1363 2662 est,
1385 2588 1441 2667 qui
1465 2604 1526 2650 nnn

420 2689 532 2752 rirtles
550 2706 626 2753 snas
647 2691 922 2767 concupiscentias
942 2689 1109 2756 continere
1128 2707 1167 2752 ac
1188 2706 1249 2769 pro
1268 2689 1405 2756 arbitrio
1427 2688 1526 2752 dona·

420 2808 457 2853 re
477 2808 569 2870 posse
590 2809 654 2854 non
674 2790 842 2865 eradatur,
858 2790 963 2854 virilia
986 2790 1131 2856 membra
1153 2791 1258 2858 cicuta
1280 2789 1419 2868 oblinit,
1439 2798 1474 2854 et
1489 2789 1526 2854 sic

418 2895 495 2954 satis
509 2910 612 2972 purus
627 2891 845 2968 existimatur,
861 2897 897 2956 ut
920 2890 1107 2972 religiosum
1122 2891 1218 2954 obeat
1233 2889 1360 2956 cultum
1376 2890 1527 2954 athenien

418 2992 514 3054 sium.
530 2989 592 3054 Sed
614 2991 700 3071 apud
722 2992 915 3056 christianos
932 2992 991 3058 siri
1006 2999 1095 3067 snut,
1111 2994 1168 3071 qni
1183 2992 1287 3060 cicuta
1304 3009 1367 3056 non
1382 3010 1464 3072 opus
1481 2991 1526 3052 ha·

418 3091 508 3167 bant,
525 3097 562 3154 ut
583 3109 664 3171 pore
686 3089 754 3154 lleo
776 3091 970 3156 deserviant.
994 3088 1137 3158 Verbum
1153 3089 1211 3154 llei
1233 3090 1297 3154 illis
1317 3092 1394 3158 loco
1413 3093 1525 3156 cicutae

417 3201 479 3266 est,
493 3201 541 3268 nt,
556 3193 643 3255 omni
665 3192 923 3271 coacnpiscentis
939 3209 981 3258 ex
995 3194 1103 3257 auimo
1117 3192 1448 3274 eiecta,disinitatam
1462 3208 1523 3270 pre·

420 3298 511 3360 cibus
535 3303 821 3374 prosequantur.»

500 3396 579 3458 ltem
594 3413 636 3457 ex
651 3394 884 3458 commentario
899 3389 1124 3471 talipiacum
1144 3396 1187 3459 nd
1207 3389 1368 3458 Romanos
1381 3389 1475 3456 Libro
1486 3388 1519 3452 ll.

415 3515 445 3558 n.
466 3494 516 3561 13.
539 3496 579 3558 de
599 3495 736 3576 spiritali
757 3495 1004 3558 circumcisione
1029 3494 1210 3571 disserens,
1240 3497 1338 3557 citata
1363 3492 1517 3572 Evangelii

418 3598 515 3661 rerba
539 3604 629 3660 recto
649 3614 745 3659 sensu
767 3597 1003 3674 interpretatur
1023 3593 1193 3675 Origenes,
1215 3603 1248 3657 et
1268 3595 1367 3658 sicea
1384 3593 1520 3658 tidelibna

415 3698 573 3761 servanda
597 3698 713 3760 tradit:
738 3696 909 3764 «illorum
931 3715 1022 3778 ergo,
1045 3697 1161 3777 inquit,
1184 3704 1237 3762 est·
1246 3698 1452 3763 circumcisio
1464 3695 1518 3774 spi·

416 3799 533 3869 ritulis,
556 3802 612 3878 qui
634 3797 748 3861 lutnro
768 3798 883 3862 seculo
903 3799 1055 3870 militant,
1076 3799 1108 3862 in
1128 3817 1195 3878 quo
1215 3816 1314 3878 sapae
1334 3799 1460 3870 nubent,
1474 3811 1519 3854 ac·

415 3919 474 3982 pua
483 3901 655 3973 nubentur,
669 3901 723 3962 scd
736 3908 828 3962 cruat
842 3899 926 3964 riom
938 3899 1047 3980 uncti
1059 3897 1117 3964 Dei
1124 3919 1140 3973 ,·
1156 3910 1334 3976 eteorum,
1348 3897 1404 3978 qui
1416 3895 1518 3975 scipsos

413 4010 636 4064 castraverunt
653 4010 783 4082 propter
803 4019 934 4081 regnum
958 3999 1043 4076 aar]
1066 4012 1099 4066 et
1119 4020 1262 4083 quorum
1286 4003 1316 4068 io
1340 4001 1431 4066 terris
1451 4015 1518 4064 eoo·

415 4106 625 4178 versantium,
650 4101 686 4164 io
705 4102 799 4164 coelic
820 4111 866 4165 cst
885 4102 1080 4166 conuersatio
1100 4111 1161 4168 eto.
1180 4101 1258 4168 »nc
1285 4103 1384 4182 paolo
1403 4107 1470 4181 post
1489 4100 1516 4160 iu

288 4231 294 4245 ·
414 4205 559 4270 ethnicos
579 4204 734 4267 dimicans
755 4203 795 4267 de
816 4205 1060 4268 circumcisione
1083 4204 1221 4285 ejusque
1243 4204 1395 4287 mysterio
1415 4199 1515 4264 addit:

414 4305 690 4386 «interrogemus
720 4323 776 4368 eos
797 4313 831 4372 et
851 4325 933 4380 nos,
956 4307 982 4369 si
1013 4309 1228 4371 necessariam
1259 4307 1366 4371 dicant
1385 4302 1515 4366 tiliorum

413 4408 681 4488 procreationem.
705 4403 927 4469 Necessarium
948 4407 1015 4470 sios
1037 4406 1136 4470 dubio
1150 4405 1396 4486 respondebunt.
1417 4399 1513 4466 uren

411 4525 490 4588 ergo
510 4506 702 4587 culpabiles,
724 4508 782 4586 qni
803 4507 1019 4572 continentiae
1031 4517 1064 4571 et
1087 4507 1513 4587 interannuntiantem
