3375 5567
417 546 479 627 540

878 660 1019 730 CAPUT
1043 661 1082 730 V.

419 861 572 944 Sequitur
583 882 718 929 sensura
739 865 892 929 adsersus
906 864 1058 932 Hostium
1071 867 1162 932 eirea
1182 864 1329 950 Oriyenis
1344 865 1452 932 doetri-

460 984 536 1030 nam
555 967 593 1030 de
612 975 735 1031 natura
753 967 939 1050 anysiorum
962 1012 1338 1033 ........
1380 987 1446 1052 pay.
1481 965 1512 1032 5⁷

868 1163 1009 1233 CAPUT
1031 1166 1087 1232 vt.

420 1344 529 1413 cetera
548 1346 756 1411 itiustrantur
772 1347 919 1429 Oriyenis
940 1347 1131 1426 testimonia,
1150 1347 1188 1412 in
1207 1349 1320 1432 quitus
1339 1367 1455 1412 errasse

456 1447 579 1513 dieitur
597 1448 685 1513 eirea
704 1451 890 1529 anyetorum
904 1449 1114 1514 conditionem
1134 1468 1302 1535 eorumque
1320 1449 1454 1515 ministe-

456 1551 544 1615 rium
563 1571 640 1634 erpa
660 1550 801 1618 nomines
816 1596 1397 1618 ............
1436 1574 1451 1614 s

853 1753 994 1824 CAPUT
1016 1755 1088 1822 vll.

421 1932 533 2000 Variae
547 1954 587 1998 eo:
600 1933 795 2017 Hieronymo
812 1949 842 2002 et
855 1936 982 2022 Huffino
996 1935 1217 2002 discutiuntur
1245 1935 1395 2000 tationes
1409 1935 1459 2000 Li·

453 2035 504 2099 isri
517 2036 537 2101 1
542 2035 573 2100 V.
587 2037 800 2112 Perinrchon,
814 2051 843 2102 et
854 2039 1042 2120 praesertim
1058 2039 1095 2102 in
1108 2038 1224 2121 quibus
1233 2047 1373 2119 putatus·
1390 2035 1459 2101 Ori·

452 2154 545 2217 yenss
568 2141 739 2203 secundam
766 2139 933 2205 admisisse
958 2139 994 2205 iu
1014 2140 1110 2205 ooetis
1141 2137 1261 2204 Curiati
1275 2138 1459 2220 passionem

450 2256 514 2318 pro
533 2239 719 2305 daemonum
738 2241 840 2306 salute
863 2283 1400 2306 ...........
1441 2259 1458 2297 s
1490 2233 1525 2302 79

842 2441 984 2509 CAPUT
1018 2441 1110 2508 Vnt.

415 2641 566 2726 Sequitur
579 2647 714 2730 saepesis
727 2646 764 2711 in
779 2645 887 2710 Libros
901 2645 1099 2711 Periarehon
1113 2646 1156 2710 asi
1168 2663 1277 2708 eorum
1295 2643 1462 2725 speciatim

453 2743 724 2826 illustrationem,
745 2768 825 2830 quae
847 2744 1018 2828 Oriyenia
1042 2745 1234 2826 Theopuito,
1259 2743 1461 2827 Epiphanio,

455 2845 649 2930 Hieronymo
668 2861 698 2914 et
717 2851 756 2914 ab
776 2850 914 2915 Auctore
935 2847 1095 2930 Epistulae
1126 2848 1169 2912 ae
1188 2843 1364 2924 Hennam,
1386 2844 1462 2928 obii·

452 2947 584 3013 mustus
597 2949 648 3015 uti
660 2949 818 3015 isaeretiea
830 2952 868 3012 de
883 2951 956 3026 Deo,
971 2970 1039 3017 una
1062 2969 1135 3014 eum
1149 2967 1283 3013 censura
1298 2947 1336 3012 in
1350 2947 1462 3012 Hiero·

455 3049 546 3129 nymi
557 3060 586 3114 et
599 3050 720 3134 Huffini
739 3051 893 3118 versionis
907 3053 1114 3135 differentiam
1128 3050 1215 3116 eirea
1228 3049 1285 3113 isaa
1305 3048 1391 3113 istem
1410 3066 1463 3111 ar·

457 3162 642 3232 pumentum
658 3196 1399 3218 ...............
1441 3168 1459 3206 s
1494 3142 1528 3210 Ὦ

864 3353 1007 3422 CAPUT
1030 3354 1087 3420 tx.

415 3555 460 3621 De
480 3557 697 3622 sanctissimae
714 3555 884 3622 Trinitatis
899 3557 1059 3639 mysterio,
1081 3555 1166 3620 Verbi
1179 3565 1209 3619 et
1223 3553 1366 3636 Spiritus
1382 3551 1464 3619 San·

453 3657 497 3723 eti
520 3657 698 3737 divinitate,
725 3658 874 3740 Oriyenis
887 3658 1050 3734 doctrina,
1069 3659 1259 3740 praesertim
1274 3676 1315 3720 ea
1331 3657 1464 3722 Perias·-

452 3762 537 3826 ohon
552 3759 761 3842 disquiritur,
774 3761 874 3826 simui
887 3757 1081 3843 comparatis
1092 3758 1212 3840 Huffini
1228 3768 1256 3824 et
1270 3755 1464 3838 Hieronymi

453 3861 651 3928 versionibus
671 3872 700 3926 et
719 3861 868 3942 Epistola
888 3864 931 3928 asi
950 3861 1102 3930 Hennam
1126 3904 1398 3924 ......
1441 3879 1459 3917 s
1480 3853 1534 3924 uu

873 4062 1015 4134 CAPUT
1035 4061 1077 4128 Χ.

414 4246 525 4331 Peryit
554 4257 776 4332 aspumentum
805 4250 842 4312 sie
868 4244 956 4312 Verbi
979 4243 1039 4310 Dei
1059 4243 1290 4310 incarnatione
1315 4252 1345 4308 et
1362 4257 1462 4323 prae·

450 4350 540 4432 eipus
559 4352 711 4416 aduersus
736 4369 799 4430 soe,
814 4349 960 4430 opinatos
977 4345 1156 4432 Oriyenem‚
1179 4346 1306 4412 animas
1334 4337 1459 4410 Christi

412 4494 416 4502 ι
447 4451 730 4531 praeexistentiam
750 4449 916 4517 admisisse
919 4487 1396 4514 ..........
1442 4429 1536 4504 »13]
