3375 5567
159 767 332 834 Dominarum
351 783 504 844 morum,
526 770 727 836 mitissimum
757 773 978 850 consequetur
1000 773 1240 854 responsionem

158 869 216 934 iesu
231 871 354 935 dicentis
376 871 459 953 ipsi:
479 889 597 952 mopsos
617 881 663 936 cst
682 873 758 953 fidos
779 879 1039 955 compostum
1059 882 1180 940 tontum
1194 896 1244 941 ss·

156 974 298 1052 sumpserit
324 973 447 1051 tidem,
470 979 503 1040 et
527 973 683 1038 dicentis:
705 976 756 1055 fist
776 973 834 1040 riti
863 974 947 1040 moui
966 974 1040 1053 cis,
1062 987 1100 1041 ut
1121 979 1242 1059 etipse

156 1080 280 1152 sanctur3
301 1083 333 1138 et
351 1077 480 1157 siquem
502 1076 642 1157 protulit
663 1076 809 1143 iructum
833 1079 1000 1143 senoricus
1025 1078 1241 1160 indigentem,

158 1180 263 1238 sonetur
281 1185 312 1240 et
332 1178 402 1242 iile.
425 1196 441 1236 o
1162 1223 1169 1238 ·

212 1273 284 1340 Cum
299 1278 413 1358 itsqnc
426 1279 483 1342 isto
504 1277 646 1344 desinnm
670 1283 795 1344 textum
810 1295 966 1358 muscum
979 1281 1131 1362 proicrro
1148 1283 1242 1364 quip-

155 1376 366 1456 peomoimode
390 1377 501 1442 fluetii
525 1378 663 1442 versioni
680 1378 939 1460 respondentem,
960 1379 1067 1444 lectur
1086 1399 1164 1446 sune
1186 1401 1242 1444 rs·

153 1477 268 1542 mutem
290 1481 472 1561 percipiet,
493 1498 578 1560 quoe
599 1479 733 1561 utrique
754 1488 786 1544 ct
809 1480 910 1560 ipsius
930 1479 1041 1546 fluetii
1061 1492 1094 1548 et
1119 1483 1238 1552 Rufini

155 1577 291 1643 intercedit
309 1582 520 1662 expositioni,
536 1583 619 1644 odeo
639 1591 677 1646 ut
698 1581 782 1646 idem
803 1583 1007 1662 urguendum
1025 1585 1068 1648 sit
1087 1586 1129 1648 de
1154 1587 1243 1650 eodi-

153 1697 206 1742 oun
224 1699 414 1760 pruscorum
437 1682 673 1764 discrepantia,
696 1701 779 1766 qnos
800 1685 897 1748 umbo
919 1685 1106 1752 traduxero.
1133 1686 1238 1752 Unum

153 1779 217 1852 dico,
234 1800 326 1861 quern
349 1783 518 1848 consuluit
531 1791 565 1856 ct
584 1783 754 1864 descripsit
774 1784 869 1850 dirus
885 1785 1087 1868 Pamphilus,
1108 1798 1142 1853 et
1161 1791 1241 1854 uite·

154 1898 206 1944 mn
222 1885 258 1944 sio
279 1883 685 1966 flueticrcrsum3cu1us
708 1888 879 1966 ignoretur
891 1886 1133 1970 transcriptor,
1155 1892 1241 1972 ejus-

152 1980 260 2063 demque
289 1993 393 2050 octus.
423 1983 466 2050 tto
483 1986 628 2066 primum
659 1987 790 2067 quidem
813 1989 921 2069 quood
951 1991 1078 2055 codices
1109 2008 1242 2071 graccos

152 2081 440 2152 Commentariorum
459 2086 497 2150 iro
518 2085 725 2165 Maestorum,
748 2109 830 2170 qnos
850 2087 991 2155 ttuotios
1015 2093 1115 2155 rectit
1126 2093 1242 2156 edidit·

152 2199 208 2261 quc,
224 2204 283 2250 uon
296 2206 368 2252 esse
382 2191 469 2254 iuter
488 2191 631 2254 sinceros
645 2188 795 2270 Oripenis
812 2191 914 2255 libros
928 2191 1117 2271 censendos,
1132 2195 1242 2273 proin-

152 2283 230 2365 deque
242 2289 393 2370 dopmnis
415 2289 533 2353 ibidem
555 2307 721 2370 expresse,
737 2293 866 2374 quotics
885 2312 905 2356 u
921 2294 1060 2358 reritstc
1072 2295 1240 2369 secedunt,

154 2385 216 2450 tend
228 2388 381 2456 ductoris
395 2408 525 2456 sonsum
548 2393 729 2480 prseterrc,
745 2411 787 2457 ex
808 2412 847 2456 es
860 2395 1052 2475 praesertim
1071 2396 1241 2462 adstruen-

153 2485 210 2552 dum
226 2501 272 2556 cst
291 2493 435 2570 rstione,
449 2511 549 2574 quum
571 2493 720 2558 Rudinus
743 2495 860 2569 tenuit,
875 2496 907 2557 in
928 2497 1152 2562 trunsiercudo
1172 2505 1244 2562 tex·

153 2597 202 2655 ton
215 2611 364 2673 pmecnm
379 2596 585 2677 Apoiopctici
598 2616 623 2659 s.
644 2594 814 2681 Martyris,
829 2595 969 2662 fideliter
982 2616 1099 2679 praeco
1116 2600 1159 2663 sb
1171 2601 1243 2680 ipso

150 2690 290 2774 Pamphilo
310 2716 350 2762 sc
373 2715 417 2762 ex
438 2697 583 2778 penninis
606 2697 732 2778 graccis
752 2696 902 2778 Oripcnis
921 2699 1168 2780 enempinritous
1186 2699 1242 2764 de·

150 2797 235 2876 ecdpti
252 2807 285 2862 ct
298 2799 507 2864 concinnati:
531 2800 688 2879 qnodque
709 2801 833 2878 puriter
848 2799 989 2864 iideiitcr
1007 2801 1240 2882 interpretetus

150 2903 184 2958 cst
201 2897 350 2966 Rudinus.
376 2899 427 2965 Be
446 2920 514 2982 quo
534 2901 616 2964 nulii
637 2900 865 2980 ambigendum
885 2906 935 2964 est
947 2909 1084 2982 propter
1103 2903 1243 2967 obteste-

151 2997 227 3064 t'oncs
245 3003 283 3064 oio
303 3004 429 3066 eisdem
452 3001 652 3082 praemissus.
676 2999 717 3064 Et
737 3000 777 3062 sd
800 3000 899 3080 hujus
924 3001 972 3064 roi
992 3001 1134 3078 emptius
1154 3003 1242 3067 testi-
1335 3039 1338 3042 -

150 3102 265 3164 nonium
286 3103 383 3166 nobis
402 3101 507 3164 sdstut
527 3107 719 3180 excerptum
739 3118 759 3162 s
781 3100 881 3164 Libro
903 3100 957 3164 tv.
980 3101 1199 3185 Periurodoro,
1221 3123 1241 3168 u

149 3217 167 3260 s.
180 3199 312 3284 iisrtprc
328 3201 545 3282 dpoiopoticc
566 3203 736 3280 inscrtum,
752 3209 816 3266 ctu
834 3201 965 3267 nunno
977 3203 1076 3266 istinc
1092 3221 1239 3284 rersum;

149 3299 215 3376 qnod
240 3320 357 3382 prscce
382 3301 610 3382 trunscriptum
636 3320 742 3382 usqne
763 3303 860 3366 modo
880 3311 1034 3367 servotur
1056 3303 1099 3365 sb
1119 3302 1241 3368 domo·

149 3400 217 3464 otim
228 3402 439 3468 Ptttocsttso.
458 3403 534 3466 inde
550 3403 637 3466 euim·
652 3411 789 3480 constet,
807 3401 973 3468 Rudinum
986 3406 1092 3484 ipsum
1106 3421 1241 3468 secure·

149 3507 212 3565 teet
227 3506 351 3568 sincere
376 3502 560 3568 Adomuutii
585 3511 723 3569 mentem
744 3506 942 3585 expressisse
971 3505 1003 3568 iu
1023 3523 1082 3570 suo
1106 3506 1240 3570 trunsiu·

150 3603 232 3682 tions;
259 3625 318 3670 nec
340 3624 487 3686 uuquam
512 3605 580 3670 sire
602 3625 661 3686 per
682 3605 929 3686 purnpirrssim,
952 3615 1011 3671 sut
1030 3608 1239 3681 additionem,

149 3717 191 3767 teu
208 3707 462 3772 imminutionem
483 3708 656 3772 decessisse
677 3709 717 3770 sb
737 3708 795 3784 iis,
819 3725 904 3788 qnae
923 3709 1044 3789 scripto
1067 3712 1187 3789 reperit
1208 3710 1240 3772 in

150 3806 271 3885 oripinsii
286 3825 420 3889 procem
439 3807 480 3872 tto
502 3810 564 3872 hcc
583 3810 702 3872 icriter
716 3810 855 3892 quisque
868 3809 1026 3889 inteiiiget
1041 3809 1239 3886 discurrens,

150 3921 212 3982 quos
230 3911 387 3992 leguntur
403 3911 502 3974 inec.
521 3907 558 3974 V.
576 3908 632 3974 Vi.
649 3919 709 3974 etc.
726 3912 872 3992 ejusdem
889 3909 1111 3990 Apologetici3
1130 3912 1185 3976 ubi
1199 3915 1240 3975 si-

151 4008 200 4068 uol
217 4011 440 4078 inscribuntur
459 4021 491 4076 et
513 4019 621 4076 textus
643 4031 779 4094 graecus
799 4011 948 4092 Origenis
968 4020 1002 4076 ct
1024 4021 1116 4078 retus
1138 4011 1239 4076 Rudi-

151 4107 173 4166 ui
189 4106 431 4193 interpretati03
453 4120 485 4176 et
505 4112 562 4176 uiti
583 4113 836 4176 convenientium
858 4129 992 4191 quoqne
1012 4129 1130 4189 erues,
1154 4129 1239 4191 qunc

151 4205 211 4269 iotoo
229 4219 353 4277 textum
375 4213 526 4276 codicum
547 4231 573 4276 s.
597 4211 752 4295 Martyris
781 4219 814 4274 et
835 4212 976 4275 sitorum
1000 4218 1124 4274 textum
1147 4228 1239 4291 prse-

151 4321 206 4370 cum
217 4312 245 4374 in
267 4312 449 4378 t’tsttoostta
462 4313 659 4393 descriptum
682 4313 788 4391 ccdit3
805 4313 887 4375 odeo
902 4321 938 4374 ut
960 4312 1082 4391 ubique
1096 4314 1240 4392 ingenui·

151 4413 225 4475 tutem
244 4432 372 4490 corum,
389 4415 447 4494 qui
468 4413 499 4474 in
517 4415 578 4478 troc
592 4413 702 4494 Opere
723 4414 948 4488 elaborarunt,
963 4419 1162 4492 compertum
1184 4416 1239 4476 ios·

152 4503 215 4577 icor.
235 4515 445 4600 Quapropter
465 4516 491 4580 si
510 4535 536 4580 s.
561 4515 747 4598 Pompioiins
768 4519 799 4580 in
821 4518 896 4580 ioco
916 4517 1018 4579 citato
1037 4512 1238 4580 Commenta·
