3375 5567
155 813 370 895 perliaautcmr
386 812 516 894 quondo
530 826 588 892 per
607 811 1068 889 emmerentianae
1087 808 1125 872 ἐκ
1138 807 1230 874 Giri-

154 925 195 990 stu,
212 914 285 979 dicct
302 913 454 995 angelum
474 920 622 977 aanctnm
654 913 703 976 itia
723 928 787 977 nou
808 909 943 987 rdeue,
964 913 1022 992 qul
1042 912 1075 974 ln
1105 912 1228 976 malitia

154 1025 295 1077 nannum
315 1014 418 1094 (decet
438 1011 574 1096 aliquid)
596 1019 725 1094 tempua
746 1005 945 1076 lniidelitatie
964 1011 1028 1076 eutr
1046 1011 1169 1090 inpelle
1181 1029 1233 1076 eo·

154 1123 224 1178 nure
240 1133 316 1194 cram
330 1123 381 1179 eal
401 1121 475 1196 poet
490 1113 781 1193 regenerationem,
803 1115 862 1195 qui
877 1128 935 1176 noa
956 1115 1090 1192 proprio
1102 1112 1233 1192 conpul-

153 1233 181 1278 rc
196 1213 330 1293 redemit,
351 1215 469 1294 angelo
489 1220 599 1278 rancto
618 1220 653 1277 ct
673 1219 809 1294 propter
830 1213 1020 1276 munditiem
1042 1210 1157 1276 taciem
1168 1209 1229 1276 liei
1256 1211 1260 1218 “

154 1315 257 1393 ridenti,
271 1315 378 1380 trudit.
393 1312 503 1380 Tertio
529 1317 605 1380 item
627 1315 727 1397 uulua
740 1313 805 1378 locl
827 1312 902 1377 talio
921 1331 991 1377 eaae
1010 1321 1111 1395 quent
1130 1331 1231 1394 expo·

151 1416 215 1482 titio:
233 1417 297 1482 ieri
316 1435 412 1499 poare
430 1417 566 1494 ecilicct,
586 1421 625 1482 ut
644 1414 920 1498 quemadmodum
940 1415 983 1477 ab
1002 1415 1231 1481 incredulitate

152 1515 294 1595 rdldcm,
315 1519 358 1582 ab
377 1519 606 1584 incontinentia
627 1517 667 1581 ed
689 1517 882 1593 caetitatem,
910 1525 945 1579 et
965 1517 1117 1580 univerae
1138 1532 1156 1579 r
1178 1533 1233 1581 ne·

151 1619 228 1700 pitia
246 1621 283 1684 rd
305 1624 461 1687 virtutem
472 1621 570 1685 lronro
592 1620 807 1684 convertitur:
824 1619 870 1682 ita
889 1626 922 1682 et
936 1618 991 1682 eui
1011 1620 1137 1681 enimee
1149 1635 1231 1683 cura

151 1721 281 1784 rutinae
300 1727 380 1787 ortu
395 1723 562 1787 commisce
584 1728 644 1797 eat,
661 1721 766 1786 mulne
787 1721 880 1785 initio
892 1736 962 1784 erae
983 1721 1092 1802 poerit.
1109 1715 1233 1786 Deinde

152 1835 210 1884 rere
226 1839 285 1903 qna
305 1823 518 1904 proportione
538 1821 642 1885 credit
662 1821 700 1898 ir,
722 1819 779 1901 qul
799 1820 861 1884 allet
884 1820 1022 1885 traditor
1043 1827 1103 1897 cat,
1119 1820 1233 1885 eodem

151 1930 173 1983 et
187 1923 244 2003 lpec
262 1925 395 2004 credal;
416 1931 450 1989 at
470 1931 575 1989 tantoa
596 1922 694 1988 iaciat
713 1936 919 2004 propreaaua,
941 1929 980 1987 ot
1001 1932 1086 1987 unua
1113 1940 1156 1987 ex
1176 1941 1233 1988 au·

151 2023 209 2102 edi
227 2024 335 2091 taeicm
359 2025 486 2103 Putria,
507 2026 566 2108 qul
590 2027 623 2089 ln
643 2024 744 2090 uuella
764 2033 813 2089 eat
823 2069 835 2104 ,
856 2041 987 2106 semper
1013 2027 1234 2108 aperientibus

152 2123 290 2191 eiciatur.
324 2125 421 2191 luitlo
452 2126 525 2191 inde
557 2126 665 2204 lecto,
697 2127 976 2210 eiconjuupttur,
1000 2125 1080 2207 qul,
1111 2133 1149 2191 ut
1173 2127 1235 2190 troc

153 2231 270 2308 tenpore
288 2227 416 2306 credat,
440 2229 608 2309 praerlana
628 2236 677 2293 eat
699 2237 731 2292 et
752 2228 1011 2309 prandeatlnatua
1031 2233 1093 2292 etc.
1118 2247 1136 2286 a
1160 2227 1235 2292 Per·

152 2327 301 2404 &tunde
321 2328 494 2394 Gloraalor
514 2330 597 2394 lianc
618 2329 792 2394 trinitatem
812 2337 1009 2394 ostentanda
1025 2331 1237 2396 eimllilndlne

152 2427 196 2490 rirl
211 2445 282 2510 erpa
301 2447 443 2495 uxorem
465 2437 498 2494 et
517 2431 558 2494 nd
578 2432 730 2511 inriccm3
746 2449 822 2497 cnm
844 2449 929 2496 unua
946 2449 989 2496 er
1010 2433 1146 2496 alteriue
1160 2442 1237 2513 ope·

153 2543 178 2589 ra
194 2531 411 2596 conrutitnra
433 2531 530 2595 etita
551 2531 591 2596 de
611 2531 770 2597 doemone
790 2532 929 2598 dominia
949 2534 993 2614 pll
1013 2533 1144 2610 comite,
1166 2533 1238 2598 liert

153 2635 243 2706 intrat,
264 2637 341 2695 uta
363 2628 452 2695 malo
471 2631 504 2696 in
525 2626 647 2697 bouum
668 2632 790 2697 redeat.

205 2729 326 2797 irtacus
342 2747 423 2797 raro
438 2729 613 2816 interpres,
633 2736 873 2816 colledunum
893 2737 1021 2800 excutit
1035 2736 1237 2821 lluonyruua,

153 2829 198 2895 loe
214 2834 334 2899 tratum
356 2833 476 2900 tellum
497 2840 604 2900 ndtatr
629 2855 646 2895 a
668 2832 734 2912 Qui
755 2844 866 2900 eutem
896 2836 967 2900 ruit
987 2853 1030 2899 ex
1050 2853 1107 2911 eo,
1140 2836 1243 2900 nouri-

152 2929 224 2994 nilus
241 2933 309 3000 deri
330 2935 484 3015 eupolum
504 2937 701 3018 adjutorem,
724 2953 767 2999 ex
787 2953 855 3017 qno
876 2950 935 3016 per
954 2933 1125 3002 larecruru
1146 2954 1237 3017 repe·

152 3034 299 3100 undena
320 3033 398 3101 lecti
418 3045 494 3101 aunt
515 3045 592 3102 lonc
612 3039 678 3101 nati
699 3038 835 3104 inlentea
857 3040 890 3102 iu
910 3039 1054 3115 tlnrieto,
1077 3036 1162 3101 dicet
1176 3055 1240 3103 nou

151 3148 202 3196 erra
225 3135 392 3214 credibile,
414 3139 581 3203 lnaeueatle
611 3146 644 3203 et
665 3137 842 3204 incredulis
862 3146 896 3204 et
916 3141 1101 3204 errantibus
1121 3147 1153 3203 et
1173 3159 1241 3203 cer·

151 3233 285 3304 renutu·
295 3239 464 3304 decideriia
477 3241 573 3304 terlio
588 3247 623 3304 et
632 3241 817 3317 immundis,
828 3243 860 3303 iu
877 3240 998 3304 malitie
1010 3248 1043 3305 et
1055 3239 1172 3303 invidio
1185 3242 1239 3305 dc·

151 3337 285 3416 tudina,
300 3338 476 3405 odtblllbna
493 3349 527 3404 et
544 3340 727 3406 odientibus
746 3343 896 3418 invicem,
909 3343 1089 3407 lornlcuriis
1101 3351 1135 3407 et
1148 3340 1242 3407 adul·

151 3439 564 3516 centumcentumn
578 3443 800 3507 musculorum
815 3441 1092 3521 concubitoribus,
1109 3444 1243 3508 latroni·

152 3533 381 3607 buetalumete
399 3547 499 3623 utque
512 3541 845 3624 rapacinuepreeerae
856 3542 1008 3624 eupolum
1029 3554 1190 3618 sanctum,
1207 3553 1243 3608 ut

152 3642 312 3709 munietur
323 3643 357 3707 iu
368 3641 557 3724 huiuamodi
571 3644 697 3709 actious
711 3644 861 3722 lronriola,
873 3646 927 3708 ‘cni
947 3645 1043 3709 datua
1056 3653 1106 3710 eat
1118 3653 1238 3712 cuetoa.

152 3733 252 3806 Saiaat
270 3745 371 3809 nomo
390 3742 521 3824 quidem
542 3744 575 3807 lu
596 3751 742 3825 tempore
763 3743 958 3810 lntldelltatis
977 3762 1058 3810 auae
1078 3755 1110 3810 et
1131 3764 1244 3828 peeca-

154 3843 239 3906 torum
257 3861 397 3912 auorum
412 3859 454 3912 nx
468 3844 655 3910 lnndelltate
670 3847 883 3923 nnadcntium,
899 3846 962 3910 aule
977 3847 1099 3927 eugellu
1112 3854 1243 3914 eataune

153 3945 345 4023 “niridano
359 3946 506 4028 mullpula
518 3949 552 4011 et
565 3945 737 4010 immuudta
757 3943 944 4011 doemontie.
960 3946 1043 4012 Cum
1064 3955 1174 4012 notem
1190 3967 1244 4014 en·

153 4046 267 4123 ”marii
285 4047 398 4123 iidem,
419 4051 496 4113 tnnn
516 4046 677 4124 Chriatna,
698 4047 756 4128 qni
777 4053 826 4110 cat
847 4045 1061 4127 Redemptor,
1084 4065 1151 4128 qno
1171 4065 1244 4129 pre·

155 4137 188 4206 tio
203 4148 247 4211 erl
266 4151 430 4232 aanpnlnle
450 4167 526 4214 enm
546 4147 683 4214 redemit
702 4165 722 4212 n
744 4147 889 4228 malignis
902 4148 1096 4223 doemooite,
1112 4149 1244 4213 creden·

156 4251 205 4309 ten
221 4249 251 4313 ln
270 4249 389 4330 neum,
416 4251 514 4316 tradit
535 4267 611 4316 eum
631 4250 746 4331 angelo
766 4255 890 4327 eructo,
912 4256 946 4312 et
962 4255 1097 4330 propter
1120 4251 1244 4317 mundi·

157 4343 214 4410 lien
230 4367 356 4434 temper
376 4351 497 4418 ridenti
522 4352 637 4416 lactem
659 4350 777 4415 Patria.
797 4369 814 4408 n
835 4347 918 4416 Cum
939 4350 1041 4430 igitur
1059 4352 1106 4412 ita
1130 4369 1165 4414 ee
1186 4351 1242 4414 hu·

158 4443 214 4512 iet
230 4461 319 4520 retua
340 4452 590 4535 interpretatio,
612 4466 651 4516 ac
672 4461 807 4533 procede
830 4450 874 4513 ini
895 4450 1133 4528 deriderentur,
1156 4469 1241 4532 qnae

160 4545 321 4636 lnoopmua
342 4571 478 4638 praecm
509 4559 732 4630 commentus,
756 4554 860 4619 textui
882 4571 943 4617 eno
970 4551 1125 4617 inseruit:
1149 4561 1241 4618 extra
