3375 5567
176 816 249 880 gaen
266 802 336 867 milti
357 805 528 881 minitaris,
549 809 606 887 qni
626 807 666 870 ad
690 814 817 888 lempna
836 807 1022 872 exardescit
1034 809 1091 875 lile
1105 710 1256 893 quidem?

175 903 217 964 aed
235 905 322 983 paulo
341 914 413 986 post
433 909 638 989 extinguitur
657 910 796 990 penitae.
819 908 941 973 Verum
960 911 1055 976 illum
1075 911 1181 993 ignem
1203 913 1255 978 in·

175 1004 225 1065 tnri
234 1003 335 1085 judicii
347 1006 386 1069 ad
403 1016 598 1087 perpetuam
613 1009 788 1089 inpiorum
808 1011 1007 1091 supplicium
1019 1020 1054 1076 ct
1069 1014 1254 1078 cruciatum

174 1115 362 1181 murratum,
384 1109 515 1172 omnino
535 1110 666 1190 ignoras
688 1110 905 1187 (Proconsuli.
928 1132 945 1171 ιι
969 1110 1016 1175 lta
1040 1114 1139 1177 tradit
1153 1112 1256 1178 linae·

173 1204 271 1270 tinia
289 1206 430 1273 Historia
453 1211 544 1275 Eccl.
575 1212 644 1275 uto.
669 1212 723 1275 lV.
745 1234 774 1279 c.
806 1213 855 1281 ll.
882 1214 1032 1279 Glemona
1061 1216 1255 1281 alexandri-

172 1324 217 1369 ιιι
233 1308 261 1370 in
279 1307 347 1371 tu.
372 1308 431 1375 lll.
457 1310 647 1392 Paedagogi.
673 1333 701 1377 c.
718 1312 775 1377 xt.
795 1320 982 1377 ceterorum
998 1313 1133 1377 Patrnm
1150 1332 1254 1390 more,

171 1410 283 1488 cupit:
299 1432 316 1471 ιι
330 1410 364 1473 lu
380 1413 624 1491 pulchritudine
644 1416 729 1477 cuim
751 1416 899 1478 mulieris
913 1415 1008 1478 nolti
1024 1417 1149 1480 seducti
1163 1426 1252 1497 eunt3

172 1518 196 1571 ιι
210 1528 245 1571 ιι
262 1528 297 1573 ca
315 1520 471 1591 ιιιιιιιιιιιι
492 1516 573 1593 iunia
593 1515 784 1579 accenditur
803 1516 959 1591 amicitia,
979 1532 1067 1595 unac
1085 1516 1125 1579 ad
1147 1518 1253 1597 ignem

171 1608 241 1675 ducit
256 1606 503 1685 ὠιιιτιέιιαιιστοιι
522 1604 687 1693 nunqnam
709 1615 903 1679 deaitnrnm.
927 1636 947 1673 ιι

232 1714 380 1781 llioutina
404 1717 497 1781 Felix
517 1719 620 1781 seculi
643 1719 730 1782 tertii
751 1718 869 1793 initio,
889 1736 992 1798 prope
1014 1717 1111 1782 daem
1131 1718 1254 1799 dialogi

171 1816 288 1895 incripti
316 1815 471 1881 (lctnot'ua
498 1836 541 1883 ea
573 1817 752 1882 Biblioruna
770 1822 952 1881 ‘sacrorum
983 1820 1179 1883 anctoritate
1207 1828 1255 1882 at·

171 1932 220 1994 qne
236 1919 436 1981 ethnicorum
459 1921 673 1994 monimentis,
690 1934 871 2008 poenarum
886 1920 973 1999 apud
994 1920 1117 1982 inferna
1141 1937 1257 2001 perpe·

171 2026 239 2081 tntu
257 2018 393 2084 adatrnit
411 2022 619 2084 durationem
650 2022 824 2101 inquiens:
848 2042 867 2080 ιι
892 2020 1138 2099 Expectandum
1164 2022 1255 2085 nobie

170 2118 246 2180 adam
264 2123 411 2201 corporis
426 2137 485 2184 rar
502 2130 561 2185 eat.
578 2120 646 2185 Neo
661 2122 776 2201 ignoro
793 2122 970 2202 plerosque
983 2122 1175 2187 conscientia
1191 2142 1258 2185 mc·

171 2220 285 2284 litorum
303 2222 385 2284 nihil
405 2236 441 2285 ae
461 2240 532 2286 crae
552 2232 624 2301 post
646 2230 783 2285 mortem
808 2223 908 2302 magia
928 2230 1055 2301 optare,
1070 2240 1171 2304 quarn
1186 2243 1257 2287 cro·

169 2319 237 2384 darc.
257 2322 384 2388 dlalnnt
402 2324 489 2386 caim
509 2324 656 2403 extingui
672 2324 799 2403 peritus
814 2339 913 2404 qnam
931 2324 971 2385 ad
989 2324 1148 2405 supplicia
1165 2342 1258 2405 repa·

170 2424 232 2502 nn'3
249 2440 391 2505 quornm
410 2440 509 2486 error
528 2433 681 2503 angetur,
703 2431 738 2487 et
757 2423 789 2486 in
809 2424 924 2487 econio
937 2423 1091 2487 libertate
1110 2425 1256 2502 remota,

170 2518 215 2586 dcl
231 2528 375 2604 patientia
396 2527 554 2602 maai-a,
572 2525 668 2607 onina
688 2530 811 2605 quanto
830 2524 1154 2606 jndicinm'tardnm,
1168 2533 1257 2589 ιιιιιο

169 2626 245 2703 napi
260 2626 387 2707 justam
406 2633 465 2689 eat.
482 2622 532 2687 'ut
553 2632 660 2690 tameo
680 2626 898 2689 admonentur
918 2626 1088 2689 hominum
1111 2626 1259 2691 doctiaai·

170 2739 273 2789 nom
291 2726 387 2790 libris
406 2726 664 2790 nt‘earminiltna.
679 2734 852 2807 poetarum
876 2726 967 2790 illins
987 2728 1073 2806 ignei
1093 2724 1255 2804 duminio,

169 2829 239 2893 etde
254 2832 355 2913 stygia
379 2828 501 2909 palude
520 2830 651 2907 saepius
672 2829 842 2892 ambientis
863 2828 1005 2904 ardoris,
1026 2845 1112 2907 qnae
1132 2832 1259 2893 orucia-

169 2926 235 2991 tiint
251 2932 390 2992 aeternio
409 2935 615 3008 praeparata,
638 2936 671 2991 ct
691 2929 887 2991 doemonum
910 2927 1048 3003 indiciis,
1070 2936 1103 2990 et
1123 2928 1164 2990 de
1184 2948 1260 2990 ora·

169 3028 233 3092 arlia
242 3028 480 3113 Prophetarum
491 3031 616 3110 cognita
631 3031 843 3095 tradiderunt.
857 3029 898 3093 Et
909 3030 982 3093 ideo
993 3028 1080 3113 apud
1095 3049 1150 3093 eoa
1161 3034 1258 3094 etiam

169 3126 220 3205 itan
234 3146 286 3195 rea
305 3132 323 3196 l
328 3134 440 3213 opiter
454 3148 514 3211 por
523 3140 695 3207 torrenten,
708 3134 794 3213 ripae
807 3140 839 3197 et
849 3140 954 3197 atram
970 3132 1156 3212 voraginem
1166 3133 1259 3214 jurat

169 3228 302 3309 religione.
325 3232 525 3295 unsunatcm
546 3232 631 3295 oalm
652 3230 712 3295 eibi
734 3244 809 3297 noun
830 3235 898 3297 onia
919 3233 1102 3297 cultoriltnr
1123 3250 1259 3313 poenm

168 3334 307 3405 pracaciun
321 3335 556 3415 perhorrescit3
569 3350 629 3397 noo
640 3334 807 3397 tormentit
819 3343 876 3398 ant
887 3334 1003 3399 modna
1015 3334 1105 3398 nllna
1118 3339 1179 3396 ant
1193 3342 1260 3396 ter·

169 3430 263 3495 uiant.
275 3431 347 3497 lllic
359 3436 488 3513 sapiam
499 3434 579 3515 ignis
590 3435 734 3497 membra
753 3435 832 3510 urit,
844 3444 877 3495 nt
890 3435 1010 3511 reiicit,
1025 3437 1143 3515 carpit,
1154 3440 1188 3498 ct
1200 3452 1261 3498 nn·

170 3532 213 3594 trit
227 3532 305 3598 nient
325 3538 418 3615 ignca
445 3534 621 3599 fulminum
637 3551 776 3615 corpora
793 3542 952 3616 tangunt,
971 3554 1032 3599 noc
1045 3538 1257 3600 altanmnnt.»

228 3632 379 3699 'latianua
400 3635 554 3720 Assyrius
574 3639 607 3699 iu
628 3637 776 3700 oratione
796 3644 909 3700 contra
926 3634 1070 3700 Graecos
1084 3638 1128 3699 ita
1142 3636 1258 3716 dogma
1287 3693 1291 3699 .

170 3730 200 3794 de
214 3740 398 3800 aeternitate
423 3753 604 3818 poenarum
627 3746 691 3801 tam
714 3738 926 3801 doemonibus
947 3748 1011 3801 tam
1033 3737 1143 3817 prurio
1156 3737 1260 3800 laomi-

169 3831 244 3897 tilor
262 3836 509 3919 tntigmdarnm
530 3840 644 3903 statuit
667 3855 699 3900 n.
721 3834 773 3908 tt.
794 3834 858 3901 152
881 3858 900 3895 ιι
922 3835 1037 3916 Neque
1063 3844 1140 3900 tnnc
1161 3836 1260 3913 (doe-

171 3940 277 4015 nonca)
299 3940 385 4001 ritae
406 3946 557 4001 aeternae
580 3940 753 4019 participer
775 3948 886 4017 ernnt3
907 3924 962 4001 aed
984 3945 1123 4001 mortem
1145 3956 1259 4017 quam·

171 4032 227 4096 dan
243 4037 274 4100 io
288 4040 535 4103 immortalitate
551 4040 731 4102 sortientur
747 4084 858 4103 .....
874 4038 1156 4115 anmadmodnm
1174 4039 1258 4100 enim

171 4148 214 4197 am
230 4156 308 4203 nnnc
330 4140 425 4205 facilc
447 4139 531 4203 tnorl
552 4142 740 4220 contingat,
762 4149 872 4221 postca
902 4159 977 4203 oum
1002 4141 1169 4218 voluptate
1197 4141 1256 4201 irn-

172 4242 376 4305 mortalitatem
400 4242 453 4305 rel
481 4242 629 4305 dolorem
658 4260 733 4305 cum
763 4243 1009 4306 immortalitate
1037 4240 1256 4321 percipimur,

174 4338 320 4410 praedictis
340 4350 452 4405 antem
472 4342 684 4409 doemonibus
706 4344 745 4405 ad
767 4360 886 4407 aevum
906 4338 1143 4405 interminabile
1157 4342 1258 4419 magia

173 4450 284 4510 muare
302 4444 466 4523 continget
468 4486 583 4505 .....
599 4444 777 4526 Propterea
800 4444 994 4510 doemonum
1013 4448 1129 4506 natura
1151 4441 1258 4524 poeni·

95 4630 96 4647 χ
176 4538 271 4605 undae
289 4543 397 4608 locunt
418 4558 482 4607 non
505 4536 610 4610 labet.
635 4564 651 4604 ι
