3375 5567
403 729 481 778 suos
502 711 707 777 uniformiter
727 729 853 794 gerere,
876 712 957 777 ntleo
979 722 1016 778 ut
1039 717 1092 778 vix
1113 711 1352 776 baereticorum
1377 721 1433 782 ant
1453 713 1504 776 im·

403 817 532 897 piorum
553 828 654 878 nuum
675 813 707 876 in
728 815 862 879 historia
884 817 1056 896 repereris,
1079 815 1147 896 qui,
1171 815 1260 896 quod
1280 823 1385 878 mente
1398 821 1501 877 contra

405 916 575 981 veritatem
597 920 755 998 concepit,
777 917 873 980 etiam
896 937 958 982 non
979 917 1133 998 operibus
1154 917 1351 996 ostenderit3
1374 925 1407 979 et
1421 935 1507 996 prae·

402 1022 514 1084 sertim
534 1022 561 1082 si
584 1021 656 1084 talis
677 1018 902 1083 consideretur
922 1020 1158 1083 commentitius
1183 1035 1361 1099 pravorum
1387 1017 1509 1098 ‹logma-

404 1127 474 1185 tam
503 1120 679 1194 cumulus,
701 1136 842 1202 qnorum
865 1121 1054 1201 magistrum
1076 1121 1188 1182 baberi
1220 1118 1317 1182 velint
1345 1117 1510 1199 Origeaent
1607 1185 1608 1190 ,

403 1224 495 1292 istius
518 1225 635 1287 hostes.
653 1221 832 1287 Haeccsnus
853 1223 998 1286 recensio
1015 1237 1195 1300 earumque
1212 1219 1394 1300 principum
1408 1236 1510 1281 coram

403 1324 552 1388 omnibus
572 1332 637 1387 stat
653 1331 715 1387 tum
733 1324 846 1386 mentis
872 1331 938 1385 tatu
963 1322 1069 1385 cordis
1085 1320 1252 1401 depravati
1275 1322 1398 1400 insigne
1418 1321 1510 1382 moui·
1607 1317 1608 1328 *

361 1449 368 1464 x
402 1432 569 1487 mentum:
594 1427 649 1506 qui
671 1426 767 1488 sicuti
788 1423 863 1487 iidei
884 1424 1031 1487 sincerae
1054 1423 1232 1486 restiterint
1248 1437 1312 1485 nna
1336 1421 1434 1486 simul
1447 1439 1512 1486 cor·
1607 1433 1608 1490 ἲ

402 1523 450 1588 tiis
474 1527 718 1603 corruptionem
749 1523 923 1600 trabentes,
942 1532 978 1586 ut
999 1525 1045 1585 ait
1070 1523 1258 1604 Apostolus,
1281 1530 1315 1585 et
1336 1521 1510 1585 execranda
1607 1553 1608 1558 κ

401 1627 585 1699 sentientes,
608 1624 789 1688 execrantia
810 1625 934 1705 operati
957 1635 1042 1688 suut.
1067 1623 1278 1706 Quapropter
1298 1625 1324 1687 si
1352 1625 1428 1686 talia
1450 1641 1511 1686 seu·
1607 1709 1608 1714 ἵ

400 1727 493 1788 sisset
513 1725 681 1807 Origenes,
704 1746 765 1790 ceu
786 1726 827 1788 ab
848 1725 1043 1789 adversariis
1065 1725 1287 1802 insimulatur,
1318 1726 1465 1807 prolecto
1484 1727 1510 1787 ia
1604 1715 1608 1778 a*

400 1842 463 1888 suo
486 1828 571 1890 vitae
591 1828 747 1907 regimine
769 1828 809 1888 ab
828 1828 919 1890 initio
934 1828 973 1889 ati
990 1827 1097 1904 tinem,
1115 1827 1320 1902 falsitatibus,
1336 1844 1420 1907 quas
1447 1842 1512 1906 pro·

404 1923 507 1988 lessus
518 1935 578 2002 est,
604 1928 838 1990 consectarium
854 1929 886 1989 in
912 1926 1105 1990 moribusse
1131 1926 1381 1991 accommodare
1393 1927 1510 1989 debuis-

400 2027 624 2090 scriberetur.
642 2027 791 2092 Attamen
805 2029 878 2108 quis
890 2031 1016 2108 ignoret
1028 2027 1177 2107 Origcnis
1193 2029 1276 2090 vitae
1291 2029 1510 2091 austeritatem

399 2128 556 2207 singulari
571 2129 696 2193 ratione
709 2134 871 2205 exactam,
889 2129 928 2191 de
943 2147 1007 2210 qne
1022 2147 1085 2191 non
1111 2128 1218 2190 solum
1235 2128 1402 2192 dubitasti
1427 2145 1512 2190 uento

401 2230 458 2310 qui
483 2229 578 2291 libem
605 2231 734 2294 tenebat
754 2230 985 2307 orthodoxam,
1011 2230 1066 2293 sed
1088 2237 1121 2292 et
1136 2230 1300 2304 baeretici,
1317 2247 1358 2292 ac
1380 2230 1513 2308 gentium

399 2328 584 2410 philosophi
605 2329 768 2407 admirati,
783 2332 933 2396 obtestati
949 2341 1036 2408 sunt,
1050 2331 1181 2394 labores
1196 2332 1366 2405 nimirum,
1383 2330 1511 2409 vigilias,

396 2429 533 2510 jejunio,
558 2435 757 2508 vexationes,
780 2448 954 2507 carceres,
980 2439 1162 2507 tormenta,
1184 2431 1335 2494 eximium
1360 2431 1393 2492 in
1416 2427 1511 2492 llenm

400 2531 571 2611 pietatem,
593 2535 625 2596 iu
653 2535 840 2614 proximum
863 2534 1073 2608 charitatem,
1097 2535 1129 2597 iu
1154 2535 1320 2614 episcopos
1345 2532 1513 2595 observan-

398 2630 500 2709 tiam,
524 2637 555 2697 in
576 2633 770 2699 (lutbetiram
792 2633 971 2698 Romanam
992 2636 1199 2714 obsequium,
1222 2635 1266 2696 itu
1289 2639 1327 2695 ut
1349 2641 1511 2712 stuporem

400 2729 433 2791 in
455 2730 610 2804 ecclesiis,
630 2749 668 2794 ac
688 2732 720 2793 iu
740 2730 858 2794 sanetts
876 2731 953 2792 viris
974 2729 1126 2792 excitarit
1146 2725 1512 2802 aemulationemiQuis

401 2827 450 2892 bis
471 2832 634 2894 contraire
654 2829 801 2912 poterit?

481 2928 625 3012 iocoque
653 2939 784 3013 practer
807 2950 1011 2997 communem
1039 2933 1281 2996 baereticorum
1310 2930 1512 2995 cousuetudi-

308 3024 315 3033 '
398 3045 485 3106 nent,
508 3033 549 3109 (si
571 3037 638 3113 ipse
661 3052 775 3098 resera
797 3035 962 3110 errasset)
983 3033 1157 3113 Origeuem
1181 3033 1345 3096 incessisse
1370 3039 1509 3113 patoret;

399 3135 520 3211 quippe
540 3151 615 3195 cum
638 3144 723 3197 tonte
744 3153 803 3197 ore
824 3142 858 3196 et
878 3135 1000 3214 scripto
1015 3134 1278 3215 blasphemasset,
1295 3133 1398 3198 corde
1413 3143 1509 3195 tamea

396 3248 523 3313 parere,
546 3243 688 3314 actuque
703 3234 830 3315 operari
848 3236 1050 3315 neglexisset.
1069 3233 1114 3296 ltu
1129 3250 1205 3298 saue
1218 3243 1289 3299 est:
1311 3236 1394 3298 baec
1411 3236 1508 3298 omnia

397 3335 532 3399 nescivit
551 3335 719 3417 Origenes,
741 3337 920 3416 quinimmo
941 3336 1090 3416 despuit,
1115 3335 1293 3412 retulerit,
1325 3335 1507 3400 abborruit·

396 3447 473 3515 qtae,
495 3437 617 3516 insigne
637 3445 671 3499 et
693 3439 987 3519 praeclarissimum
1002 3432 1187 3517 exemplum
1203 3438 1425 3518 abnegationis
1438 3449 1508 3502 snae

397 3539 577 3615 posteritati
600 3540 768 3618 praebens,
791 3557 830 3602 ac
851 3538 958 3603 nobile
978 3537 1194 3603 testimonium
1210 3539 1345 3602 residens
1363 3539 1444 3604 lesu
1458 3541 1509 3600 tio

399 3640 534 3712 ctriuae,
558 3639 672 3702 tollens
694 3657 826 3704 crucem
848 3657 939 3703 suam
951 3659 962 3720 ;
986 3647 1018 3702 st
1038 3639 1183 3720 quotidie
1208 3643 1275 3703 iens
1297 3650 1369 3720 post
1397 3640 1508 3704 Christi

400 3739 543 3818 vestigia.
567 3735 661 3814 Quae
680 3757 756 3802 cum
777 3742 823 3805 sic
843 3759 878 3803 so
899 3740 1060 3815 babeant,
1084 3740 1157 3802 binc
1182 3753 1315 3821 quoquc
1335 3759 1378 3805 uc
1399 3742 1430 3803 in
1458 3739 1506 3801 ab·

398 3839 535 3903 surdum
560 3839 715 3917 otientias,
738 3843 916 3905 innocuum
933 3840 973 3902 ab
989 3841 1150 3905 haeretica
1165 3842 1326 3921 pravitate
1340 3841 1506 3922 Origcoem

397 3937 578 4002 necessario
599 3939 751 4016 evasisse,
776 3941 831 4002 tibi
854 3940 1018 4002 latentium
1041 3939 1114 4003 erit.

932 4139 976 4203 itt

398 4312 402 4319 ’
446 4378 450 4384 ·
481 4339 561 4404 item
577 4342 649 4406 binc
664 4341 736 4408 iude
756 4343 826 4408 stre
842 4346 1061 4426 undequaque
1078 4347 1318 4410 contrariorum
1342 4359 1507 4426 argumen-

398 4439 438 4502 tla
458 4439 634 4521 disquisitio
654 4458 693 4506 ac
714 4441 838 4521 dilutis,
861 4452 894 4509 ot
914 4445 976 4508 bos
997 4445 1249 4530 nobisxmirnm,
1270 4443 1372 4526 qaod,
1393 4443 1505 4508 taitbtu
