<?xml version="1.0" encoding="UTF-8"?>
<!DOCTYPE html PUBLIC "-//W3C//DTD XHTML 1.0 Transitional//EN"
    "http://www.w3.org/TR/xhtml1/DTD/xhtml1-transitional.dtd">
<html xmlns="http://www.w3.org/1999/xhtml" xml:lang="en" lang="en">
 <head>
  <title>
</title>
<meta http-equiv="Content-Type" content="text/html;charset=utf-8" />
  <meta name='ocr-system' content='tesseract 3.04.00' />
  <meta name='ocr-capabilities' content='ocr_page ocr_carea ocr_par ocr_line ocrx_word'/>
</head>
<body>
  <div class='ocr_page' id='page_1' title='image "./insgregoriinyss02vincgoog/insgregoriinyss02vincgoog_0030.png"; bbox 0 0 3375 5567; ppageno 0'>
   <div class='ocr_carea' id='block_1_1' title="bbox 284 786 1500 2789">
    <p class='ocr_par' dir='ltr' id='par_1_1' title="bbox 353 786 1475 1477">
     <span class='ocr_line' id='line_1_1' title="bbox 358 786 1475 871; baseline -0.005 -14"><span class='ocrx_word' id='word_1_1' title='bbox 358 793 566 857; x_wconf 85' lang='lat' dir='ltr'>contnminati</span> <span class='ocrx_word' id='word_1_2' title='bbox 585 789 729 865; x_wconf 87' lang='lat' dir='ltr'>inerint,</span> <span class='ocrx_word' id='word_1_3' title='bbox 750 788 856 869; x_wconf 72' lang='lat' dir='ltr'>inque</span> <span class='ocrx_word' id='word_1_4' title='bbox 874 788 957 855; x_wconf 90' lang='lat' dir='ltr'>adeo</span> <span class='ocrx_word' id='word_1_5' title='bbox 978 788 1105 871; x_wconf 73' lang='lat' dir='ltr'>iniustis</span> <span class='ocrx_word' id='word_1_6' title='bbox 1126 786 1326 851; x_wconf 73' lang='lat' dir='ltr'>facinoribus</span> <span class='ocrx_word' id='word_1_7' title='bbox 1344 788 1475 851; x_wconf 83' lang='lat' dir='ltr'>inseno-</span> 
     </span>
     <span class='ocr_line' id='line_1_2' title="bbox 359 887 1471 971; baseline -0.002 -18"><span class='ocrx_word' id='word_1_8' title='bbox 359 892 439 956; x_wconf 83' lang='lat' dir='ltr'>ltiles</span> <span class='ocrx_word' id='word_1_9' title='bbox 461 890 646 964; x_wconf 75' lang='lat' dir='ltr'>extiterint,</span> <span class='ocrx_word' id='word_1_10' title='bbox 668 899 899 971; x_wconf 88' lang='lat' dir='ltr'>proponuntur</span> <span class='ocrx_word' id='word_1_11' title='bbox 918 890 1090 954; x_wconf 82' lang='lat' dir='ltr'>dumtaxat</span> <span class='ocrx_word' id='word_1_12' title='bbox 1111 888 1282 968; x_wconf 72' lang='lat' dir='ltr'>exemplat</span> <span class='ocrx_word' id='word_1_13' title='bbox 1305 887 1365 969; x_wconf 88' lang='lat' dir='ltr'>ipsi</span> <span class='ocrx_word' id='word_1_14' title='bbox 1388 905 1471 951; x_wconf 85' lang='lat' dir='ltr'>vero</span> 
     </span>
     <span class='ocr_line' id='line_1_3' title="bbox 359 988 1472 1073; baseline -0.003 -17"><span class='ocrx_word' id='word_1_15' title='bbox 359 993 486 1057; x_wconf 89' lang='lat' dir='ltr'>nullum</span> <span class='ocrx_word' id='word_1_16' title='bbox 517 992 591 1056; x_wconf 86' lang='lat' dir='ltr'>lude</span> <span class='ocrx_word' id='word_1_17' title='bbox 612 994 743 1071; x_wconf 89' lang='lat' dir='ltr'>capiunt</span> <span class='ocrx_word' id='word_1_18' title='bbox 773 992 1020 1073; x_wconf 76' lang='lat' dir='ltr'>adiumentum,</span> <span class='ocrx_word' id='word_1_19' title='bbox 1043 991 1164 1072; x_wconf 79' lang='lat' dir='ltr'>quippe</span> <span class='ocrx_word' id='word_1_20' title='bbox 1191 990 1248 1069; x_wconf 83' lang='lat' dir='ltr'>qni</span> <span class='ocrx_word' id='word_1_21' title='bbox 1277 988 1472 1053; x_wconf 71' lang='lat' dir='ltr'>insanabiles</span> 
     </span>
     <span class='ocr_line' id='line_1_4' title="bbox 356 1091 1470 1171; baseline -0.002 -16"><span class='ocrx_word' id='word_1_22' title='bbox 356 1101 443 1157; x_wconf 84' lang='lat' dir='ltr'>snut.</span> <span class='ocrx_word' id='word_1_23' title='bbox 468 1093 531 1156; x_wconf 74' lang='lat' dir='ltr'>Alii</span> <span class='ocrx_word' id='word_1_24' title='bbox 555 1110 635 1156; x_wconf 87' lang='lat' dir='ltr'>tero</span> <span class='ocrx_word' id='word_1_25' title='bbox 658 1093 718 1155; x_wconf 79' lang='lat' dir='ltr'>lios</span> <span class='ocrx_word' id='word_1_26' title='bbox 738 1092 905 1168; x_wconf 81' lang='lat' dir='ltr'>ridentes,</span> <span class='ocrx_word' id='word_1_27' title='bbox 929 1093 1104 1155; x_wconf 77' lang='lat' dir='ltr'>utilitatem</span> <span class='ocrx_word' id='word_1_28' title='bbox 1132 1091 1337 1171; x_wconf 85' lang='lat' dir='ltr'>percipiunt,</span> <span class='ocrx_word' id='word_1_29' title='bbox 1363 1109 1470 1170; x_wconf 82' lang='lat' dir='ltr'>quum</span> 
     </span>
     <span class='ocr_line' id='line_1_5' title="bbox 356 1194 1470 1273; baseline -0.001 -17"><span class='ocrx_word' id='word_1_30' title='bbox 356 1194 508 1258; x_wconf 81' lang='lat' dir='ltr'>videlicet</span> <span class='ocrx_word' id='word_1_31' title='bbox 527 1194 601 1258; x_wconf 87' lang='lat' dir='ltr'>illos</span> <span class='ocrx_word' id='word_1_32' title='bbox 624 1195 854 1272; x_wconf 85' lang='lat' dir='ltr'>conspicantur</span> <span class='ocrx_word' id='word_1_33' title='bbox 875 1201 1010 1273; x_wconf 86' lang='lat' dir='ltr'>propter</span> <span class='ocrx_word' id='word_1_34' title='bbox 1023 1211 1084 1256; x_wconf 86' lang='lat' dir='ltr'>sna</span> <span class='ocrx_word' id='word_1_35' title='bbox 1100 1200 1244 1272; x_wconf 87' lang='lat' dir='ltr'>peccata,</span> <span class='ocrx_word' id='word_1_36' title='bbox 1262 1201 1296 1255; x_wconf 89' lang='lat' dir='ltr'>et</span> <span class='ocrx_word' id='word_1_37' title='bbox 1310 1194 1470 1255; x_wconf 79' lang='lat' dir='ltr'>maximas</span> 
     </span>
     <span class='ocr_line' id='line_1_6' title="bbox 355 1290 1475 1399; baseline 0.006 -41"><span class='ocrx_word' id='word_1_38' title='bbox 355 1302 389 1358; x_wconf 92' lang='lat' dir='ltr'>et</span> <span class='ocrx_word' id='word_1_39' title='bbox 409 1296 675 1359; x_wconf 70' lang='lat' dir='ltr'>torrentissimus</span> <span class='ocrx_word' id='word_1_40' title='bbox 696 1306 730 1360; x_wconf 87' lang='lat' dir='ltr'>et</span> <span class='ocrx_word' id='word_1_41' title='bbox 750 1295 1008 1359; x_wconf 86' lang='lat' dir='ltr'>dolorosissimns</span> <span class='ocrx_word' id='word_1_42' title='bbox 1029 1311 1148 1374; x_wconf 86' lang='lat' dir='ltr'>poenas</span> <span class='ocrx_word' id='word_1_43' title='bbox 1167 1290 1254 1363; x_wconf 76' lang='grc' dir='ltr'><strong><em>κατά</em></strong></span> <span class='ocrx_word' id='word_1_44' title='bbox 1274 1291 1325 1364; x_wconf 82' lang='lat' dir='ltr'>d&#39;ui</span> <span class='ocrx_word' id='word_1_45' title='bbox 1345 1292 1475 1399; x_wconf 68' lang='grc' dir='ltr'>χρόνον</span> 
     </span>
     <span class='ocr_line' id='line_1_7' title="bbox 353 1394 707 1477; baseline -0.014 -18"><span class='ocrx_word' id='word_1_46' title='bbox 353 1398 567 1477; x_wconf 89' lang='lat' dir='ltr'>sempiternos</span> <span class='ocrx_word' id='word_1_47' title='bbox 590 1394 667 1477; x_wconf 78' lang='lat' dir='ltr'>p&#39;eti.</span> <span class='ocrx_word' id='word_1_48' title='bbox 691 1416 707 1453; x_wconf 84' lang='lat' dir='ltr'>n</span> 
     </span>
    </p>

    <p class='ocr_par' dir='ltr' id='par_1_2' title="bbox 284 1496 1500 2789">
     <span class='ocr_line' id='line_1_8' title="bbox 315 1496 1471 1583; baseline -0.001 -24"><span class='ocrx_word' id='word_1_49' title='bbox 315 1557 321 1571; x_wconf 85' lang='grc'>,</span> <span class='ocrx_word' id='word_1_50' title='bbox 434 1496 531 1560; x_wconf 88' lang='lat' dir='ltr'>llisce</span> <span class='ocrx_word' id='word_1_51' title='bbox 554 1504 622 1561; x_wconf 87' lang='lat' dir='ltr'>tom</span> <span class='ocrx_word' id='word_1_52' title='bbox 644 1516 684 1560; x_wconf 83' lang='lat' dir='ltr'>ex</span> <span class='ocrx_word' id='word_1_53' title='bbox 706 1497 884 1578; x_wconf 77' lang='lat' dir='ltr'>seripturis</span> <span class='ocrx_word' id='word_1_54' title='bbox 905 1507 938 1564; x_wconf 91' lang='lat' dir='ltr'>et</span> <span class='ocrx_word' id='word_1_55' title='bbox 960 1500 1123 1576; x_wconf 83' lang='lat' dir='ltr'>Patribus,</span> <span class='ocrx_word' id='word_1_56' title='bbox 1140 1508 1264 1562; x_wconf 85' lang='lat' dir='ltr'>tumex</span> <span class='ocrx_word' id='word_1_57' title='bbox 1279 1496 1471 1583; x_wconf 68' lang='lat' dir='ltr'>synogogae</span> 
     </span>
     <span class='ocr_line' id='line_1_9' title="bbox 352 1594 1500 1681; baseline -0.001 -23"><span class='ocrx_word' id='word_1_58' title='bbox 352 1594 516 1676; x_wconf 69' lang='lat' dir='ltr'>magistris</span> <span class='ocrx_word' id='word_1_59' title='bbox 536 1602 569 1659; x_wconf 88' lang='lat' dir='ltr'>et</span> <span class='ocrx_word' id='word_1_60' title='bbox 588 1613 630 1661; x_wconf 75' lang='lat' dir='ltr'>en</span> <span class='ocrx_word' id='word_1_61' title='bbox 652 1596 799 1674; x_wconf 85' lang='lat' dir='ltr'>Platone,</span> <span class='ocrx_word' id='word_1_62' title='bbox 821 1602 1000 1681; x_wconf 78' lang='lat' dir='ltr'>perspicuis</span> <span class='ocrx_word' id='word_1_63' title='bbox 1021 1601 1061 1663; x_wconf 88' lang='lat' dir='ltr'>de</span> <span class='ocrx_word' id='word_1_64' title='bbox 1082 1599 1308 1680; x_wconf 87' lang='lat' dir='ltr'>improborum</span> <span class='ocrx_word' id='word_1_65' title='bbox 1322 1604 1412 1660; x_wconf 85' lang='lat' dir='ltr'>sorio</span> <span class='ocrx_word' id='word_1_66' title='bbox 1434 1597 1470 1657; x_wconf 86' lang='lat' dir='ltr'>in</span> <span class='ocrx_word' id='word_1_67' title='bbox 1491 1648 1500 1667; x_wconf 80' lang='grc'>.,</span> 
     </span>
     <span class='ocr_line' id='line_1_10' title="bbox 353 1697 1471 1780; baseline 0.002 -21"><span class='ocrx_word' id='word_1_68' title='bbox 353 1697 457 1770; x_wconf 77' lang='lat' dir='ltr'>altera</span> <span class='ocrx_word' id='word_1_69' title='bbox 486 1698 549 1760; x_wconf 86' lang='lat' dir='ltr'>vlla</span> <span class='ocrx_word' id='word_1_70' title='bbox 572 1698 664 1761; x_wconf 90' lang='lat' dir='ltr'>nullo</span> <span class='ocrx_word' id='word_1_71' title='bbox 685 1712 828 1779; x_wconf 86' lang='lat' dir='ltr'>nuquom</span> <span class='ocrx_word' id='word_1_72' title='bbox 852 1708 998 1780; x_wconf 88' lang='lat' dir='ltr'>tompore</span> <span class='ocrx_word' id='word_1_73' title='bbox 1017 1700 1184 1774; x_wconf 88' lang='lat' dir='ltr'>mutanda,</span> <span class='ocrx_word' id='word_1_74' title='bbox 1208 1699 1394 1763; x_wconf 84' lang='lat' dir='ltr'>testimoniis</span> <span class='ocrx_word' id='word_1_75' title='bbox 1408 1715 1471 1761; x_wconf 82' lang='lat' dir='ltr'>ex·</span> 
     </span>
     <span class='ocr_line' id='line_1_11' title="bbox 351 1798 1472 1881; baseline 0 -20"><span class='ocrx_word' id='word_1_76' title='bbox 351 1799 483 1875; x_wconf 69' lang='lat' dir='ltr'>cerpus,</span> <span class='ocrx_word' id='word_1_77' title='bbox 507 1798 667 1860; x_wconf 87' lang='lat' dir='ltr'>undenam</span> <span class='ocrx_word' id='word_1_78' title='bbox 690 1816 768 1878; x_wconf 82' lang='lat' dir='ltr'>ergo</span> <span class='ocrx_word' id='word_1_79' title='bbox 790 1798 949 1879; x_wconf 68' lang='lat' dir='ltr'>Origenes</span> <span class='ocrx_word' id='word_1_80' title='bbox 962 1807 996 1861; x_wconf 89' lang='lat' dir='ltr'>et</span> <span class='ocrx_word' id='word_1_81' title='bbox 1018 1798 1182 1881; x_wconf 82' lang='lat' dir='ltr'>Nyssenus</span> <span class='ocrx_word' id='word_1_82' title='bbox 1197 1799 1274 1861; x_wconf 85' lang='lat' dir='ltr'>talia</span> <span class='ocrx_word' id='word_1_83' title='bbox 1295 1798 1472 1864; x_wconf 78' lang='lat' dir='ltr'>didicerint</span> 
     </span>
     <span class='ocr_line' id='line_1_12' title="bbox 349 1898 1468 1982; baseline 0.002 -21"><span class='ocrx_word' id='word_1_84' title='bbox 349 1898 390 1963; x_wconf 92' lang='lat' dir='ltr'>de</span> <span class='ocrx_word' id='word_1_85' title='bbox 411 1900 523 1963; x_wconf 86' lang='lat' dir='ltr'>lutura</span> <span class='ocrx_word' id='word_1_86' title='bbox 545 1901 722 1982; x_wconf 84' lang='lat' dir='ltr'>aliqnando</span> <span class='ocrx_word' id='word_1_87' title='bbox 744 1902 953 1976; x_wconf 88' lang='lat' dir='ltr'>doemonum,</span> <span class='ocrx_word' id='word_1_88' title='bbox 976 1918 1223 1982; x_wconf 79' lang='lat' dir='ltr'>pratorumque</span> <span class='ocrx_word' id='word_1_89' title='bbox 1243 1902 1468 1979; x_wconf 82' lang='lat' dir='ltr'>poenitentia,</span> 
     </span>
     <span class='ocr_line' id='line_1_13' title="bbox 349 1999 1469 2081; baseline 0.003 -21"><span class='ocrx_word' id='word_1_90' title='bbox 349 2000 457 2081; x_wconf 80' lang='lat' dir='ltr'>deque</span> <span class='ocrx_word' id='word_1_91' title='bbox 477 2002 670 2065; x_wconf 90' lang='lat' dir='ltr'>eorumdem</span> <span class='ocrx_word' id='word_1_92' title='bbox 692 2003 724 2064; x_wconf 93' lang='lat' dir='ltr'>in</span> <span class='ocrx_word' id='word_1_93' title='bbox 745 2002 915 2065; x_wconf 85' lang='lat' dir='ltr'>moliorem</span> <span class='ocrx_word' id='word_1_94' title='bbox 935 2011 1057 2067; x_wconf 86' lang='lat' dir='ltr'>statum</span> <span class='ocrx_word' id='word_1_95' title='bbox 1072 2001 1274 2067; x_wconf 72' lang='lat' dir='ltr'>conditione?</span> <span class='ocrx_word' id='word_1_96' title='bbox 1286 2000 1357 2065; x_wconf 83' lang='lat' dir='ltr'>Noc</span> <span class='ocrx_word' id='word_1_97' title='bbox 1369 1999 1469 2066; x_wconf 67' lang='lat' dir='ltr'>Chu-</span> 
     </span>
     <span class='ocr_line' id='line_1_14' title="bbox 351 2100 1468 2185; baseline 0.005 -22"><span class='ocrx_word' id='word_1_98' title='bbox 351 2108 420 2164; x_wconf 87' lang='lat' dir='ltr'>stns</span> <span class='ocrx_word' id='word_1_99' title='bbox 442 2102 567 2179; x_wconf 89' lang='lat' dir='ltr'>docuit,</span> <span class='ocrx_word' id='word_1_100' title='bbox 584 2120 643 2167; x_wconf 90' lang='lat' dir='ltr'>neo</span> <span class='ocrx_word' id='word_1_101' title='bbox 660 2100 810 2183; x_wconf 78' lang='lat' dir='ltr'>Apostoli</span> <span class='ocrx_word' id='word_1_102' title='bbox 831 2108 1005 2168; x_wconf 85' lang='lat' dir='ltr'>commenti</span> <span class='ocrx_word' id='word_1_103' title='bbox 1018 2113 1107 2181; x_wconf 85' lang='lat' dir='ltr'>snut,</span> <span class='ocrx_word' id='word_1_104' title='bbox 1122 2118 1182 2166; x_wconf 88' lang='lat' dir='ltr'>noc</span> <span class='ocrx_word' id='word_1_105' title='bbox 1197 2102 1310 2166; x_wconf 78' lang='lat' dir='ltr'>l’atree</span> <span class='ocrx_word' id='word_1_106' title='bbox 1323 2105 1468 2185; x_wconf 87' lang='lat' dir='ltr'>primae·</span> 
     </span>
     <span class='ocr_line' id='line_1_15' title="bbox 352 2202 1464 2285; baseline 0.004 -21"><span class='ocrx_word' id='word_1_107' title='bbox 352 2202 383 2264; x_wconf 87' lang='lat' dir='ltr'>ri</span> <span class='ocrx_word' id='word_1_108' title='bbox 404 2203 467 2265; x_wconf 89' lang='lat' dir='ltr'>hoc</span> <span class='ocrx_word' id='word_1_109' title='bbox 491 2203 741 2285; x_wconf 74' lang='lat' dir='ltr'>excogitaruut3</span> <span class='ocrx_word' id='word_1_110' title='bbox 773 2221 880 2285; x_wconf 87' lang='lat' dir='ltr'>neque</span> <span class='ocrx_word' id='word_1_111' title='bbox 908 2206 1039 2269; x_wconf 88' lang='lat' dir='ltr'>traditio</span> <span class='ocrx_word' id='word_1_112' title='bbox 1068 2206 1286 2269; x_wconf 82' lang='lat' dir='ltr'>hebraeorum</span> <span class='ocrx_word' id='word_1_113' title='bbox 1312 2206 1377 2268; x_wconf 83' lang='lat' dir='ltr'>lnoc</span> <span class='ocrx_word' id='word_1_114' title='bbox 1401 2222 1464 2269; x_wconf 81' lang='lat' dir='ltr'>nn·</span> 
     </span>
     <span class='ocr_line' id='line_1_16' title="bbox 349 2302 1465 2387; baseline 0.005 -22"><span class='ocrx_word' id='word_1_115' title='bbox 349 2313 449 2381; x_wconf 83' lang='lat' dir='ltr'>qnam</span> <span class='ocrx_word' id='word_1_116' title='bbox 469 2302 711 2384; x_wconf 75' lang='lat' dir='ltr'>animadvorti13</span> <span class='ocrx_word' id='word_1_117' title='bbox 733 2320 839 2384; x_wconf 83' lang='lat' dir='ltr'>noque</span> <span class='ocrx_word' id='word_1_118' title='bbox 861 2304 988 2369; x_wconf 86' lang='lat' dir='ltr'>tandem</span> <span class='ocrx_word' id='word_1_119' title='bbox 1005 2305 1124 2382; x_wconf 80' lang='lat' dir='ltr'>Plato,</span> <span class='ocrx_word' id='word_1_120' title='bbox 1145 2307 1296 2387; x_wconf 80' lang='lat' dir='ltr'>quamuis</span> <span class='ocrx_word' id='word_1_121' title='bbox 1316 2307 1465 2386; x_wconf 60' lang='lat' dir='ltr'>mutium</span> 
     </span>
     <span class='ocr_line' id='line_1_17' title="bbox 350 2397 1467 2488; baseline 0.004 -25"><span class='ocrx_word' id='word_1_122' title='bbox 350 2397 532 2480; x_wconf 83' lang='lat' dir='ltr'>priscarum</span> <span class='ocrx_word' id='word_1_123' title='bbox 555 2417 654 2483; x_wconf 76' lang='lat' dir='ltr'>vagos</span> <span class='ocrx_word' id='word_1_124' title='bbox 674 2404 715 2467; x_wconf 92' lang='lat' dir='ltr'>de</span> <span class='ocrx_word' id='word_1_125' title='bbox 736 2404 920 2468; x_wconf 86' lang='lat' dir='ltr'>animarum</span> <span class='ocrx_word' id='word_1_126' title='bbox 940 2412 1026 2470; x_wconf 86' lang='lat' dir='ltr'>stato</span> <span class='ocrx_word' id='word_1_127' title='bbox 1047 2413 1273 2488; x_wconf 83' lang='lat' dir='ltr'>postmortem</span> <span class='ocrx_word' id='word_1_128' title='bbox 1289 2406 1467 2486; x_wconf 68' lang='lat' dir='ltr'>iuvestiga-</span> 
     </span>
     <span class='ocr_line' id='line_1_18' title="bbox 350 2502 1469 2589; baseline 0.008 -26"><span class='ocrx_word' id='word_1_129' title='bbox 350 2502 397 2564; x_wconf 84' lang='lat' dir='ltr'>tit</span> <span class='ocrx_word' id='word_1_130' title='bbox 415 2515 559 2580; x_wconf 87' lang='lat' dir='ltr'>errores,</span> <span class='ocrx_word' id='word_1_131' title='bbox 581 2506 782 2585; x_wconf 82' lang='lat' dir='ltr'>proprioque</span> <span class='ocrx_word' id='word_1_132' title='bbox 802 2505 912 2570; x_wconf 88' lang='lat' dir='ltr'>studio</span> <span class='ocrx_word' id='word_1_133' title='bbox 932 2507 1123 2583; x_wconf 87' lang='lat' dir='ltr'>decernens,</span> <span class='ocrx_word' id='word_1_134' title='bbox 1140 2508 1232 2571; x_wconf 83' lang='lat' dir='ltr'>varie</span> <span class='ocrx_word' id='word_1_135' title='bbox 1244 2511 1287 2572; x_wconf 85' lang='lat' dir='ltr'>sit</span> <span class='ocrx_word' id='word_1_136' title='bbox 1304 2508 1469 2589; x_wconf 86' lang='lat' dir='ltr'>interpre-</span> 
     </span>
     <span class='ocr_line' id='line_1_19' title="bbox 284 2603 1465 2687; baseline 0.009 -25"><span class='ocrx_word' id='word_1_137' title='bbox 284 2640 295 2649; x_wconf 92' lang='lat'>-</span> <span class='ocrx_word' id='word_1_138' title='bbox 350 2603 450 2681; x_wconf 78' lang='lat' dir='ltr'>iatus3</span> <span class='ocrx_word' id='word_1_139' title='bbox 472 2608 614 2668; x_wconf 81' lang='lat' dir='ltr'>attamen</span> <span class='ocrx_word' id='word_1_140' title='bbox 635 2605 751 2668; x_wconf 83' lang='lat' dir='ltr'>nullibi</span> <span class='ocrx_word' id='word_1_141' title='bbox 774 2612 847 2687; x_wconf 91' lang='lat' dir='ltr'>post</span> <span class='ocrx_word' id='word_1_142' title='bbox 867 2607 1077 2671; x_wconf 86' lang='lat' dir='ltr'>humanitatis</span> <span class='ocrx_word' id='word_1_143' title='bbox 1096 2607 1200 2671; x_wconf 81' lang='lat' dir='ltr'>iatum</span> <span class='ocrx_word' id='word_1_144' title='bbox 1215 2608 1287 2673; x_wconf 90' lang='lat' dir='ltr'>ioro</span> <span class='ocrx_word' id='word_1_145' title='bbox 1300 2610 1395 2673; x_wconf 89' lang='lat' dir='ltr'>dooet</span> <span class='ocrx_word' id='word_1_146' title='bbox 1409 2625 1465 2673; x_wconf 81' lang='lat' dir='ltr'>re·</span> 
     </span>
     <span class='ocr_line' id='line_1_20' title="bbox 348 2700 1462 2789; baseline 0.009 -27"><span class='ocrx_word' id='word_1_147' title='bbox 348 2700 531 2781; x_wconf 81' lang='lat' dir='ltr'>proborum</span> <span class='ocrx_word' id='word_1_148' title='bbox 552 2705 794 2785; x_wconf 83' lang='lat' dir='ltr'>poenitentiam3</span> <span class='ocrx_word' id='word_1_149' title='bbox 817 2723 925 2786; x_wconf 85' lang='lat' dir='ltr'>neque</span> <span class='ocrx_word' id='word_1_150' title='bbox 945 2707 986 2769; x_wconf 90' lang='lat' dir='ltr'>de</span> <span class='ocrx_word' id='word_1_151' title='bbox 1000 2707 1094 2770; x_wconf 80' lang='lat' dir='ltr'>iente</span> <span class='ocrx_word' id='word_1_152' title='bbox 1115 2707 1181 2770; x_wconf 84' lang='lat' dir='ltr'>rita</span> <span class='ocrx_word' id='word_1_153' title='bbox 1201 2722 1292 2788; x_wconf 85' lang='lat' dir='ltr'>spem</span> <span class='ocrx_word' id='word_1_154' title='bbox 1312 2708 1462 2789; x_wconf 82' lang='lat' dir='ltr'>aliquam</span> 
     </span>
    </p>
   </div>
   <div class='ocr_carea' id='block_1_2' title="bbox 343 2800 1464 3294">
    <p class='ocr_par' dir='ltr' id='par_1_3' title="bbox 343 2800 1464 3294">
     <span class='ocr_line' id='line_1_21' title="bbox 346 2800 1458 2890; baseline 0.01 -29"><span class='ocrx_word' id='word_1_155' title='bbox 346 2800 492 2864; x_wconf 78' lang='lat' dir='ltr'>homines</span> <span class='ocrx_word' id='word_1_156' title='bbox 513 2808 631 2881; x_wconf 79' lang='lat' dir='ltr'>pronos</span> <span class='ocrx_word' id='word_1_157' title='bbox 653 2814 865 2885; x_wconf 88' lang='lat' dir='ltr'>percepturos</span> <span class='ocrx_word' id='word_1_158' title='bbox 886 2806 941 2868; x_wconf 87' lang='lat' dir='ltr'>ait.</span> <span class='ocrx_word' id='word_1_159' title='bbox 956 2804 1048 2870; x_wconf 89' lang='lat' dir='ltr'>Unde</span> <span class='ocrx_word' id='word_1_160' title='bbox 1067 2821 1148 2887; x_wconf 75' lang='lat' dir='ltr'>ergo</span> <span class='ocrx_word' id='word_1_161' title='bbox 1168 2809 1251 2872; x_wconf 81' lang='lat' dir='ltr'>lntoo</span> <span class='ocrx_word' id='word_1_162' title='bbox 1271 2809 1458 2890; x_wconf 85' lang='lat' dir='ltr'>opinionem</span> 
     </span>
     <span class='ocr_line' id='line_1_22' title="bbox 347 2901 1464 2990; baseline 0.009 -27"><span class='ocrx_word' id='word_1_163' title='bbox 347 2908 509 2966; x_wconf 89' lang='lat' dir='ltr'>eruerunt</span> <span class='ocrx_word' id='word_1_164' title='bbox 529 2901 686 2984; x_wconf 75' lang='lat' dir='ltr'>Origenes</span> <span class='ocrx_word' id='word_1_165' title='bbox 706 2916 740 2970; x_wconf 87' lang='lat' dir='ltr'>et</span> <span class='ocrx_word' id='word_1_166' title='bbox 759 2926 785 2969; x_wconf 89' lang='lat' dir='ltr'>s.</span> <span class='ocrx_word' id='word_1_167' title='bbox 808 2905 1008 2987; x_wconf 73' lang='lat' dir='ltr'>Gregorius?</span> <span class='ocrx_word' id='word_1_168' title='bbox 1022 2906 1189 2990; x_wconf 85' lang='lat' dir='ltr'>Numquid</span> <span class='ocrx_word' id='word_1_169' title='bbox 1204 2928 1248 2973; x_wconf 83' lang='lat' dir='ltr'>ex</span> <span class='ocrx_word' id='word_1_170' title='bbox 1261 2912 1374 2973; x_wconf 91' lang='lat' dir='ltr'>intimo</span> <span class='ocrx_word' id='word_1_171' title='bbox 1386 2927 1464 2973; x_wconf 88' lang='lat' dir='ltr'>sen·</span> 
     </span>
     <span class='ocr_line' id='line_1_23' title="bbox 344 3003 1460 3091; baseline 0.007 -26"><span class='ocrx_word' id='word_1_172' title='bbox 344 3016 385 3066; x_wconf 85' lang='lat' dir='ltr'>sn</span> <span class='ocrx_word' id='word_1_173' title='bbox 405 3003 502 3067; x_wconf 86' lang='lat' dir='ltr'>alitor</span> <span class='ocrx_word' id='word_1_174' title='bbox 521 3003 726 3086; x_wconf 86' lang='lat' dir='ltr'>interpretati</span> <span class='ocrx_word' id='word_1_175' title='bbox 747 3013 823 3071; x_wconf 87' lang='lat' dir='ltr'>snut</span> <span class='ocrx_word' id='word_1_176' title='bbox 844 3008 1057 3074; x_wconf 69' lang='lat' dir='ltr'>ehrotlannm</span> <span class='ocrx_word' id='word_1_177' title='bbox 1077 3010 1194 3091; x_wconf 78' lang='lat' dir='ltr'>dogma</span> <span class='ocrx_word' id='word_1_178' title='bbox 1208 3009 1249 3073; x_wconf 90' lang='lat' dir='ltr'>do</span> <span class='ocrx_word' id='word_1_179' title='bbox 1262 3012 1460 3075; x_wconf 76' lang='lat' dir='ltr'>aeternitate</span> 
     </span>
     <span class='ocr_line' id='line_1_24' title="bbox 343 3105 1461 3191; baseline 0.01 -26"><span class='ocrx_word' id='word_1_180' title='bbox 343 3114 537 3183; x_wconf 85' lang='lat' dir='ltr'>poenorum,</span> <span class='ocrx_word' id='word_1_181' title='bbox 560 3105 727 3172; x_wconf 82' lang='lat' dir='ltr'>Ecclesiae</span> <span class='ocrx_word' id='word_1_182' title='bbox 746 3109 931 3189; x_wconf 84' lang='lat' dir='ltr'>posthabito</span> <span class='ocrx_word' id='word_1_183' title='bbox 953 3110 1139 3187; x_wconf 86' lang='lat' dir='ltr'>traditione,</span> <span class='ocrx_word' id='word_1_184' title='bbox 1161 3119 1376 3191; x_wconf 79' lang='lat' dir='ltr'>veterumque</span> <span class='ocrx_word' id='word_1_185' title='bbox 1395 3110 1461 3175; x_wconf 82' lang='lat' dir='ltr'>Pa·</span> 
     </span>
     <span class='ocr_line' id='line_1_25' title="bbox 346 3206 1434 3294; baseline 0.008 -28"><span class='ocrx_word' id='word_1_186' title='bbox 346 3206 434 3267; x_wconf 78' lang='lat' dir='ltr'>tium</span> <span class='ocrx_word' id='word_1_187' title='bbox 456 3208 651 3272; x_wconf 86' lang='lat' dir='ltr'>anctoritate</span> <span class='ocrx_word' id='word_1_188' title='bbox 673 3206 905 3289; x_wconf 76' lang='lat' dir='ltr'>pessumdato?</span> <span class='ocrx_word' id='word_1_189' title='bbox 925 3207 970 3285; x_wconf 82' lang='lat' dir='ltr'>Et</span> <span class='ocrx_word' id='word_1_190' title='bbox 987 3211 1052 3275; x_wconf 80' lang='lat' dir='ltr'>lroc</span> <span class='ocrx_word' id='word_1_191' title='bbox 1071 3216 1121 3276; x_wconf 83' lang='lat' dir='ltr'>ost</span> <span class='ocrx_word' id='word_1_192' title='bbox 1140 3211 1229 3291; x_wconf 84' lang='lat' dir='ltr'>quod</span> <span class='ocrx_word' id='word_1_193' title='bbox 1249 3213 1434 3294; x_wconf 83' lang='lat' dir='ltr'>quaeritur.-</span> 
     </span>
    </p>
   </div>
   <div class='ocr_carea' id='block_1_3' title="bbox 0 0 1692 5567">
    <p class='ocr_par' dir='ltr' id='par_1_4' title="bbox 0 0 1692 5567">
     <span class='ocr_line' id='line_1_26' title="bbox 0 0 1692 5567; baseline 0 6"><span class='ocrx_word' id='word_1_194' title='bbox 0 0 1692 5567; x_wconf 95' lang='lat' dir='ltr'> </span> 
     </span>
    </p>
   </div>
  </div>
 </body>
</html>
