3375 5567
168 812 278 877 etiaim
291 820 339 876 eet
361 812 464 877 uoatta
486 817 621 877 eruenta
642 810 674 873 in
696 812 804 887 terris,
823 815 1016 891 maneatque
1038 812 1262 877 tantummodo

166 932 214 993 pro
226 930 355 978 munere
367 916 400 977 in
414 911 622 977 eooiiaieaua
630 931 642 991 3
657 912 788 977 omuino
803 912 963 977 tonitura
978 910 1133 977 daemone
1147 913 1261 978 eaintir

162 1032 231 1094 ape,
248 1031 321 1077 eum
345 1031 511 1095 nunquam
531 1012 749 1077 iuuoraudum
772 1013 814 1077 eit
835 1013 978 1077 aiterum
997 1030 1071 1077 eum
1093 1014 1257 1094 sanguinis

162 1114 299 1180 eiuaioue
311 1115 507 1179 morifloium
519 1116 551 1177 in
561 1117 663 1196 inetur
677 1114 943 1197 redemptionem,
959 1116 1006 1177 uti
1022 1114 1104 1177 inira
1119 1112 1258 1179 iiootnr.

162 1212 289 1297 iienique
304 1216 462 1298 Origeuea
473 1214 614 1282 Homiiia
630 1214 685 1280 ii.
701 1236 731 1281 n.
747 1216 769 1289 i
783 1218 814 1281 in
833 1216 982 1283 eumdem
1004 1214 1150 1294 Librum,
1173 1217 1260 1297 Apo·

158 1317 221 1381 rtoii
233 1336 360 1382 santum
382 1318 516 1382 dicentia
533 1316 715 1399 purificavit
729 1317 987 1400 pnruuqoioem
999 1337 1092 1405 auom
1106 1326 1167 1381 eto.
1181 1319 1258 1383 aatia

159 1421 318 1500 explanans
338 1422 462 1503 inquit:
486 1440 505 1481 r
524 1416 558 1483 Si
578 1422 663 1484 enim
682 1437 757 1483 eum
779 1418 876 1483 Patre
896 1425 929 1483 et
951 1417 1035 1483 Filio
1057 1420 1177 1486 dicitur
1206 1437 1263 1483 no·

159 1522 197 1584 iia
214 1540 279 1585 esee
298 1524 449 1601 aoeietaa,
472 1522 638 1603 quomodo
657 1539 722 1583 nou
741 1538 817 1585 oum
837 1520 968 1595 unctis,
991 1538 1053 1583 non
1074 1520 1182 1585 aoinm
1202 1522 1259 1601 qni

158 1624 182 1685 iu
202 1628 282 1687 tarra
297 1633 387 1701 aunt,
408 1623 464 1687 aeti
478 1633 512 1687 et
531 1625 637 1704 quiin
657 1619 776 1687 ooeiis?
790 1620 875 1699 Quia
898 1630 930 1685 et
944 1620 1092 1686 Christus
1114 1640 1173 1703 per
1187 1640 1257 1687 atu·

157 1724 269 1802 guinem
289 1743 389 1789 auum
411 1724 591 1806 paeiiioavit
611 1724 764 1789 eoeiertia
785 1733 818 1786 ot
839 1723 1027 1799 terrestria,
1051 1731 1088 1788 nt
1109 1723 1258 1789 coelesti·

157 1824 207 1888 ius
225 1833 353 1890 terrena
374 1828 524 1890 aoeiaret.
547 1825 643 1902 Quoi
665 1825 833 1888 evidenter
853 1824 983 1898 indicat,
1008 1824 1062 1887 ubi
1085 1824 1163 1889 dicit
1176 1842 1255 1905 qau-

157 1925 308 1990 tiumerae
320 1926 354 1992 in
367 1924 469 1989 ooeiia
480 1941 582 2006 anper
596 1944 662 1989 uno
676 1933 848 2005 peccatore
860 1927 1087 2006 poenitentiam
1102 1934 1227 2005 agente.
1241 1945 1259 1983 a

223 2024 365 2093 fluetinr
388 2031 493 2090 tamen
515 2026 797 2108 putatorigenem
818 2027 925 2091 errori
940 2027 979 2091 de
1001 2020 1257 2092 daemonorium

157 2128 214 2192 inte
233 2128 382 2193 inaiatere
403 2131 435 2191 in
456 2126 695 2193 Commentario
716 2127 884 2209 Evangelii
911 2127 1045 2194 Joauuit
1066 2126 1169 2192 Tomo
1188 2127 1258 2193 XX.

157 2228 239 2297 nii
258 2232 301 2295 de
321 2250 392 2312 quo
411 2233 458 2295 aio
476 2231 610 2294 audiit:
634 2250 651 2289 a
673 2229 769 2307 Quoi
789 2232 816 2295 ai
837 2231 916 2295 oiim
937 2249 1070 2313 quoquo
1088 2248 1260 2311 paeantem

156 2331 306 2397 chritum
333 2334 453 2413 reipsa,
476 2332 524 2395 uti
546 2330 666 2407 iertnr,
688 2332 871 2396 autumavit
884 2330 1057 2412 Origenes,
1076 2333 1260 2414 opinionem

158 2452 235 2497 auam
256 2434 459 2511 inodarerit,
479 2452 582 2514 nuper
609 2432 731 2497 dietum
751 2433 851 2499 ittet:
868 2434 968 2499 mono
987 2433 1076 2497 ariao
1100 2433 1259 2515 erudiet,

156 2536 228 2615 quod
251 2535 284 2599 iu
310 2535 405 2599 Aetia
420 2532 514 2598 Pauli
534 2532 664 2599 Christo
686 2534 854 2611 tribuitur,
871 2542 908 2599 ut
928 2554 969 2599 ex
990 2534 1140 2619 Origenia
1160 2536 1260 2617 ipriut

155 2634 291 2701 iiaeimua
312 2633 421 2699 Tomo
440 2635 585 2700 citato.»
1253 2664 1257 2675 ·

223 2736 417 2820 Reputanda
438 2736 569 2820 quidem
591 2737 677 2802 ioret
696 2738 838 2819 dogmati
860 2739 1021 2803 catholico
1037 2740 1161 2805 hostilia
1183 2740 1262 2805 haec

155 2839 289 2920 iiriqeuia
327 2842 583 2923 interpretatio,
605 2842 653 2906 uti
673 2842 857 2906 maniieatat
880 2840 1045 2917 Huetiua,
1079 2841 1139 2905 nisi
1166 2841 1263 2904 aiiter

155 2940 268 3007 tactor
280 2944 329 3008 ibi
345 2943 481 3007 sentiret
500 2961 539 3007 ao
558 2942 754 3025 loqueretur
767 2944 808 3007 ab
820 2963 873 3021 eo,
889 2944 976 3024 quot
990 2944 1015 3007 is
1032 2950 1064 3007 et
1079 2944 1135 3007 alii
1150 2944 1259 3006 existi·

155 3052 282 3108 nerunt.
303 3044 331 3108 tt
354 3051 511 3110 contextu
530 3045 616 3109 euim
636 3046 726 3109 eiare
746 3052 835 3127 patet
849 3044 1022 3127 origenem
1044 3052 1167 3119 tenere,
1190 3044 1260 3107 tieri

155 3160 206 3206 aon
230 3164 351 3228 poete,
379 3162 620 3227 quemcumque
645 3146 746 3211 oemei
773 3147 1016 3221 illuminatum,
1052 3152 1262 3226 eustasioque

154 3244 259 3310 ionum
282 3247 345 3313 Dei
366 3253 458 3323 eto,
486 3255 521 3311 et
550 3266 683 3312 ruraum
711 3249 922 3329 prolapsum,
955 3246 1063 3311 denuo
1088 3247 1199 3326 reponi
1220 3246 1261 3309 ad

154 3349 397 3424 poeniteutiam,
426 3348 486 3411 ribi
517 3348 759 3430 eruoiiiqeutem
789 3347 911 3413 Fiiium
944 3346 1024 3413 Dei:
1055 3370 1072 3408 a
1102 3350 1172 3412 aive
1206 3366 1260 3411 au·

156 3452 274 3526 tequam
297 3446 483 3530 corporalia
503 3445 682 3512 salvatoris
703 3449 804 3513 noatri
825 3448 983 3513 adrentus
1004 3446 1146 3512 historiis
1175 3465 1263 3513 man·

155 3544 289 3626 daretur,
313 3549 387 3613 aire
406 3555 490 3629 nont.
513 3547 587 3613 Non
606 3548 692 3613 enim
711 3550 768 3632 qni
782 3567 869 3613 uuuc
890 3557 962 3629 poat
979 3547 1260 3625 illuminationem,

155 3658 318 3732 ceteraque
341 3648 401 3714 Dei
422 3650 454 3713 in
474 3670 509 3731 re
529 3650 683 3715 beneficia
700 3660 826 3732 peceat,
849 3648 968 3714 Filium
985 3648 1042 3715 Dei
1064 3652 1172 3715 denuo
1187 3669 1261 3715 cru·

155 3748 240 3829 eiiqit
250 3760 391 3833 propter
403 3749 547 3832 peecata,
569 3753 609 3814 ai
625 3770 710 3833 qnae
724 3752 878 3827 recurrit,
893 3749 971 3814 nihil
986 3748 1155 3831 perficiens
1170 3750 1258 3815 iiliua

153 3852 288 3927 actionis,
311 3872 400 3935 quae
420 3854 624 3919 communius
644 3854 766 3918 dieitur
786 3852 983 3933 corporalia,
1006 3851 1046 3914 ad
1069 3852 1259 3933 oruoitiqou·

154 3948 220 4015 ium
241 3952 364 4018 Filium
387 3952 456 4019 Dei.
478 3952 650 4020 Nouiiem
671 3964 781 4019 autem
796 3954 894 4018 etiam
916 3961 1009 4017 antea
1025 3953 1129 4033 tieret,
1152 3961 1186 4017 et
1200 3957 1258 4035 qni

154 4064 275 4132 ueneat,
299 4066 474 4137 postquam
494 4056 636 4121 audierit
657 4058 755 4121 rerba
776 4055 909 4132 divina,
931 4064 1022 4118 antea
1051 4053 1260 4119 crucifixerat

156 4146 263 4219 iiiiom
280 4155 352 4220 Dei.
376 4154 470 4232 Quod
486 4157 568 4221 aioni
589 4155 696 4237 placet
711 4157 894 4232 admittere,
910 4154 998 4236 quod
1014 4156 1045 4217 in
1062 4154 1150 4219 Actia
1164 4152 1259 4220 Pauli

154 4254 298 4335 scriptum
319 4266 382 4332 eat,
398 4265 561 4337 tamquam
583 4254 792 4321 aSerratore
812 4257 947 4321 dictum:
964 4257 1067 4319 denno
1086 4254 1174 4318 debeo
1187 4274 1260 4317 cru-

155 4350 243 4434 cifim',
265 4358 292 4421 ir
313 4357 589 4437 quemadmodum
605 4367 676 4440 poet
696 4358 873 4423 adrentum
888 4357 1027 4421 admittit
1048 4354 1143 4419 iilud:
1159 4355 1262 4419 denam

155 4452 230 4515 ieieo
248 4456 411 4538 σπέρμ’,
432 4457 479 4523 aie
499 4465 533 4523 et
551 4466 627 4521 aute
646 4456 822 4524 adrentum
836 4458 984 4525 admittet
1005 4459 1117 4523 iocum
1132 4457 1261 4521 habuis·

156 4568 202 4629 δὲ,
220 4556 352 4636 quando
382 4556 495 4623 adem
516 4574 614 4623 eausa
635 4563 685 4623 eat
712 4556 858 4623 dicentii:
884 4557 955 4639 jum
987 4556 1076 4621 debeo
1100 4552 1256 4643 cruoifiqi.
1347 4600 1352 4610 .
