3375 5567
458 777 560 840 nimos
585 793 624 840 eo
645 780 851 856 regeneratos
873 772 1071 855 temporeis
1097 772 1213 838 melias
1242 776 1383 836 mutatos
1402 773 1553 853 excogita·

459 894 496 939 ra
525 875 626 938 velis:
650 882 727 940 tnun
753 891 829 938 sane
851 874 910 954 ipsi
936 889 979 938 aa
1010 872 1233 954 Evangelistae
1261 872 1417 938 sententis
1443 872 1552 938 trustra

459 975 633 1052 dixissent.
656 976 813 1040 universis
835 975 982 1054 gentihus
1000 975 1203 1054 congregatis
1227 980 1302 1037 nato
1324 972 1444 1036 Filium
1465 973 1555 1036 horai·

459 1078 519 1154 oio,
540 1097 580 1142 eo
606 1077 737 1142 sedente
756 1094 857 1155 snper
878 1076 988 1142 sedem
1009 1077 1133 1157 gloriae
1149 1094 1231 1140 suae
1252 1072 1421 1155 segregabit
1439 1093 1507 1136 osu
1524 1074 1557 1138 ab

457 1178 565 1243 hoedis
581 1179 661 1244 lteat
679 1178 812 1242 melosa
828 1179 930 1242 bouis.
950 1176 982 1242 Si
997 1195 1111 1258 nempe
1126 1194 1185 1257 per
1196 1179 1330 1258 spiritus
1350 1176 1556 1256 regeneratio

459 1297 532 1346 nem
554 1281 699 1345 homines
720 1281 814 1362 praei
835 1280 875 1342 de
896 1279 983 1342 malo
1004 1280 1036 1341 in
1058 1279 1177 1343 honum
1195 1278 1339 1340 vertendi
1360 1277 1445 1340 erint
1463 1277 1493 1338 in
1513 1293 1557 1340 re

456 1383 672 1457 surrectione,
694 1380 772 1461 quit
788 1381 897 1445 adhue
921 1387 1028 1443 manet
1041 1380 1209 1461 pravitatis
1232 1379 1264 1442 io
1288 1379 1428 1442 hnmana
1455 1378 1557 1442 volun

459 1490 524 1545 tate
544 1483 625 1546 adeo
648 1491 686 1545 ut
707 1483 738 1544 in
756 1482 881 1563 iudicio
901 1483 1075 1545 novissimo
1100 1479 1249 1546 Christus
1267 1488 1398 1560 separet
1425 1479 1555 1544 melosa

458 1582 572 1648 ooots'l
588 1582 627 1646 Et
649 1584 807 1648 undenam
831 1583 974 1664 reprobi,
996 1581 1165 1648 infideles?
1178 1601 1252 1646 eum
1271 1581 1339 1663 jem
1360 1582 1392 1644 io
1414 1581 1511 1643 banos
1528 1589 1557 1642 et

456 1685 568 1748 tidolea
590 1687 794 1750 transmutati
814 1682 900 1750 sinti
921 1683 990 1750 Cor
1011 1685 1303 1764 ibuntpeoeatoras
1323 1684 1355 1746 io
1371 1683 1557 1763 supplicium

456 1796 638 1860 aeternam,
655 1805 729 1850 cum
741 1787 809 1869 jam
831 1786 960 1866 soulpa
981 1786 1102 1864 expiati
1126 1785 1190 1848 sint
1211 1801 1270 1864 per
1286 1783 1554 1863 regenerationem

458 1888 610 1968 propriae
633 1884 833 1952 voluntatis?

536 1984 632 2062 Quod
659 1998 768 2052 autem
791 2003 906 2050 revers
935 2003 976 2050 ex
1000 1985 1056 2049 tali
1085 1986 1381 2064 regenerationem
1413 1983 1556 2048 universo

454 2087 622 2152 hominnm
648 2104 766 2167 genero
782 2094 856 2150 tum
883 2087 1061 2166 proborum
1088 2093 1157 2148 tum
1179 2086 1395 2165 reproborum
1428 2085 1555 2150 menime

458 2188 513 2252 liet
534 2188 565 2250 iu
586 2187 755 2250 novissima
780 2188 843 2261 die,
867 2188 899 2248 in
919 2206 956 2250 ea
978 2188 1129 2254 consulet
1143 2189 1331 2269 cognitionis
1353 2188 1554 2270 perieefinne.

456 2305 553 2367 qnam
576 2304 685 2350 eoram
709 2285 775 2348 lleo
795 2286 906 2366 jndice
925 2295 1068 2362 stantes,
1089 2288 1213 2368 absqrm
1240 2306 1375 2363 errore,
1400 2291 1470 2354 siae
1489 2287 1555 2350 alie

456 2395 569 2454 aluum
588 2389 752 2452 sariorum
776 2388 932 2466 impulsa,
946 2386 1065 2466 quillus
1085 2390 1288 2467 inpraesenti
1311 2390 1553 2471 eitaagitantnr‚

452 2487 588 2552 olnelt'o
603 2487 723 2552 malitia
735 2475 900 2568 dissipata,
913 2498 1153 2568 consequentur
1163 2507 1288 2566 omnes,
1304 2489 1471 2556 Curetum
1481 2491 1557 2570 ejus·

455 2607 520 2670 quo
540 2586 746 2654 Divinitstem
767 2587 875 2669 palam
896 2599 1123 2671 cognoscentes
1141 2602 1210 2658 tam
1228 2591 1308 2674 insti
1329 2600 1399 2658 tum
1420 2597 1556 2672 peceato

455 2707 519 2756 res:
544 2709 560 2748 s
582 2685 720 2766 Quando
742 2690 849 2770 palam
868 2691 1018 2756 omnibns
1039 2691 1157 2772 (inquit
1176 2695 1245 2773 ipse
1264 2691 1423 2773 Origenes
1437 2689 1557 2756 Tracta·

456 2797 493 2858 tu
513 2786 667 2856 xxxin.
690 2788 727 2853 io
746 2788 990 2856 Matrimonia.
1017 2788 1093 2869 70.)
1117 2800 1181 2860 tam
1212 2794 1303 2858 bonis
1322 2810 1424 2874 quam
1451 2791 1553 2864 malis.

457 2897 520 2956 lam
543 2889 691 2954 fidelibus
711 2908 810 2972 quom
825 2892 1009 2958 infidelibus
1030 2894 1217 2959 manifestus
1231 2895 1336 2959 iaetus
1357 2893 1473 2974 inorit3
1489 2899 1555 2957 ante

452 2992 568 3059 *oeulos
588 2993 703 3060 mentis
723 2994 934 3075 eorum,1'sm
949 3013 1011 3060 noo
1032 2995 1105 3060 unet
1133 3006 1191 3061 ant
1211 2996 1395 3081 diligentiae
1424 2994 1555 3075 alienius

454 3093 659 3174 inquisitione
681 3102 844 3174 repertus,
866 3096 922 3160 sesi
944 3097 1043 3175 ipsios
1063 3095 1246 3164 Divinitstis
1269 3115 1349 3163 snae
1377 3097 1553 3162 manifesta·

412 3209 414 3214 ·
454 3197 539 3261 tione
560 3195 752 3275 prolatus.»
775 3193 817 3260 Et
832 3197 932 3278 panln
953 3199 1158 3278 postsoooln
1180 3198 1370 3266 «Existimo
1390 3216 1555 3278 argoquo·

452 3297 536 3360 niam
558 3295 620 3360 orit
631 3304 758 3377 tempus
778 3297 936 3364 adrentus
950 3297 1082 3376 coristi,
1098 3301 1228 3379 qnando
1244 3307 1331 3365 tanta
1346 3299 1554 3366 manifestatio

454 3395 566 3460 lutura
588 3405 636 3462 est
657 3395 775 3464 Christi
796 3394 1147 3480 sententioseque,
1169 3407 1207 3466 at
1228 3418 1292 3463 aon
1320 3399 1430 3466 solum
1451 3399 1554 3464 nullm

448 3496 629 3576 jnstorom,
650 3497 706 3562 sel
727 3515 786 3562 oen
806 3497 924 3577 aliquis
945 3507 1156 3579 peecatorum
1176 3501 1302 3580 ignoret
1322 3500 1488 3568 cumton
1511 3517 1555 3564 se

452 3595 596 3662 eandum
616 3597 704 3676 quon
723 3604 784 3674 est,
807 3599 937 3678 qnando
957 3610 991 3665 et
1011 3609 1199 3680 peesstoros
1219 3609 1413 3682 cognoscent
1434 3601 1465 3664 in
1486 3617 1553 3663 eon

453 3704 567 3777 speetu
588 3715 648 3760 suo
669 3716 728 3762 sua
750 3698 889 3762 delicto:
920 3710 952 3764 et
970 3702 1051 3784 iusti
1073 3703 1239 3768 manifesta
1261 3703 1416 3768 vinebunt
1440 3704 1553 3768 semina

450 3797 595 3880 iustitiae
623 3815 702 3862 suaa
723 3800 762 3861 arl
792 3801 922 3881 qualem
943 3820 999 3866 eos
1020 3803 1235 3882 perduxerint
1255 3802 1351 3868 finem
1363 3847 1457 3867 .....
1476 3801 1552 3866 Cam

453 3907 562 3963 antem
586 3909 719 3980 propter
740 3902 1029 3970 manifestationem
1061 3901 1138 3970 Filii
1159 3902 1217 3970 llei
1237 3921 1348 3969 omnes
1368 3904 1409 3966 sl
1438 3902 1556 3970 intelle

454 4009 542 4068 otum
562 4001 705 4064 venerint
719 4020 829 4079 snum,
842 4011 921 4069 tuno
931 4002 1083 4071 Salvator
1093 4004 1275 4084 segregabit
1286 4005 1387 4068 boans
1399 4021 1418 4067 a
1431 4004 1552 4067 molis...

454 4103 502 4165 lais
524 4102 702 4166 novustmts
716 4102 842 4172 linens:
866 4101 1080 4171 tremulentus·
1097 4103 1134 4169 in
1148 4105 1254 4186 ignens
1272 4115 1454 4177 misenum
1466 4104 1554 4185 enim

453 4201 688 4269 meledictionis
710 4208 934 4286 unusquisqne
952 4214 1005 4271 est
1022 4206 1084 4276 silai
1104 4215 1232 4281 enatos,
1254 4208 1312 4287 qni
1336 4207 1553 4272 maledictione

454 4303 547 4384 digqa
569 4309 724 4382 operatus
745 4312 803 4368 est.
825 4324 842 4362 a

533 4403 577 4471 Et
597 4405 659 4472 hoc
671 4412 732 4482 eol,
753 4406 842 4486 quod
855 4406 896 4471 ab
916 4407 1006 4473 initio
1020 4408 1120 4490 lanius
1140 4409 1253 4490 eapitis
1266 4427 1308 4474 ex
1332 4407 1553 4489 apostolieae

452 4507 500 4571 bis
522 4505 770 4588 praemisimus:
794 4505 874 4586 quio
893 4527 968 4573 coro
986 4519 1015 4574 et
1035 4509 1168 4590 respuis
1188 4527 1319 4591 repausa
1342 4506 1398 4575 uel
1404 4504 1553 4588 prendere
