3375 5567
518 794 552 859 iu
573 794 658 860 iibro
674 794 714 859 ii.
734 794 926 860 Periorcisoo
940 814 968 859 c.
985 793 1041 859 xi.
1059 812 1089 857 u.
1103 788 1134 861 i.
1151 794 1278 875 inquit:
1294 788 1410 857 ιδιιιιι
1422 790 1526 855 ocnius

441 898 634 962 naturaliter
645 898 752 961 iucem
768 900 915 979 requiret
928 907 960 961 et
977 898 1102 978 risum,
1118 904 1151 961 et
1164 914 1283 977 corpus
1297 902 1436 959 nostrum
1449 912 1527 957 escas

400 982 408 993 ’
439 1002 472 1064 ιι
491 987 604 1081 potum
622 998 784 1063 desiderat
803 1017 864 1080 per
883 1005 1056 1062 usturam:
1079 998 1122 1061 ita
1150 1015 1237 1061 mens
1264 1004 1370 1060 nostra
1394 994 1528 1059 sciendae

440 1101 582 1163 veritatis
604 1098 674 1177 Dei,
696 1107 728 1163 et
749 1117 859 1163 rerum
875 1099 1024 1162 noscendi
1038 1116 1151 1162 causas
1167 1100 1335 1180 proprium
1348 1105 1380 1161 et
1393 1097 1529 1159 naturate

438 1202 632 1267 desiderium
654 1203 745 1283 gerit.
770 1202 962 1282 Accepimus
982 1211 1091 1265 autam
1112 1220 1129 1264 ι
1151 1200 1220 1265 Deo
1237 1201 1322 1265 istud
1336 1200 1528 1273 desiderium,

439 1324 502 1368 nou
523 1305 562 1368 ad
585 1305 645 1368 hoc
667 1313 702 1367 ut
723 1321 781 1367 neo
802 1296 917 1367 debeat
938 1320 1097 1385 uuquam,
1110 1324 1170 1368 uec
1185 1304 1285 1385 possit
1298 1302 1445 1384 expleri.-
1460 1302 1531 1363 atio·

439 1407 518 1487 quin
539 1424 556 1469 a
580 1404 745 1469 conditore
768 1402 836 1468 Deo
857 1406 954 1468 meuti
977 1413 1107 1469 nostrae
1127 1406 1248 1469 irostra
1271 1404 1431 1467 videbitur
1449 1420 1532 1465 arnor
1603 1475 1604 1500 χ

440 1506 585 1569 veritatis
598 1508 749 1581 insertus,
762 1506 788 1568 si
803 1522 969 1585 uunquam
983 1504 1133 1570 desiderii
1146 1522 1278 1585 compos
1293 1504 1438 1568 effictam.
1452 1501 1532 1568 Unde
1603 1519 1604 1570 t

438 1614 470 1670 et
490 1608 522 1669 in
544 1608 604 1671 hac
627 1608 713 1682 sits,
735 1606 791 1687 qui
811 1623 940 1671 summo
960 1608 1074 1670 laboro
1095 1609 1155 1688 piis
1175 1607 1291 1672 stodiis
1318 1625 1359 1670 ac
1386 1605 1533 1686 religiosis

437 1724 569 1787 operam
585 1706 742 1783 dederint,
757 1724 954 1789 quamquem
969 1724 1069 1787 pares
1084 1710 1299 1789 quaedamst
1314 1708 1533 1772 uuitisetin·
1603 1719 1604 1764 t

438 1810 554 1873 mensis
574 1808 700 1872 dinisius
723 1810 875 1874 scientiae
889 1813 1017 1891 capiaut
1032 1812 1192 1875 thesauris
1200 1832 1213 1890 3
1229 1819 1335 1875 temen
1351 1811 1413 1873 isoe
1426 1809 1531 1889 ipsum,
1603 1829 1604 1890 ι

437 1911 524 1993 quod
546 1912 668 1973 anisnos
688 1928 764 1974 suos
786 1916 989 1993 mentemque
1010 1930 1085 1993 arga
1108 1913 1187 1976 haec
1207 1896 1381 1993 occupant,
1402 1921 1494 1989 etqua
1506 1910 1533 1968 in
1603 1905 1604 1966 t

440 2015 499 2078 tras
519 2014 705 2093 semctipsos
727 2012 902 2092 cupiditate
922 2015 1146 2093 praeveniunt,
1170 2015 1309 2077 muttum
1330 2012 1475 2076 utititstis
1489 2026 1534 2072 sc·

438 2116 560 2197 cipiunt
580 2133 622 2177 ex
643 2114 705 2177 hoc
725 2112 806 2192 ipso,
822 2114 909 2193 quod
924 2116 1047 2178 animos
1067 2133 1143 2178 suos
1164 2114 1203 2177 ad
1225 2116 1436 2196 inquirendae
1461 2112 1535 2174 resi·

438 2218 510 2282 tatis
530 2215 673 2280 studium
694 2232 907 2296 amoremque
927 2225 1140 2281 convertunt.
1158 2263 1166 2277 .
1183 2262 1217 2278 ..
1240 2213 1332 2280 Uudo
1352 2223 1475 2279 constat
1487 2216 1535 2277 ha·

438 2318 585 2381 bentibus
609 2316 876 2381 deiormatiouem
898 2318 1071 2399 quamdam
1098 2320 1129 2381 iu
1155 2319 1214 2381 trec
1244 2318 1307 2381 ιιιι
1340 2318 1483 2381 veritatis
1507 2323 1536 2378 et

436 2417 599 2494 scientiae,
616 2416 792 2480 addendam
807 2421 902 2483 etiam
918 2438 988 2484 esse
1002 2420 1275 2500 pulchritudinem
1291 2418 1455 2499 periectas
1467 2420 1536 2480 ima-
1603 2385 1604 2480 i

438 2520 517 2600 ginis
538 2520 570 2581 in
591 2518 748 2583 tuturo.»
770 2521 852 2585 Cum
873 2521 946 2584 ideo
966 2522 1069 2603 iuquit
1089 2520 1252 2601 Origenes·
1266 2520 1426 2584 inscrtum
1448 2520 1534 2583 menti

437 2628 564 2685 nostrae
592 2639 733 2687 amorem
759 2622 906 2687 sciendae
928 2624 1084 2699 veritatis,
1114 2634 1146 2686 et
1170 2624 1232 2685 hoc
1259 2622 1456 2686 desiderium
1471 2640 1536 2702 pro·

438 2723 544 2805 prium
566 2732 598 2788 et
619 2726 767 2789 naturaie
788 2726 819 2789 in
843 2726 971 2788 homino
993 2724 1101 2806 sigere
1121 2724 1229 2788 adhuc
1247 2732 1281 2787 et
1295 2741 1407 2804 sgerej
1423 2722 1495 2803 quid
1509 2724 1536 2784 in

437 2826 497 2889 isac
519 2828 662 2890 veritatis
684 2828 867 2909 cognitione
887 2826 1082 2901 consideres,
1104 2826 1163 2890 uisi
1186 2826 1376 2906 impresse·
1399 2829 1432 2889 iu
1457 2841 1537 2889 cres·

438 2928 524 2992 tione
536 2926 594 2991 Dei
609 2926 801 3009 imaginem?
811 2948 898 3010 quse
912 2931 1059 3011 quamtis
1075 2937 1145 3009 post
1159 2935 1287 2992 reatum
1302 2925 1417 2990 stans
1434 2927 1537 2991 obscu-

438 3036 523 3106 rata,
545 3038 651 3092 munet
673 3037 778 3093 tamen
799 3031 954 3094 innostra
975 3038 1102 3093 natura.
1121 3028 1322 3110 fleoeporro
1336 3028 1474 3092 bominis
1493 3045 1538 3088 cs-

440 3130 610 3210 pacitatem
621 3129 771 3194 describit
783 3134 921 3212 amptius
935 3134 967 3195 iu
979 3130 1076 3196 Libro
1089 3130 1143 3195 Vi.
1155 3152 1186 3195 u.
1201 3127 1252 3196 63.
1270 3140 1384 3195 contra
1399 3128 1534 3199 Celsum,

438 3231 605 3312 inquieusc
1603 3223 1604 3294 i

517 3328 724 3413 «Reliquum
741 3341 788 3397 est
804 3332 916 3413 igitur,
932 3340 969 3396 ut
993 3334 1080 3413 quod
1100 3333 1277 3396 secuudum
1299 3334 1469 3413 imaginem
1485 3326 1534 3391 [ici

438 3432 558 3497 iactum
573 3440 632 3507 est,
645 3432 675 3494 id
689 3434 889 3513 intelligatur
899 3454 968 3498 esso
979 3433 1015 3496 ιἰι
1028 3433 1149 3497 ionias
1158 3432 1318 3507 interiori,
1329 3445 1368 3497 ut
1380 3450 1535 3501 vocamus,

438 3531 495 3614 poi
514 3543 700 3608 reuocetur,
720 3541 754 3597 et
773 3535 907 3597 idoneus
927 3546 976 3598 est
996 3535 1065 3598 deri
1085 3537 1262 3600 secundum
1279 3537 1448 3615 imaginem
1463 3533 1536 3596 Con·

437 3634 560 3696 ditoris.
585 3632 679 3710 Quot
703 3642 770 3699 tum
786 3636 913 3712 accidit,
930 3655 1004 3700 cuns
1020 3638 1136 3717 stiqnis
1152 3638 1316 3716 periectos
1329 3638 1383 3710 sit,
1398 3645 1435 3697 ιιι
1450 3633 1536 3698 Pater

436 3730 571 3796 coelestis
588 3735 743 3817 perfectus
764 3744 827 3797 est:
850 3738 925 3799 cum
948 3746 1119 3818 praecepto
1134 3738 1185 3800 isti
1203 3738 1427 3818 obtemperat:
1443 3729 1535 3797 soseri

435 3833 521 3911 sitis,
535 3835 686 3917 quoniam
700 3854 755 3917 epo
770 3847 900 3899 sanctos
917 3836 1072 3902 Βοιιιίιιιιι
1089 3838 1170 3902 Deae
1184 3848 1282 3900 cester
1294 3856 1311 3912 ,·
1326 3856 1403 3901 cum
1414 3836 1536 3899 edoctos

438 3938 535 4001 istud:
558 3946 650 4000 estote
670 3934 841 4002 imitatores
866 3936 934 4014 Dei,
956 3941 1089 4021 suscipit
1109 3942 1141 4002 in
1160 3959 1218 4003 sua
1241 3940 1345 4003 enims
1373 3936 1536 4001 virtutibus

437 4046 562 4113 ornate,
579 4035 637 4100 Dei
652 4039 865 4102 characteres.
889 4037 991 4104 immo
1007 4042 1163 4120 tempium
1182 4039 1300 4104 iieiest
1320 4056 1439 4119 corpus
1461 4036 1535 4115 cius,

435 4140 490 4219 qui
513 4138 632 4201 hahens
655 4140 839 4220 hujusmodi
865 4141 1024 4215 animam,
1050 4151 1082 4204 et
1108 4141 1210 4204 iactus
1234 4139 1412 4203 secundum
1437 4136 1534 4211 insagi-

434 4256 506 4302 nem
521 4236 590 4313 Dei,
609 4236 711 4303 Deum
735 4240 838 4320 ipsum
860 4240 892 4302 iu
912 4244 1016 4305 suima
1037 4244 1188 4322 suscepit.
1200 4260 1216 4298 ι
1229 4240 1399 4303 Praestare
1418 4238 1536 4312 insuper

297 4404 300 4410 Δ
432 4338 467 4400 ic
488 4336 640 4403 ioannem
661 4336 762 4403 Tomo
779 4338 849 4403 XX.
868 4336 919 4408 20.
939 4343 1079 4414 ostendit
1092 4344 1199 4405 adhuc
1221 4343 1252 4403 iu
1267 4340 1358 4404 uobis
1376 4352 1532 4418 superesse

436 4436 493 4501 Dei
515 4442 696 4522 imaginem,
719 4451 752 4504 et
771 4460 845 4504 curn
867 4460 903 4505 cu
926 4462 1033 4523 agere,
1056 4460 1141 4525 quae
1160 4452 1247 4506 recta
1266 4452 1355 4518 suut,
1371 4442 1428 4503 etsi
1442 4438 1478 4498 sd
1493 4436 1533 4494 io·

440 4538 557 4603 teriora
582 4544 750 4605 trahamur
771 4542 812 4604 ob
833 4544 1010 4624 appetitum
1032 4546 1161 4609 caruis:
1184 4540 1335 4607 «Nostra
1357 4558 1434 4605 roro
1455 4535 1532 4618 prio·
