3375 5567
166 797 245 859 detur
270 799 310 861 de
329 802 510 864 animorum
525 812 610 877 ‚ante
630 818 751 882 corpus
779 808 890 877 suto,
912 816 994 879 quas
1016 797 1254 878 'aequipararet

165 901 299 976 operariis
321 900 437 961 illisio
458 899 531 962 toro
551 901 709 964 stantibus
729 899 840 963 oticsis
861 907 893 962 et
913 907 1006 964 extra
1031 899 1167 961 vineam.
1197 893 1254 960 at·

165 1007 251 1060 tanen
270 1019 312 1063 ex
334 1001 611 1082 praecedentibus,
635 1009 673 1064 ut
695 1000 844 1075 vidimus,
867 1018 904 1063 ac
926 998 1126 1080 potissimum
1143 998 1255 1062 subse·

163 1099 241 1172 ento,
255 1099 509 1165 Amanuenslnor
530 1121 677 1164 errorem
698 1102 740 1163 idi
757 1100 902 1184 patefieri
917 1100 1095 1181 probatnr;
1109 1101 1165 1180 qui
1179 1100 1256 1164 loco

163 1195 211 1282 ἔξω
228 1200 281 1268 τῶ
301 1199 458 1294 σώματος
481 1204 561 1267 idest
581 1214 675 1266 estro
695 1223 820 1284 eorpus,
844 1205 874 1266 ln
895 1211 1018 1266 textum
1040 1202 1255 1266 introduxere

161 1298 215 1400 πρὸ
227 1303 346 1366 scilicet
365 1313 438 1366 nate
458 1321 593 1384 sospem
616 1305 701 1368 uude
721 1304 879 1367 sermonis
910 1303 1022 1366 ordine
1043 1313 1076 1366 et
1099 1324 1194 1368 sensu
1223 1325 1254 1368 e·

163 1404 265 1479 versis,
286 1406 425 1469 deducta
447 1416 496 1468 est
515 1417 629 1471 contra
652 1407 806 1470 Auctoris
825 1423 984 1484 scopum,
1012 1404 1051 1468 de
1072 1405 1253 1474 animarum

162 1507 390 1582 praeexistentia
413 1508 532 1588 opinio.

226 1603 378 1686 Quisquis
395 1627 472 1671 vero
493 1608 607 1672 scdulo
622 1607 771 1688 Origenis
792 1618 931 1672 mentem
950 1609 982 1670 in
997 1609 1149 1689 pericope
1163 1624 1254 1671 scru-

163 1713 233 1770 tatns
251 1708 364 1782 inerit,
384 1711 490 1790 ipsum
505 1711 644 1787 noterit,
661 1719 793 1791 praeter
808 1728 845 1773 ea
869 1727 954 1789 quae
967 1727 1065 1789 sopra
1082 1709 1193 1772 dccnlt
1213 1727 1255 1776 ex

160 1810 297 1884 parabola
318 1811 360 1873 de
378 1812 490 1874 otiosis
510 1811 543 1874 in
564 1810 660 1887 loro,
683 1830 725 1873 ex
745 1812 862 1875 ceteris
882 1828 1016 1891 qnoque
1037 1812 1253 1888 investigare,

161 1927 224 1973 unm
244 1910 313 1974 deri
335 1921 455 1990 posset,
477 1911 636 1988 addendo,
654 1919 690 1974 ut
710 1928 748 1974 ea
768 1912 841 1976 loca
863 1919 956 1974 extra
982 1911 1105 1972 vineam
1127 1928 1256 1974 suman·

161 2019 204 2074 tur
222 2029 279 2092 pro
300 2015 484 2076 animarum
504 2021 591 2076 statu
613 2031 676 2076 non
696 2014 729 2076 ln
748 2013 812 2076 lton
832 2012 953 2080 muodo
979 2019 1115 2087 tautum,
1140 2029 1254 2078 verunt

159 2116 240 2177 etiam
261 2134 324 2195 pro
343 2115 448 2178 altera
468 2116 501 2176 iu
521 2114 637 2178 laturo
656 2115 770 2178 seculo
792 2114 871 2193 rita;
893 2113 948 2176 ulti
969 2114 1095 2176 animae
1115 2131 1255 2193 corpora

160 2225 315 2296 exemptae
337 2215 458 2294 pariter
479 2222 672 2293 operentur,
694 2214 880 2294 etquidem
905 2214 972 2276 sina
993 2215 1061 2276 otio
1083 2215 1180 2277 vitam
1203 2213 1258 2276 de-

160 2329 230 2395 pant.
252 2317 297 2381 Et
316 2317 359 2380 ol)
380 2318 442 2380 doc
462 2317 494 2378 in
514 2318 566 2380 sui
587 2315 707 2380 adserti
737 2316 841 2379 rodon
862 2315 1036 2396 prophetas
1066 2321 1191 2388 veteres
1213 2316 1257 2378 ci·

160 2427 215 2481 ut:
236 2417 340 2483 «Nec
361 2420 458 2492 enim,
481 2418 640 2496 inquiens,
658 2419 688 2480 in
706 2419 774 2481 otio
794 2425 869 2480 snut
891 2418 1028 2493 animae,
1050 2423 1260 2496 separataea

162 2537 302 2600 corpore,
323 2521 566 2600 operariorum,
579 2537 665 2598 quae
679 2527 863 2598 assumptae
876 2528 951 2582 suot
966 2522 997 2583 in
1017 2519 1185 2599 praedium
1201 2518 1260 2583 Pa·

160 2621 356 2685 tristamilias.
380 2617 478 2683 Certe
498 2637 582 2698 opos
604 2619 755 2694 iaciebat,
778 2628 948 2699 postquam
971 2637 1110 2699 corpore
1131 2619 1261 2700 expedi-

161 2729 281 2796 tuaest,
300 2720 433 2784 Samuel
457 2722 631 2784 vaticinans
641 2741 654 2799 3
671 2739 729 2783 nec
749 2737 813 2782 noo
833 2730 865 2783 ot
880 2717 1059 2783 llleremias
1082 2737 1141 2798 pro
1160 2739 1262 2801 popu·

158 2822 186 2884 lo
202 2841 307 2886 omns.
330 2821 449 2902 Magno
470 2841 549 2902 erpo
568 2822 676 2884 studio
700 2823 783 2884 vires
803 2823 836 2882 in
858 2820 1035 2883 excolenda
1060 2824 1170 2894 niuea,
1192 2825 1260 2887 sire

160 2925 184 2984 in
202 2925 261 2987 lroc
283 2941 423 3003 corpore
451 2924 641 2996 constituti,
663 2923 732 2984 sive
761 2929 855 2984 extra
882 2920 962 2982 illud
997 2921 1260 3000 peregrinantes,
1329 2907 1331 2912 ¹

159 3027 391 3099 contendamus,
414 3024 562 3088 mercede
583 3025 660 3087 olim
682 3041 786 3102 aequa
812 3021 961 3086 donandi.
980 3040 996 3081 a
1019 3019 1100 3088 Cnnt
1123 3023 1262 3101 lpitnre

159 3130 304 3191 sermonis
334 3127 448 3190 ordine
469 3135 502 3188 et
522 3128 662 3190 maxime
683 3127 724 3187 alr
744 3126 852 3186 allatis
880 3123 1059 3202 exemplis,
1083 3125 1113 3190 lo
1142 3125 1262 3204 quibua

159 3231 272 3292 animae
302 3227 555 3302 defunctorum,
578 3228 634 3306 qui
662 3225 729 3305 jarn
759 3226 925 3288 decessere
948 3222 1152 3302 (nullimode
1184 3241 1262 3286 reru

160 3329 401 3406 praeexistentes
415 3328 552 3398 animae,
568 3343 653 3405 quae
673 3334 747 3388 ante
764 3343 885 3404 oorpus
908 3322 1056 3395 luissent)
1073 3341 1260 3403 nuncupan-

160 3437 217 3507 tnr,
238 3439 338 3511 patet,
370 3428 456 3492 ltaud
480 3429 672 3506 partientem
693 3424 757 3520 πρὸ
776 3435 861 3498 cate,
890 3426 945 3488 scd
968 3425 1074 3504 potius
1095 3417 1153 3506 ἔξω
1172 3435 1263 3496 extra

161 3531 347 3612 inscripsisse
367 3529 561 3609 origenem,
584 3547 643 3592 nec
664 3531 761 3591 aliter
779 3527 1008 3606 suspicandum
1035 3535 1093 3588 est.
1124 3525 1264 3590 Diversi·

161 3633 243 3696 mode
263 3651 405 3713 namque
425 3629 584 3695 Samuelis
605 3637 636 3692 st
659 3627 841 3694 Hieremiae
863 3627 1011 3706 exempla
1034 3634 1126 3694 extra
1148 3644 1266 3706 propo·

162 3731 248 3795 situm
270 3733 395 3807 flerent,
420 3732 566 3810 uiditque
587 3731 778 3809 argumento
799 3727 999 3810 prodessent.

229 3834 402 3898 Prneterea
423 3833 555 3898 aliunde
585 3834 786 3912 propositum
810 3830 894 3893 tueri
918 3845 1101 3909 possumus.
1123 3825 1155 3890 Si
1180 3828 1264 3892 enim

161 3931 308 4014 Origenes
325 3937 421 4017 juxta
443 3934 706 3998 adversariorum
723 3943 941 4013 praetextum,
962 3931 1001 3995 de
1016 3931 1198 3994 animarum
1219 3929 1268 3994 lo·

164 4047 313 4112 queretur
343 4037 612 4116 praeexistentia,
634 4051 814 4113 earumque
843 4034 981 4096 statione
1004 4031 1034 4092 in
1064 4030 1162 4093 coelis
1194 4036 1268 4089 anta

164 4151 330 4218 corporum
351 4138 574 4204 indumentum
580 4157 593 4215 3
610 4134 1020 4215 uniformiterpraarulssis
1043 4131 1144 4192 tribus
1160 4129 1269 4190 distin·

91 4270 92 4315 4
164 4238 215 4299 ctis
233 4239 314 4302 locis
333 4239 403 4304 sire
421 4237 613 4307 stationibus
634 4255 693 4316 pro
708 4237 888 4309 animabus,
907 4252 971 4299 nuo
985 4241 1058 4296 ante
1073 4248 1205 4311 corpus,
1222 4228 1269 4290 al-

164 4343 225 4401 tero
244 4341 276 4402 in
296 4356 448 4419 corpore,
472 4340 568 4402 tertio
582 4347 676 4401 extra
698 4355 830 4417 corpus,
847 4336 931 4398 idest·
949 4350 1105 4413 corporea
1120 4331 1267 4394 substan·

166 4438 202 4500 tia
222 4443 326 4506 exutis
348 4443 393 4518 liu
407 4443 526 4522 quibus
547 4437 701 4503 omnibus'
711 4447 804 4505 actus
824 4457 901 4501 snos
923 4441 1099 4500 exerceant
1114 4440 1171 4497 aut
1192 4447 1268 4508 ope-

167 4545 290 4619 rentur)
313 4560 442 4606 necessc
464 4542 559 4619 toret,
582 4539 759 4605 dummodo
781 4539 860 4608 vetit
879 4539 938 4602 aidi
961 4556 1030 4602 osse
1051 4549 1268 4612 consequens,
