3375 5567
539 807 678 875 catur
700 804 820 875 xvrrt.
1175 706 1235 774 m

161 1006 327 1095 leptim
343 1014 447 1097 ipsis,
467 1015 506 1077 ds
523 1012 656 1077 mebris
674 1009 903 1091 cessionem,
925 1014 962 1076 de
982 1012 1107 1095 istesso
1127 1035 1164 1079 oc
1185 1017 1237 1079 ds·

184 1137 254 1181 naar
270 1120 305 1181 do
323 1120 390 1182 loeo
408 1116 446 1182 ia
465 1116 534 1181 oito
550 1117 666 1197 {staro
682 1134 744 1195 pro
768 1114 953 1181 ammarum
973 1114 1152 1199 expiatione
1171 1116 1235 1181 sior

183 1219 415 1302 ieParputorio,
433 1238 515 1303 pane
527 1218 624 1283 senat
638 1215 798 1298 Mosam.

159 1471 212 1592 No
229 1528 346 1592 taedeat
365 1528 546 1592 lectorem:
569 1523 676 1591 adlruc
697 1523 926 1604 expendendae
941 1535 1117 1605 supersunt
1137 1546 1237 1607 quae·

156 1631 208 1692 dan
224 1632 341 1694 luendi
356 1630 520 1693 lormulae
534 1628 621 1708 apud
643 1626 865 1706 Evangelistas
882 1626 1056 1707 praecipue
1070 1632 1102 1693 in
1119 1648 1179 1693 usu
1197 1631 1236 1692 de

157 1735 201 1793 rita
220 1733 321 1797 iutnrs
343 1732 492 1809 locutos3
512 1730 694 1813 cujusmodi
715 1738 791 1792 sunl
810 1723 895 1817 ᾳδης
916 1726 1076 1811 inseram,
1097 1732 1238 1813 pedenna

154 1831 226 1911 ipris,
237 1831 563 1897 asolroeenteriores.
579 1831 662 1897 Cum
678 1832 762 1895 enim
781 1834 947 1897 rarlmude
967 1833 1009 1894 ab
1027 1834 1167 1914 origene
1183 1836 1235 1911 (si-

154 1940 266 2000 cutieta
282 1940 396 2017 priscis
409 1935 574 1999 Ecclesiae
587 1936 747 2017 patribus)
760 1943 910 2018 sumplac
922 1938 998 2011 sint,
1014 1944 1047 1999 et
1061 1937 1236 2012 discussae,

154 2038 329 2115 adversariis,
346 2039 439 2102 nulla
460 2041 493 2101 iu
513 2040 551 2103 iis
572 2040 738 2102 vocabulis
758 2050 872 2103 exacta
896 2040 1110 2114 distinctione,
1135 2040 1237 2103 visum

155 2149 188 2200 est
203 2140 265 2203 ideo
284 2158 303 2201 a
324 2148 416 2203 reeta
438 2138 501 2202 lide
521 2140 561 2201 de
574 2139 810 2219 suppliciorum
832 2140 1036 2213 aeternitate,
1058 2138 1237 2203 Auctorem

153 2248 271 2304 sotrum
290 2239 461 2314 deiecisse,
483 2237 569 2318 quod
587 2240 713 2318 penitus
735 2237 852 2301 ialsum
874 2246 933 2301 est.
951 2237 1162 2319 Quapropter
1183 2240 1239 2303 has

153 2343 288 2419 speciatim
302 2342 460 2405 dictiones
480 2341 639 2415 scrutati,
655 2340 777 2420 duplici
797 2357 892 2403 sensu
908 2342 1127 2419 comperimus
1141 2339 1239 2423 inser·

152 2460 209 2504 aaa
225 2442 504 2523 comprehendisse
525 2440 766 2517 Maurentium,
788 2441 868 2505 alias
889 2443 1037 2521 generice
1056 2450 1236 2521 sumptum,

152 2542 235 2605 locum
253 2544 409 2606 nimirum
422 2541 653 2605 defunctorum
673 2542 841 2605 animabus
855 2550 927 2623 post
948 2549 1087 2605 mortem
1102 2542 1240 2606 destina·

152 2652 221 2723 tra,
240 2646 318 2709 alias
338 2644 476 2709 seorsim
497 2661 557 2723 pro
579 2650 816 2706 tormentorum
836 2642 924 2716 loco,
944 2643 1000 2707 ubi
1019 2643 1143 2723 jugiter
1163 2661 1239 2724 pra·

153 2746 389 2826 durqneutur.
413 2744 477 2809 lix:
497 2762 527 2825 g.
548 2765 565 2804 ι
586 2744 646 2809 Sed
668 2743 828 2807 etinlomi
850 2744 955 2819 locus,
978 2746 1093 2825 inquit,
1117 2746 1149 2807 in
1169 2764 1237 2825 quo

152 2847 252 2910 rainae
271 2847 533 2910 detinebantura
549 2853 667 2920 morte,
683 2846 782 2907 etiam
804 2846 871 2923 ipse
894 2862 980 2908 mors
1001 2846 1198 2926 appellatur.
1223 2866 1239 2905 s

152 2944 237 3009 liiii:
257 2950 288 3010 in
304 2948 568 3021 noctescunt,
585 2946 787 3027 triumphans
801 2946 962 3023 Christus,
979 2950 1125 3026 perrexit
1138 2949 1235 3011 etiam

151 3048 309 3112 isdomum
333 3049 462 3124 mortis,
483 3050 515 3110 in
536 3048 719 3124 infernum,
740 3054 778 3112 ut
797 3047 870 3110 inde
892 3066 966 3111 rasa
988 3048 1059 3129 ejus
1087 3049 1263 3130 eriperet··

151 3146 213 3212 llem
229 3151 320 3225 dicit,
341 3148 463 3213 Christi
484 3150 622 3213 animam
643 3167 707 3213 non
727 3151 916 3213 derelictam
944 3168 1013 3213 ease
1035 3150 1066 3212 in
1088 3150 1236 3214 interno:

150 3267 178 3313 ac
193 3270 246 3331 pro
257 3253 369 3316 salute
388 3251 499 3315 mundi
517 3270 623 3332 usque
643 3253 683 3314 ad
704 3250 867 3315 infernum
886 3251 1098 3327 descendisse,
1116 3261 1147 3315 ct
1169 3251 1241 3317 iuda

152 3348 288 3417 ldamnm
304 3373 489 3417 revocasse.
507 3350 553 3415 lta
567 3352 679 3416 scriltit
702 3350 805 3414 Tomo
822 3351 845 3415 l.
861 3350 897 3414 ia
909 3350 1063 3416 Ioannem
1075 3372 1108 3415 ιι.
1131 3347 1182 3418 dd.
1210 3360 1243 3417 el

151 3452 367 3534 iallpistolom
386 3456 430 3517 ud
450 3452 607 3517 Romanoa
624 3452 724 3516 Libro
745 3450 782 3515 V.
806 3470 837 3516 ιι.
859 3452 909 3522 10.
920 3475 931 3533 3
954 3455 1148 3536 quibuscum
1170 3454 1244 3518 Ori·

151 3568 226 3628 paca
241 3556 341 3637 juxta
365 3562 511 3618 velerum
534 3555 750 3618 hebraeorum
766 3554 970 3619 traditionem
991 3557 1053 3619 sub
1073 3557 1155 3619 sosoi
1174 3558 1243 3620 sire

149 3649 213 3737 udae
230 3660 297 3721 sire
318 3652 443 3738 iaterai
463 3656 623 3719 uocabulo
646 3656 768 3719 sariam
799 3656 981 3719 animarum
1012 3658 1242 3721 deiunctorum
1315 3692 1324 3704 ·

153 3760 388 3834 nemeaeutarit
401 3757 615 3820 conditionem
636 3759 667 3819 in
683 3757 798 3821 iuturu
818 3758 941 3821 meula.
961 3754 1081 3821 Verum
1097 3760 1244 3839 aliquau-

153 3856 183 3917 do
198 3878 233 3919 eo
249 3858 380 3921 nomine
403 3858 624 3920 tantummodo
646 3866 882 3921 tormentorum
896 3858 1007 3922 locum
1027 3860 1181 3941 designat,
1204 3860 1244 3923 si·

152 3959 202 4019 uu
220 3980 237 4022 e
256 3968 371 4022 contra
395 3958 564 4022 matorum
585 3960 694 4022 sedem
717 3970 810 4022 roeat
825 3957 976 4023 Abrahae
998 3962 1116 4036 sinum,
1143 3961 1242 4045 veluti

155 4054 272 4125 ilonilia
287 4058 392 4123 lX.s'a
410 4057 591 4123 leviticum.
611 4058 737 4123 Pariter
750 4057 789 4122 ia
804 4059 968 4125 Paulinam
980 4060 1039 4125 tx.
1056 4060 1246 4125 &aenton-

154 4168 193 4220 tur
205 4174 378 4240 peccatores
391 4158 427 4225 ia
446 4161 608 4245 intersum
629 4172 690 4227 etc.
706 4163 802 4239 sicut,
817 4164 937 4243 iuquit,
952 4164 1120 4242 paradisus
1138 4162 1242 4242 iusto-

156 4276 211 4322 rum
229 4276 275 4327 est
297 4265 535 4336 habitaculum,
550 4266 596 4327 sic
615 4264 762 4327 inienuus
783 4272 990 4346 peecatorum
1007 4273 1053 4327 est
1075 4264 1114 4327 ad
1138 4264 1261 4326 seren.

155 4362 185 4423 la
199 4367 352 4445 supplicia
373 4366 584 4429 domicilium.
608 4382 626 4421 a
647 4363 791 4445 ideoque
807 4364 904 4446 juxta
923 4368 1044 4429 variam
1067 4365 1164 4445 hujus
1187 4382 1242 4426 ro·

156 4464 243 4527 alnlt
263 4468 454 4531 relationem
475 4467 507 4529 in
527 4467 656 4545 scriptis
678 4464 850 4546 origenis,
879 4466 922 4529 ita
945 4483 1077 4546 quoqne
1098 4466 1242 4546 ejusdem

156 4582 247 4629 sensns
268 4571 377 4644 veuit,
405 4568 487 4632 adeo
508 4576 545 4631 ut
563 4568 609 4631 nil
629 4565 672 4629 sit
690 4565 764 4629 iude
783 4566 963 4631 eruendum
992 4576 1105 4632 contra
1126 4567 1242 4647 dogma

157 4662 186 4725 tc
202 4672 384 4735 aeternitate
405 4688 594 4753 poenarum.
