3375 5567
223 791 401 856 parumper
421 775 452 836 in
472 772 613 854 Origene
631 771 776 836 admissis
797 773 938 847 erratis,
967 788 1060 834 nomo
1084 772 1274 852 ceteroquin
1294 773 1337 836 ob

222 877 335 940 oeulos
355 883 471 940 cuncta
492 875 591 956 ipsius
604 874 725 955 scripta
741 876 878 954 genuina
892 873 1024 950 babens,
1038 890 1098 936 uec
1113 873 1265 953 ignorare
1281 891 1341 938 uec

221 979 349 1041 mentiri
371 987 488 1058 potest,
508 979 614 1039 sarias
628 977 659 1037 in
680 976 755 1055 ipsis
771 981 987 1054 pertractatas
1006 974 1210 1054 quaestiones
1230 991 1342 1038 sanam

221 1080 426 1161 praeseferre
441 1079 621 1142 doctrinam
629 1097 641 1157 ;
664 1085 697 1140 et
710 1076 795 1139 istud
811 1094 875 1138 non
894 1077 1002 1140 solnm
1025 1078 1222 1139 recentiores
1237 1075 1339 1139 laton·

222 1191 289 1244 tur:
312 1182 366 1243 sed
388 1188 422 1243 at
442 1186 569 1243 veteres
590 1179 758 1260 praecipui
777 1177 922 1257 ejusdem
943 1176 1121 1240 adversarii
1136 1173 1336 1257 Tbeopbilns

222 1274 255 1346 el
275 1279 494 1362 Hieronymus
516 1281 587 1359 (etsi
602 1298 665 1342 non
686 1279 726 1342 de
741 1279 890 1342 omnibns
904 1277 1017 1356 libris)
1039 1277 1125 1340 band
1142 1276 1336 1341 inficiantur.

222 1381 397 1460 Quomodo
418 1399 497 1461 ergo
518 1381 590 1444 lieri
609 1388 727 1462 potest,
744 1387 781 1442 ut
801 1379 931 1442 nntlum
952 1387 1024 1459 post
1043 1397 1077 1442 se
1098 1379 1129 1440 io
1146 1379 1194 1441 bis
1217 1385 1335 1442 tracta·

224 1485 310 1550 tibus
332 1487 503 1564 vestigium
519 1490 577 1546 ant
597 1481 845 1556 retractationis,
862 1488 920 1544 ant
932 1480 1175 1556 emendationis,
1192 1481 1336 1560 relique·

222 1586 279 1660 rit,
296 1585 382 1648 nude
403 1585 659 1664 dignosceretur,
674 1601 709 1645 se
723 1582 897 1663 aliqnando
918 1599 994 1645 sana
1009 1581 1159 1662 dogmata
1175 1580 1339 1646 contutan-

219 1705 254 1751 se
275 1695 308 1749 et
329 1673 490 1749 haeretica
512 1686 688 1750 adstruisse
700 1705 711 1763 ;
743 1693 801 1748 aut
821 1683 920 1747 aliter
939 1703 973 1747 se
994 1701 1142 1759 errasse,
1166 1703 1205 1750 ac
1226 1691 1338 1764 postea

220 1789 394 1868 resipuisse
414 1787 633 1863 damnantem,
655 1804 741 1868 qnae
761 1795 855 1850 antea
877 1787 1074 1866 probaverat
1094 1783 1238 1849 illusus?

303 1886 521 1952 Nihilominus
546 1888 690 1966 (libellus
709 1891 793 1952 enim
820 1888 1035 1968 poenitentiae
1067 1885 1200 1967 Origeui
1223 1887 1338 1950 inseri·

220 1998 311 2068 ptus,
326 1988 368 2050 de
390 2008 458 2069 qno
479 1989 625 2063 interius,
647 1991 732 2051 iuter
751 1989 955 2072 apocryphos
976 1987 1201 2059 demandatur)
1222 1986 1336 2050 nibilo-

220 2089 339 2166 minus,
355 2091 499 2171 inquam,
515 2092 547 2152 in
568 2092 692 2153 cunctis
707 2109 766 2154 nec
780 2107 917 2153 numero
944 2089 1075 2170 quidem
1097 2090 1220 2170 paneis,
1250 2104 1337 2168 quaa

220 2189 318 2254 modo
332 2201 518 2272 supersunt,
534 2193 666 2256 sinceris
686 2193 828 2272 scriptis,
844 2191 1038 2271 quibusdam
1058 2193 1090 2255 in
1106 2191 1334 2270 adolescentia,

218 2293 344 2355 allisio
367 2293 531 2367 virilitate,
553 2291 670 2354 ceteris
690 2293 723 2354 in
743 2300 910 2356 senectute
930 2291 1035 2367 aditis,
1058 2309 1163 2373 noque
1184 2291 1333 2372 Origenia

218 2409 349 2454 errores
363 2401 544 2470 eruuntur3
560 2410 619 2454 nec
633 2391 738 2454 multo
754 2392 857 2454 minus
879 2390 1073 2469 palinodiam
1094 2409 1204 2454 coram
1219 2391 1333 2458 Eccle-

210 2480 264 2556 'sta
286 2508 430 2572 nuquam
451 2493 599 2554 emissam
619 2492 768 2570 legimus.
793 2489 972 2556 Videretnr
991 2495 1076 2556 enim
1101 2493 1330 2570 necessarium,

217 2600 257 2656 nt
277 2593 360 2656 banc
379 2592 476 2654 animi
496 2593 547 2656 sui
571 2593 622 2655 rel
642 2592 717 2656 tidei
732 2593 972 2657 instabilitatem
992 2594 1234 2673 quodammodo
1255 2595 1337 2658 indi·

217 2701 321 2769 caret,
335 2697 404 2758 sive
418 2703 506 2757 recte
520 2702 614 2756 antea
629 2695 781 2773 sentiens,
804 2697 918 2759 deinde
933 2713 1033 2777 prava
1053 2696 1257 2775 complexus,
1274 2715 1334 2760 sen

218 2811 260 2856 ex
274 2792 414 2856 adverso
433 2810 533 2874 prava
550 2793 641 2873 prius
655 2797 852 2875 concipiens,
863 2813 901 2857 ac
924 2802 1035 2875 postea
1051 2804 1176 2858 mutato
1197 2795 1333 2860 consilio

216 2893 319 2974 probe
340 2892 533 2956 incedensirs
546 2892 619 2956 tide.
635 2891 678 2957 tlt
698 2896 883 2957 summatim
905 2894 1022 2971 dicam,
1038 2913 1114 2958 cum
1135 2895 1215 2958 alias
1237 2895 1331 2972 bene,

217 2995 298 3057 alias
312 2992 397 3056 male
411 2995 577 3074 putaverit
590 3002 623 3056 et
634 2993 796 3070 docuerit,
807 2996 989 3058 necessario
1005 2998 1118 3058 mentis
1130 3013 1223 3070 snae,
1239 3012 1333 3077 proo-

217 3095 330 3158 sertim
345 3098 377 3156 iu
389 3094 655 3159 substantialibus
666 3095 740 3158 lidei
754 3095 947 3158 christianae
958 3096 1117 3171 articulis,
1127 3096 1331 3160 manifestan-

218 3197 259 3259 da
272 3204 345 3260 eret
358 3196 543 3271 conversio,
552 3195 758 3259 retractando
771 3205 829 3259 ant
842 3196 1069 3277 vituperando,
1080 3213 1165 3275 qnae
1175 3197 1266 3278 prius
1277 3196 1333 3260 ad·

214 3301 364 3363 struisset
378 3319 386 3359 :
402 3305 460 3360 ant
473 3298 588 3361 saltem
610 3298 785 3372 innuendo,
801 3317 836 3361 se
851 3299 883 3360 in
903 3297 1062 3362 similibus
1088 3299 1331 3378 quaestionibus

215 3409 359 3464 mutasse
373 3401 556 3476 consilinm,
574 3417 613 3462 ue
627 3418 737 3463 coram
759 3401 904 3464 ecclesiis
925 3400 1132 3480 ignominiosa
1147 3400 1331 3480 corripere·

220 3508 275 3563 tnr
298 3502 357 3563 riri
380 3501 586 3564 inconstantis
606 3509 700 3580 nota;
722 3519 760 3565 ac
775 3501 899 3566 nullius
919 3502 1073 3565 momenti
1088 3501 1202 3580 flerent
1224 3500 1332 3565 totla-

220 3599 318 3665 bores
339 3619 400 3680 pro
421 3598 551 3667 Cbristo
572 3601 715 3681 impensi.

734 3806 807 3870 xtl.

293 3997 440 4080 Denique
460 4003 677 4070 absurdarum
699 4009 913 4088 praecipuum
926 4027 969 4073 ex
983 4009 1197 4091 praesumptis
1211 4008 1326 4091 Origo·

213 4100 262 4162 nis
279 4103 447 4168 erroribus
469 4105 554 4168 istud
576 4117 835 4189 consequeretur
857 4106 1077 4174 novissimum:
1095 4111 1202 4191 ipsum
1218 4109 1330 4174 videli-

213 4209 264 4262 cet
285 4206 451 4282 propriam
471 4207 697 4288 subscripsisse
729 4212 968 4289 perditionem,
991 4219 1185 4274 asserentem
1212 4229 1248 4274 se
1268 4229 1353 4274 non¹

213 4303 366 4379 credere,
385 4323 470 4386 qnae
492 4315 598 4370 tamen
619 4309 697 4373 dicit
716 4313 900 4376 omnimode
921 4313 1019 4376 saluti
1042 4319 1192 4376 aeternae
1220 4327 1329 4375 neces·

211 4405 309 4480 saria,
332 4413 365 4467 et
385 4424 527 4485 quorum
546 4427 656 4472 coram
673 4409 818 4476 Ecclesia
833 4421 1017 4494 propugnat
1038 4414 1282 4489 necessitatem
1299 4417 1332 4475 et

214 4504 288 4568 binc
309 4514 420 4571 contra
449 4526 483 4571 sc
504 4510 609 4590 ipsum
630 4518 731 4576 staret
757 4512 871 4593 jndex.
894 4512 1008 4580 Nonne
1032 4515 1082 4578 air
1101 4530 1177 4576 sane
1201 4513 1331 4577 domem

1131 4612 1193 4682 36*
