3375 5567
448 785 604 865 sniplinls)
618 786 796 851 haereticas
809 788 976 869 opiniones
989 799 1183 870 genuerunt,
1210 797 1243 855 at
1255 809 1316 856 cen
1329 793 1439 856 vitulas
1456 811 1537 874 qun·

451 888 525 950 dam
545 903 663 952 aureas
683 889 831 953 irhricnti
853 891 979 956 suntin
1002 888 1128 966 Bethel,
1150 910 1234 973 quse
1258 895 1479 976 interpretator
1495 895 1537 956 dc»

446 1007 521 1051 mas
543 987 612 1054 nst.
636 988 693 1055 llis
715 993 794 1056 mihi
816 991 947 1057 ridetur
968 993 1067 1057 tacite
1083 994 1230 1070 indicari,
1248 1011 1307 1060 aua
1329 1013 1381 1060 eos
1401 1013 1539 1059 commen·

451 1099 483 1155 ta
502 1090 664 1156 allinxiese
684 1091 884 1176 Serlptnris3
912 1095 1084 1176 inquibus
1113 1094 1172 1160 llei
1195 1099 1329 1162 verbnm
1356 1098 1489 1177 hahilal3
1513 1107 1540 1161 et

450 1210 537 1272 qnae
556 1195 682 1274 tropice
702 1195 911 1275 appellantur
932 1193 1067 1262 Bethel.
1085 1243 1092 1258 .
1110 1243 1119 1259 .
1136 1195 1186 1262 Tu
1208 1198 1326 1278 igitur,
1347 1195 1474 1260 Domine
1492 1197 1539 1274 lili,

450 1297 625 1375 praecipue
645 1297 775 1359 attende
795 1295 979 1362 divinarum
994 1298 1240 1380 Scripturarnm
1261 1300 1417 1378 localem,
1436 1300 1485 1362 sed
1503 1311 1541 1362 at·

451 1395 564 1460 tende.-
579 1398 685 1460 mnlta
703 1400 787 1463 enim
801 1403 978 1464 attentione
991 1401 1095 1476 now,
1111 1401 1169 1481 qni
1187 1401 1293 1464 divina
1309 1403 1458 1482 legimns,
1473 1419 1540 1482 epm

358 1507 362 1514 '
449 1505 498 1562 est
506 1519 518 1577 3
530 1516 570 1561 ne
585 1497 625 1563 de
639 1499 677 1563 iia
689 1499 799 1581 aliqua
814 1502 1080 1568 inconsideratius
1095 1503 1240 1568 dieamus
1254 1513 1312 1568 ant
1323 1507 1498 1568 sentiamus.
1509 1500 1541 1564 lll

449 1601 616 1664 attendens
636 1601 821 1666 divinarum
843 1621 956 1667 rernm
977 1605 1106 1668 lectioni
1128 1625 1202 1670 nnrn
1225 1604 1325 1682 lideli,
1340 1616 1373 1668 et
1389 1622 1468 1684 qnae
1487 1601 1541 1666 llec

452 1705 591 1784 placent,
613 1706 785 1784 anticipato
805 1706 979 1786 opinione,
1002 1709 1095 1786 pnlss
1117 1724 1202 1789 qnae
1222 1709 1254 1771 ln
1279 1708 1317 1772 lis
1337 1708 1444 1773 claim
1463 1715 1540 1779 sunt,

330 1857 335 1868 .
450 1815 484 1871 et
502 1807 669 1886 operimur
690 1807 745 1870 tihi
767 1825 787 1870 a
805 1809 968 1889 janitore,
991 1809 1030 1873 de
1051 1825 1117 1890 quo
1138 1809 1222 1873 dixit
1235 1807 1354 1874 lesnes
1376 1805 1448 1872 tote
1465 1803 1542 1870 ortis·

448 1908 519 1971 rirsr
539 1909 641 1990 operit
660 1919 721 1974 etc.
743 1929 762 1968 s

532 2009 665 2077 Cernite
679 2031 759 2092 ergo
780 2030 844 2094 qua
860 2031 943 2078 cura
963 2011 1176 2094 Gregorinm‚
1198 2023 1237 2079 nt
1256 2021 1354 2078 cante
1372 2031 1407 2077 se
1426 2009 1543 2091 gerstin

447 2131 640 2193 graecarum
662 2114 898 2178 institutionum
918 2113 1048 2192 studio,
1072 2124 1200 2178 moneet
1220 2111 1398 2195 Origenes,
1419 2127 1543 2176 asserens

448 2234 504 2279 eae
524 2218 556 2279 in
579 2214 721 2279 Ecclmia
743 2213 863 2280 Christi
885 2217 1046 2296 peperisse
1068 2216 1228 2280 haereses.
1264 2213 1305 2279 Et
1326 2217 1355 2280 sl
1376 2215 1448 2278 talia
1468 2229 1543 2294 prae·

448 2327 540 2397 cepta
561 2317 722 2396 Gregorio
744 2317 850 2380 tradat
871 2317 1009 2393 ductor,
1033 2319 1100 2392 rix,
1123 2326 1224 2395 puto,
1246 2315 1475 2381 admittendum
1493 2319 1541 2384 est,

450 2418 536 2480 hnne
555 2419 587 2480 in
607 2419 674 2481 auls
694 2419 848 2499 operibus
868 2418 1048 2497 platonicae
1069 2419 1228 2482 coaluisse
1253 2418 1493 2499 philosophiae,
1511 2431 1541 2477 ae

448 2519 568 2581 sirenis
583 2519 855 2598 superseminasse
876 2520 907 2582 in
923 2537 1004 2600 agro
1023 2518 1196 2594 dominico,
1214 2529 1250 2582 nt
1270 2519 1346 2582 inde
1360 2537 1440 2582 nora
1454 2535 1488 2578 an
1501 2533 1542 2595 pe·

448 2620 577 2699 regrina
597 2618 746 2698 dogmata
769 2619 937 2682 induceret
957 2622 989 2682 in
1012 2618 1156 2683 lidclinm
1180 2626 1338 2696 coelum,
1359 2619 1545 2700 quemadmo-

447 2721 524 2783 dum
539 2739 615 2783 enm
630 2720 807 2798 culparunt
820 2719 1009 2782 adversarii.
1025 2718 1212 2797 Quinimmo
1224 2730 1256 2785 et
1269 2721 1312 2784 oh
1330 2722 1391 2785 hoc
1407 2721 1543 2785 monitu·

446 2817 607 2900 Gregorio
628 2819 833 2901 praebitum,
855 2820 952 2884 liceat
972 2820 1111 2900 amplius
1135 2821 1226 2884 nohis
1250 2819 1401 2901 Origenis
1422 2827 1542 2884 mentem

446 2921 480 2984 in
500 2923 560 2987 hec
580 2922 769 3002 quaestione
789 2929 822 2984 et
841 2923 943 2985 salins
963 2922 1253 3001 comprehendere,
1275 2931 1305 2986 et
1328 2923 1426 2987 alitor
1444 2923 1481 2984 ah
1497 2939 1540 2995 eo,

448 3023 488 3086 de
502 3042 569 3104 qno
583 3025 754 3104 hocusque
767 3024 973 3087 insimulatus
987 3023 1070 3102 luite
1087 3025 1182 3097 illud,
1197 3025 1343 3104 inquom,
1363 3024 1543 3088 animadver·

450 3126 602 3201 tentihns,
617 3126 705 3206 qnod
720 3127 764 3188 ait
785 3125 817 3186 in
838 3124 940 3187 altero
964 3121 1107 3204 Epistola
1129 3122 1252 3203 (Temo
1276 3125 1299 3188 l.
1321 3145 1354 3208 p.
1376 3125 1427 3205 Μ
1446 3125 1544 3189 sdver-

448 3245 504 3290 sna
517 3245 586 3299 eos,
608 3228 664 3306 qui
680 3229 812 3289 nimiam
831 3224 903 3305 ejus
917 3242 1030 3290 curem
1052 3227 1084 3288 io
1105 3224 1280 3307 disciplinis
1294 3228 1485 3306 graecanicis
1502 3241 1542 3287 ar·

448 3325 610 3405 guelsant:
627 3346 644 3386 ι
660 3325 741 3389 Com
765 3342 861 3400 vero,
885 3326 1011 3405 inquit,
1045 3342 1096 3389 me
1118 3335 1222 3393 totum
1244 3327 1439 3392 oddixleeem
1461 3325 1542 3388 serm

450 3423 522 3499 liei,
536 3445 574 3488 ac
594 3427 634 3489 de
654 3436 762 3490 nostra
778 3427 961 3490 eruditione
977 3426 1061 3490 lema
1077 3426 1146 3506 jam
1164 3428 1327 3492 celebrior
1339 3434 1540 3510 spargeretur,

447 3527 682 3591 conllnenlibns
702 3527 742 3589 ad
764 3544 922 3590 menone
945 3526 1126 3606 haereticis,
1149 3545 1233 3592 nnnc
1254 3545 1447 3608 graecarum
1465 3527 1541 3592 diani-

448 3628 610 3707 plinarnm
630 3629 782 3692 studiosis
802 3635 836 3690 et
858 3629 997 3691 maxime
1018 3629 1239 3709 philosophis3
1259 3632 1404 3694 scrutari
1424 3625 1541 3694 haereti

448 3747 563 3792 eornm
577 3730 741 3808 dogmata,
757 3735 791 3790 et
802 3745 1029 3808 quaecumque
1050 3747 1068 3792 a
1091 3730 1290 3809 philosophis
1303 3730 1346 3794 de
1366 3731 1494 3794 veritate
1503 3727 1541 3807 ia·

448 3838 589 3905 utantur,
606 3839 761 3893 excutere
781 3831 944 3893 constitui.
962 3829 1070 3911 Atque
1092 3832 1154 3896 hoc
1176 3831 1310 3896 lecimus
1335 3841 1404 3898 tum
1426 3829 1538 3894 Paulae

449 3932 481 3994 ni
502 3931 672 4012 illins,qni
690 3939 765 3995 ante
786 3948 843 3994 nos
864 3930 974 3994 multis
996 3931 1133 4010 proluit,
1145 3931 1334 4013 exemplum
1353 3933 1453 3998 secuti
1462 3939 1538 3994 ele·

527 4031 560 4096 Si
585 4032 693 4113 itaque
714 4034 773 4096 ista
795 4049 871 4095 enm
887 4032 937 4108 iis,
960 4050 1045 4113 qnae
1065 4033 1104 4094 ad
1121 4031 1318 4113 Gregorinm
1339 4033 1460 4106 scrihit,
1479 4045 1539 4093 con·

447 4134 545 4211 laras,
566 4151 643 4196 sane
663 4135 818 4213 reperies,
840 4152 944 4214 quare
963 4135 1031 4213 ipse
1051 4133 1207 4212 Origenes
1228 4136 1260 4196 in
1281 4150 1398 4213 graeca
1418 4133 1540 4214 philnso

448 4237 521 4315 pisia
542 4237 686 4299 studium
699 4237 906 4314 insumpserit
916 4257 928 4314 ;
951 4253 1014 4300 nun
1030 4243 1155 4299 tantum
1177 4235 1301 4300 scilicet
1318 4245 1355 4300 ut
1369 4230 1538 4300 eruditionis

447 4339 631 4417 congeriem
651 4338 711 4400 sihi
732 4349 938 4418 compararet
961 4349 1113 4418 tanquam
1129 4338 1277 4402 ahsnlnte
1298 4341 1346 4402 rei
1367 4338 1538 4401 christianae

448 4439 583 4519 utilem;
607 4457 722 4502 rernm
744 4449 777 4505 et
797 4443 971 4520 praecipue
996 4449 1034 4504 ut
1055 4440 1198 4505 inlideles
1218 4450 1252 4504 et
1273 4441 1448 4505 haereticus
1466 4451 1538 4500 eon·

448 4540 575 4604 modius
595 4541 793 4617 conlutaret,
811 4541 905 4617 ialsa,
927 4559 1012 4622 quae
1030 4541 1073 4606 ihi
1094 4549 1186 4623 snnt,
1202 4542 1353 4624 detegens
1372 4547 1472 4608 cetere
1494 4551 1536 4596 rt·
