3375 5567
207 808 251 874 lb
269 810 326 877 bac
345 812 510 878 locutione
531 810 673 877 liueliua
694 811 890 890 Quaestione
913 806 951 875 V.
973 830 1003 874 u.
1024 808 1054 875 i.
1076 830 1118 876 na
1134 812 1228 877 Com·

149 913 276 978 nmlario
300 917 332 978 in
349 912 505 978 Ιοαιιιιιιιι
525 910 629 977 Tamo
649 912 721 979 XX.
743 932 774 977 u.
795 910 846 981 20.
867 914 969 979 sciens
989 914 1138 977 statuisse
1152 913 1228 978 Ori-

146 1029 244 1090 peneu,
264 1016 385 1079 nullam
408 1017 482 1096 puni
513 1014 728 1079 diiiureutism
762 1016 849 1079 inter
879 1014 1070 1094 angolorum
1099 1022 1225 1078 sancto·

146 1131 200 1176 mm
218 1123 248 1179 et
271 1117 466 1183 doemonum
495 1112 612 1186 dvoioen
631 1118 824 1194 essentiam,
849 1118 931 1181 bunc
960 1116 1087 1197 pulavit
1108 1115 1226 1179 tollere

141 1214 307 1295 antilopiam,
326 1219 525 1283 vocabulum
539 1213 658 1311 φύσεως
678 1229 816 1283 acturos
829 1217 1054 1299 distinguendo
1070 1218 1112 1279 ab
1124 1217 1231 1281 altero

141 1311 399 1395 ἆισίαςιιιιιιιὶιιι.
421 1318 491 1400 Epo
513 1340 592 1384 vero
605 1322 754 1401 quamvis
774 1320 829 1383 bic
843 1320 943 1383 nolim
963 1317 1072 1383 licent
1090 1321 1230 1383 contrai-

142 1434 169 1481 re
184 1418 367 1486 distinctioni
379 1440 391 1499 ς
421 1421 639 1485 diversimode
660 1430 766 1485 tameo
789 1420 870 1485 banc
891 1421 1064 1499 mutilagine
1092 1421 1232 1500 speciem

141 1519 271 1597 explicari
293 1540 388 1602 posse
407 1523 564 1586 arbitror.
587 1522 774 1599 Quinimmo
794 1523 967 1585 audentius
989 1523 1133 1601 iuquam,
1156 1521 1232 1585 Ori-

139 1636 228 1699 genem
247 1623 278 1686 in
298 1624 375 1687 loco
395 1626 494 1689 citato
514 1626 672 1688 adsersus
693 1623 838 1700 Geinum,
861 1632 1010 1687 naturam
1038 1624 1230 1703 augelorum

140 1723 304 1790 coelestium
315 1737 404 1807 apte,
414 1735 447 1790 et
456 1728 841 1791 couvenienterauatura
852 1725 1013 1789 distulisse
1024 1725 1231 1796 daemonum,

140 1822 288 1905 dequibus
305 1830 353 1891 ibi
363 1829 524 1909 loquitur.
537 1828 586 1893 Ao
601 1829 728 1891 interim
743 1846 838 1892 nemo
859 1828 998 1908 ignoret,
1019 1824 1233 1907 primumsub

139 1923 309 1991 memorium
327 1928 491 1993 vocabulo
512 1928 788 2010 comprehendere
804 1930 984 1992 Auctorem
1002 1927 1157 1991 coelestes
1171 1926 1235 2006 spi·

138 2027 213 2099 ritus,
222 2030 307 2107 quia
329 2030 416 2092 bono
433 2030 629 2106 decidentes,
643 2031 718 2094 mali
739 2029 816 2094 iacti
829 2040 918 2102 suut,
930 2045 970 2091 ac
983 2029 1015 2090 in
1031 2027 1119 2091 mulo
1133 2028 1234 2091 inces-

136 2137 224 2191 santer
241 2136 465 2211 perseverant.
484 2129 557 2195 Hoc
577 2149 695 2194 nomeu
718 2131 823 2212 inquit
840 2130 993 2209 inlibru
1008 2127 1045 2193 V.
1067 2146 1097 2192 ιι.
1118 2127 1149 2193 5.
1177 2129 1232 2192 ad·

139 2246 228 2294 tersus
240 2232 395 2297 eumdem
416 2228 558 2305 Celsum,
573 2250 703 2312 semper
724 2234 822 2297 tribui
838 2232 992 2297 rualedcis
1013 2232 1077 2295 illis
1092 2238 1233 2313 potesla-

138 2329 204 2395 tibns
212 2341 305 2397 extra
317 2352 441 2414 corpus
451 2352 611 2412 crassum,
621 2334 794 2399 hominess
807 2333 875 2400 Deo
887 2342 949 2397 eia
965 2334 1084 2415 pietate
1096 2350 1235 2397 avocan-

135 2430 209 2497 tibus.
231 2432 398 2509 Secundo,
419 2433 617 2516 quaudoque
635 2435 847 2499 Adamantius
869 2435 1063 2516 improprie,
1088 2434 1157 2499 sivo
1175 2450 1234 2515 per

136 2534 379 2601 assimilationem
394 2537 540 2601 bomiues
554 2537 719 2619 improbos
733 2538 906 2602 daemones
923 2546 1026 2601 vocat:
1043 2538 1099 2617 qui
1120 2538 1151 2599 in
1168 2552 1235 2599 rua·

136 2634 206 2700 litiae
224 2638 484 2717 profunditatem
506 2639 601 2720 lapsi,
623 2638 754 2703 diabolo
778 2648 974 2720 aequantur,
998 2639 1045 2701 uti
1067 2640 1099 2701 in
1126 2636 1231 2701 Eran-

136 2736 202 2813 prlio
219 2742 265 2803 ait
285 2739 438 2807 Christus
461 2740 661 2821 pharisaeis:
692 2760 747 2805 oea
768 2760 807 2804 en
823 2750 916 2821 putre
940 2738 1065 2803 diabulo
1088 2737 1185 2813 estis,
1206 2748 1236 2803 ei

134 2836 270 2903 bauria
285 2839 399 2920 patria
417 2839 516 2903 nestri
533 2839 634 2904 vultis
652 2843 777 2921 soene:
799 2850 946 2906 manente
969 2852 1074 2906 tumen
1098 2844 1129 2904 iu
1160 2842 1235 2921 ipsis

136 2937 251 3003 arbitrio
271 2960 347 3005 sese
367 2943 576 3005 convertendi
597 2943 638 3004 ad
665 2940 780 3006 Deum.
801 2942 903 3009 Siculi
929 2945 997 3023 pari
1021 2942 1145 3004 ratione
1160 2942 1237 3005 dicit

134 3038 164 3103 de
180 3042 365 3107 bominibus
386 3044 519 3124 probis,
535 3044 590 3125 qui
606 3043 836 3126 perfectionem
859 3048 1016 3119 assecuti,
1035 3043 1156 3122 engolis
1178 3041 1235 3105 bet

134 3154 365 3225 comparantur,
389 3148 538 3227 quamvis
559 3165 601 3210 ea
622 3147 784 3211 arbitratu
800 3148 933 3228 proprio
955 3147 1100 3211 converti
1116 3147 1235 3225 possint

133 3242 164 3304 ad
181 3248 352 3311 malitiam:
375 3247 463 3328 qnod
486 3248 655 3328 praeclare
674 3248 866 3328 significarit
887 3250 918 3313 in
941 3248 1037 3312 Libro
1055 3247 1079 3311 l.
1101 3266 1129 3311 c.
1148 3243 1232 3309 Vlll.

133 3359 157 3404 n·
174 3342 202 3411 i.
223 3354 257 3411 et
277 3346 382 3411 Libro
403 3346 464 3411 ill.
487 3366 515 3411 c.
539 3346 564 3411 Ι.
588 3366 619 3411 n.
640 3346 692 3414 ut.
719 3346 923 3411 Periorobon.

195 3446 335 3523 Tertio,
359 3456 506 3512 aeterum
528 3458 660 3530 accepta
682 3451 825 3529 pontium
848 3453 1101 3532 nuncupatione,
1122 3450 1237 3514 delun·

133 3552 244 3613 ciorum
259 3550 386 3613 animas
401 3549 566 3611 daemoes
585 3549 680 3626 dixit,
695 3552 752 3631 qui
776 3552 874 3632 vulgo
888 3553 974 3633 apud
991 3555 1136 3617 ethnicos
1156 3553 1237 3615 scri·

131 3654 224 3724 ptores
238 3659 273 3715 et
296 3652 508 3731 philosophos
528 3652 591 3715 snb
605 3652 672 3717 alio
691 3654 760 3717 sire
781 3652 933 3727 deorum,
951 3656 1032 3730 sive,
1054 3656 1235 3735 geniorum,

130 3748 186 3814 sire
205 3753 347 3818 bennum
377 3755 505 3817 nomino
528 3756 682 3819 veniunt:
713 3758 839 3837 quique
858 3774 972 3837 reapse
992 3757 1089 3821 aliam
1112 3756 1237 3836 pracia-

133 3861 373 3918 mutuaturum
394 3855 436 3918 ab
456 3854 521 3919 illis
541 3854 708 3936 spiritibus
730 3854 798 3920 lieo
819 3856 1007 3921 rebellibus.
1029 3856 1240 3938 Quapropter

130 3951 150 4012 si
167 3954 196 4018 iu
215 3956 294 4021 loco
316 3959 417 4021 citato
437 3958 500 4021 sub
519 3957 684 4021 communi
705 3958 873 4036 gentilium
895 3960 1134 4039 nuncupatione
1155 3957 1239 4022 acei-

131 4055 248 4135 piatur,
271 4060 365 4139 quod
385 4060 431 4122 ait
458 4059 616 4140 Origenes
636 4060 677 4123 de
698 4060 929 4137 daemonibus,
954 4070 1030 4125 tuuc
1051 4057 1234 4122 omnimode

129 4217 183 4280 Μ,
200 4221 276 4274 leste
302 4216 431 4285 Suioern,
456 4216 605 4274 daemones
621 4224 703 4273 vocat
722 4215 797 4273 Dem
821 4218 903 4291 quusi
923 4216 1054 4285 scientes,
1068 4214 1172 4288 periton
1189 4213 1243 4269 aci-

128 4299 181 4361 Μ
195 4326 291 4367 rerum
310 4310 446 4377 omnium,
459 4310 578 4367 arbitros
590 4316 619 4367 ei
630 4317 823 4384 procuratores
833 4310 990 4366 bominum.
1004 4308 1162 4365 Daemones
1175 4308 1243 4363 itam

129 4394 246 4459 &mour
255 4404 377 4476 spiritus
388 4402 502 4478 quidum
513 4409 642 4478 polentae
661 4422 679 4460 a
695 4402 750 4460 diis
762 4404 890 4460 distincti
910 4410 939 4459 et
949 4402 994 4459 bia
1006 4400 1162 4470 inferiores,
1177 4418 1244 4473 qua·

130 4486 162 4546 lu
176 4492 307 4553 mminas
324 4496 438 4553 bonesti
448 4497 592 4553 extimriut
601 4497 677 4571 apud
688 4497 826 4554 ethnicos.
845 4496 1006 4570 Aliquando
1017 4500 1190 4568 usurpantur
1207 4494 1243 4550 de

132 4582 192 4643 bono
212 4588 257 4646 rel
271 4588 349 4645 malo
369 4590 472 4663 gaui03
493 4607 551 4647 nou
571 4597 667 4649 autem
686 4590 730 4648 sie
754 4591 830 4664 apud
854 4590 1010 4665 Scriptores
1030 4588 1242 4647 ecclesiasticos.
