3375 5567
531 771 567 835 ln
588 771 699 852 primis
715 787 807 845 sero,
822 775 859 834 nt
880 769 1034 847 diximus,
1056 774 1162 851 patet,
1182 769 1309 850 quoties
1324 767 1472 850 Origenes
1489 769 1542 832 ani·

450 891 534 935 mam
556 871 772 936 consideravit
792 873 998 954 synonimnm
1020 873 1134 936 mentis
1152 873 1220 935 sire
1241 872 1386 952 spiritns,
1409 887 1542 951 quaeum·

449 993 515 1056 qne
534 976 691 1037 materiae
710 981 769 1037 ant
791 975 939 1055 eorporis
961 975 1091 1038 notione
1111 974 1316 1054 superiorem
1338 974 1491 1038 constitui.
1511 969 1543 1034 llt

445 1077 543 1139 sicin
565 1074 663 1138 Libro
686 1074 709 1136 l.
733 1072 932 1150 Periorclson
953 1096 980 1140 e.
1006 1076 1030 1140 Ι.
1053 1095 1084 1138 n.
1108 1076 1137 1140 7.
1159 1077 1236 1157 iure
1256 1093 1311 1138 eos
1333 1061 1477 1157 corripit,
1495 1073 1540 1152 qni

448 1175 594 1241 aliterde
615 1176 718 1238 anima
734 1177 936 1241 sentiebant:
953 1176 1073 1258 «Siqni
1094 1185 1207 1242 antem
1227 1185 1316 1249 sunt,
1330 1177 1388 1252 ait,
1410 1175 1464 1256 qui
1476 1191 1545 1237 men·

450 1289 513 1342 tem
528 1282 629 1359 ipsam
645 1289 678 1344 et
698 1281 836 1342 animam
855 1297 975 1360 corpus
998 1297 1067 1343 esse
1081 1280 1295 1354 arbitrentur,
1312 1279 1409 1341 velim
1423 1277 1495 1342 mint
1508 1293 1547 1338 re·

446 1381 655 1461 sponderent,
679 1382 844 1462 quomodo
867 1391 1030 1445 tantarum
1053 1399 1165 1446 rernm
1188 1389 1252 1444 tam
1275 1377 1469 1454 difficilium,
1495 1386 1546 1440 tan

447 1481 618 1544 subtilium
633 1482 773 1545 rationes
787 1485 1046 1564 assertionesque
1059 1483 1205 1563 recipiat.
1223 1480 1316 1548 Unde
1329 1483 1359 1544 ei
1377 1483 1478 1544 uirtus
1497 1497 1548 1541 me·

449 1580 600 1645 moriae?
621 1581 661 1645 lit
684 1583 770 1646 ande
791 1584 820 1646 ei
835 1603 946 1648 rerum
970 1584 1180 1648 invisibilium
1196 1581 1458 1666 contemplatio?
1476 1579 1548 1644 llnde

445 1693 535 1747 certe
557 1700 669 1750 rerum
700 1686 956 1765 incorporalium
978 1687 1163 1750 intellectus
1194 1687 1324 1766 corpori
1347 1683 1458 1750 inest?
1476 1681 1548 1759 Quo·

447 1785 545 1850 modo
558 1792 677 1849 natura
698 1803 859 1868 corporea
875 1787 1059 1868 disciplinas
1080 1788 1214 1862 artium,
1238 1805 1349 1851 rerum
1369 1783 1548 1864 contempla·

445 1887 547 1952 tiones
561 1890 768 1970 rationesque
783 1888 946 1954 rimatur?
960 1888 1051 1954 Unde
1065 1892 1161 1954 etiam
1178 1889 1284 1952 divina
1300 1889 1465 1968 dogmata,
1479 1901 1547 1966 qnae

445 1990 613 2056 inaniieste
633 1991 826 2071 incorporea
842 2000 930 2065 sunt,
945 1993 1067 2056 sentire
1082 2009 1121 2055 ac
1135 1991 1317 2071 intelligere
1330 1987 1546 2069 posessione·

526 2089 665 2168 Quando
679 2099 789 2156 antem
804 2095 888 2157 hanc
908 2092 1053 2156 eamdem
1075 2099 1213 2156 mentem
1234 2095 1303 2156 sine
1323 2093 1474 2170 spiritum
1487 2106 1548 2152 con·

446 2193 602 2258 sideravit
613 2191 769 2276 Origenes
784 2195 939 2259 membris
955 2197 1122 2276 corporeis
1139 2195 1239 2258 veluti
1258 2193 1548 2268 circumdaremur

443 2309 507 2358 una
528 2313 572 2358 ex
586 2313 702 2359 eornm
723 2296 958 2360 sensationibus
980 2303 1126 2376 agentem
1144 2314 1203 2377 per
1219 2294 1382 2376 quoddam
1406 2303 1549 2374 tempera·

443 2403 606 2472 mentum,
621 2415 688 2477 qno
704 2406 782 2462 tnnc
796 2415 885 2461 mens
901 2395 1043 2462 afficitur
1062 2397 1074 2473 l
1086 2405 1118 2462 et
1132 2398 1194 2462 boo
1208 2395 1400 2479 praesertim
1421 2393 1550 2458 animad-

444 2499 546 2559 vorsis
565 2497 708 2561 malitiae
728 2497 900 2562 edentibus
921 2513 962 2562 ex
995 2504 1268 2580 protoparentum
1288 2497 1386 2578 culpa
1408 2493 1548 2559 derivatis

443 2599 590 2677 ingenus
607 2599 797 2678 humanum)
813 2600 930 2664 maluit
941 2599 1050 2682 potins
1064 2596 1161 2692 ψυχή
1174 2599 1314 2663 animam
1325 2598 1447 2674 dicere,
1463 2613 1548 2680 quant

443 2706 582 2763 meatem
601 2721 610 2762 r
631 2717 773 2780 quacum
795 2700 959 2768 delectum
983 2702 1035 2765 sel
1057 2701 1303 2766 diminutionem
1324 2701 1427 2780 ipsius
1447 2698 1548 2763 mentis

438 2801 470 2861 iu
492 2798 595 2864 Deam
617 2804 784 2868 charitatis
804 2803 1022 2884 signiticaret,
1047 2803 1185 2885 ejusque
1210 2819 1287 2883 erga
1309 2800 1417 2866 carnis
1437 2815 1545 2880 opera,

440 2910 636 2982 terrenaque
650 2905 807 2968 desideria
824 2905 1084 2986 proclivitatem
1107 2914 1166 2968 nat
1180 2912 1270 2969 certe
1292 2913 1430 2985 propter
1445 2919 1547 2984 quan·

441 3003 515 3067 dam
536 3023 612 3068 enm
634 3007 700 3089 ipsa
723 3025 822 3072 carne
844 3005 1106 3072 familiaritatem.
1132 3006 1180 3070 Ac
1207 3011 1395 3086 propterea,
1418 3011 1454 3068 nt
1472 3003 1545 3066 intra

439 3104 579 3182 dicetur,
601 3108 758 3188 exipsius
779 3110 904 3174 animae
925 3107 1035 3201 ψυχῆς
1061 3109 1141 3184 slve,
1158 3124 1200 3171 ex
1220 3120 1335 3187 graeca
1358 3104 1544 3185 etimologian,

438 3205 701 3288 refrigeratione,
722 3208 865 3274 oninium
886 3231 907 3274 u
926 3209 1038 3274 divino
1066 3227 1170 3274 amore
1189 3207 1433 3289 frigescentem,
1459 3206 1544 3269 talen

442 3315 535 3390 potat
556 3311 655 3375 tanae
676 3321 906 3393 nuncupatam.
929 3309 1020 3377 Unde
1042 3311 1163 3375 laetum
1187 3315 1257 3386 est,
1286 3316 1324 3373 nt
1346 3307 1544 3372 Adamantius

439 3412 616 3491 aliqnando
637 3412 761 3475 animae
778 3412 951 3488 tribueret,
971 3411 1059 3491 qood
1079 3425 1245 3491 nunqnam
1267 3407 1366 3472 menti
1386 3425 1445 3472 sen
1463 3405 1545 3486 spiri·

440 3514 488 3574 tul
508 3515 687 3590 concessit,
710 3522 743 3577 et
763 3532 780 3578 e
801 3519 935 3579 contra:
958 3513 1093 3578 diversis
1115 3513 1229 3592 ntique
1253 3511 1407 3590 spectatis
1432 3507 1542 3589 generis

442 3613 543 3676 nostri
563 3613 820 3690 conditionibus,
841 3631 901 3678 seu
923 3615 954 3676 in
975 3620 1062 3676 statu
1083 3618 1220 3674 naturae
1242 3625 1364 3691 purae,
1394 3609 1462 3671 sire
1479 3611 1544 3686 post

441 3721 634 3796 peccatum,
665 3722 723 3779 aut
744 3716 846 3795 gratia
869 3713 976 3777 divina
1006 3715 1036 3774 in
1056 3711 1267 3776 sacramentis
1294 3708 1472 3784 cumulati,
1490 3723 1540 3769 ιιιι

442 3823 515 3897 post
536 3816 685 3892 obitum,
716 3827 774 3881 aut
793 3819 826 3880 in
858 3815 1120 3880 resurrectione:
1152 3830 1237 3894 qnae
1257 3811 1364 3876 omnia
1391 3809 1544 3872 doctrinae

442 3918 647 3998 origenianae
667 3918 837 3999 interpreti
853 3916 946 3981 valde
962 3915 1168 3999 ponderanda
1189 3921 1274 3979 sant.

520 4005 672 4084 Proiecto
705 4021 738 4082 in
758 4018 858 4083 Libro
880 4019 904 4083 l.
927 4016 1122 4084 Periurclton
1152 4033 1180 4080 c.
1205 4014 1230 4078 l.
1252 4033 1284 4078 n.
1304 4011 1336 4078 5.
1359 4015 1400 4079 de
1419 4012 1484 4078 lleo
1503 4011 1536 4074 in

442 4121 726 4202 comprehensibili
745 4122 907 4186 hnmanae
927 4120 1168 4200 intelligentiae,
1190 4115 1257 4180 ait:
1280 4137 1297 4175 ιι
1319 4113 1367 4180 Ιιι
1389 4128 1476 4180 mens
1494 4129 1540 4174 no

440 4232 509 4288 stra
530 4241 604 4288 cnm
626 4225 710 4286 intra
741 4224 847 4289 carnis
870 4228 903 4287 et
922 4222 1085 4302 sanguinis
1104 4221 1247 4284 claustra
1269 4217 1540 4292 concluditur,et

441 4344 501 4407 pro
524 4326 595 4390 talis
619 4327 774 4390 materiae
798 4324 1045 4408 participatione
1076 4322 1224 4388 bebettor
1250 4326 1284 4383 et
1312 4320 1459 4384 obtusior
1478 4312 1540 4379 red

440 4426 543 4504 ditur,
557 4427 635 4492 licet
653 4427 694 4490 ad
710 4427 984 4509 comparationem
1004 4431 1142 4490 naturae
1160 4439 1339 4504 corporeae
1351 4421 1445 4502 longe
1461 4431 1541 4501 pm·

440 4527 562 4594 calleas
582 4529 765 4607 habeatnr,
793 4527 999 4594 tumendum
1020 4527 1059 4591 ad
1082 4527 1274 4607 incorporea
1296 4524 1430 4596 nititur,
1451 4525 1540 4597 atqua
