3375 5567
1191 654 1250 725 ill

556 755 693 825 cneus
718 757 834 823 xxxi.
871 846 875 853 .

156 957 285 1024 litorum
303 958 411 1041 opinio
431 962 590 1043 refutetur
610 960 815 1027 msereutium
846 958 1011 1043 Oripescm
1030 982 1127 1028 sonos
1146 957 1253 1047 impis·

188 1060 263 1126 tntis
282 1062 483 1154 adsertorem,
502 1062 569 1128 orti
588 1064 728 1146 magicos
744 1062 979 1145 mennonium
998 1082 1070 1129 csse.

156 1306 325 1432 Alterum
344 1370 666 1450 sconsstionisgenns
687 1371 728 1434 sb
745 1366 939 1433 novensilis
960 1369 1139 1435 excitstnm
1154 1378 1201 1434 est
1221 1371 1253 1433 in

156 1466 346 1549 origenem,
372 1479 404 1533 et
424 1470 455 1533 id
480 1471 522 1534 ob
543 1471 778 1551 patrocinium,
804 1472 891 1549 quoti
912 1473 979 1552 ipse
1000 1472 1159 1552 praestitit
1177 1474 1255 1535 erti-

156 1568 211 1633 hus
226 1572 366 1651 magicis.
390 1569 478 1635 lstud
494 1582 601 1635 nutem
623 1582 686 1635 tsm
708 1570 887 1653 Theophilo
901 1572 1064 1653 displicuit
1078 1581 1115 1638 ut
1128 1571 1165 1635 in
1178 1570 1256 1653 Epi·

156 1672 232 1737 stote
254 1670 406 1735 Pnschnli
436 1672 461 1735 Ι.
483 1692 512 1735 ιι.
533 1671 584 1739 16.
610 1675 814 1739 vehementer
834 1676 866 1736 iu
887 1675 992 1755 ipsum
1013 1674 1187 1756 irruperit,
1208 1677 1255 1739 in·

155 1776 285 1855 quiens:
303 1796 318 1833 s
336 1772 559 1840 Coninndstnr
575 1772 742 1857 Origenes,
765 1775 849 1839 inter
869 1783 978 1842 cetere
992 1774 1186 1857 lingitiorum
1204 1796 1257 1859 ge·
1305 1807 1312 1821 ·

155 1894 249 1953 nero,
281 1892 366 1956 quse
385 1875 555 1957 contingit,
578 1878 706 1955 magicis
726 1894 859 1956 quoque
889 1876 1013 1940 artibus
1042 1879 1255 1958 patrocinium

156 1978 307 2053 tribuens,
323 1995 424 2057 qnnru
439 1980 470 2041 iu
493 1978 681 2041 tractatibus
694 1978 774 2053 suis,
787 1977 836 2039 his
855 1977 986 2041 locutus
998 1983 1048 2041 est
1069 1977 1185 2043 serbis:
1199 1994 1255 2042 urs

156 2078 276 2159 magico
296 2096 361 2141 nos
381 2076 458 2141 mitt
478 2077 601 2141 uidetur
620 2077 758 2159 aiicujus
772 2076 820 2140 rei
839 2076 1034 2142 subsistentis
1054 2076 1256 2154 vocobulum

157 2182 204 2243 sert
222 2178 285 2243 etsi
305 2181 361 2255 sit,
381 2190 501 2244 nonest
514 2179 615 2261 operis
631 2177 709 2242 mcii
729 2190 763 2241 ut
782 2177 894 2260 nequis
912 2199 979 2243 enm
998 2179 1108 2244 babent
1126 2188 1259 2244 comens·

151 2281 228 2363 pini.
244 2281 334 2347 lloec
351 2282 458 2347 dicens
471 2282 584 2363 ntique
607 2282 767 2346 lentorem
782 2301 815 2345 se
837 2301 905 2346 esse
924 2282 1120 2346 demonstret
1134 2280 1258 2347 Elisuss

157 2388 249 2465 usp,
272 2386 329 2465 qni
351 2384 502 2465 apostolis
524 2384 735 2463 repugnavit,
752 2390 785 2447 et
804 2381 939 2447 inmune
960 2390 1058 2464 utque
1079 2381 1259 2459 biumbres,

156 2488 208 2565 qni
223 2484 330 2565 blopsi
348 2486 477 2565 magicis
497 2485 621 2549 srtibus
637 2486 836 2548 restiterunt.
849 2483 911 2547 Sed
925 2484 1030 2548 nullos
1044 2482 1192 2564 Origeuis
1206 2500 1261 2566 ps·

159 2589 327 2653 trneiniunr
348 2587 476 2651 hebebit
498 2588 601 2666 vines3
617 2588 692 2667 quia
715 2585 863 2653 Christus
884 2604 1052 2667 magorum
1074 2587 1259 2668 praestigiae

157 2708 212 2753 sno
236 2689 358 2754 delevit
377 2690 529 2755 sdseutu.
554 2687 758 2769 Respondent
781 2707 883 2753 novoe
905 2689 1075 2770 impietatis
1095 2690 1259 2768 adsertor3

156 2790 248 2855 inimo
267 2797 378 2871 operte
399 2791 527 2855 oudini:
545 2791 571 2853 si
592 2804 654 2852 nou
675 2799 723 2853 est
744 2790 866 2853 mulum
886 2808 939 2852 ers
964 2790 1098 2870 magice,
1115 2808 1176 2854 non
1198 2790 1261 2854 erit

156 2894 274 2957 malurn
295 2892 492 2968 idololotria,
513 2909 596 2973 quse
618 2892 695 2955 ortis
716 2892 857 2971 mugisse
879 2892 1001 2954 viribus
1023 2892 1146 2954 nititur.
1163 2888 1259 2966 Quotl

156 2995 179 3057 sl
198 2994 322 3058 melum
343 3000 391 3057 est
411 2993 608 3067 idololatris,
632 2992 753 3055 melum
775 2992 839 3055 erit
860 3001 893 3055 et
911 3010 964 3055 ers
986 2991 1121 3070 magico,
1134 3008 1175 3054 ex
1197 3008 1260 3071 qus

156 3095 297 3159 subsistit
311 3094 493 3158 idololatris
505 3138 532 3155 ..
549 3140 557 3155 .
575 3140 583 3155 .
601 3091 689 3157 Scire
704 3111 765 3155 nou
782 3109 991 3174 possuntque
1008 3093 1130 3154 notione
1145 3091 1263 3171 impul·

156 3214 207 3259 sus
217 3195 388 3277 Origenes,
404 3199 459 3277 qni
474 3196 685 3259 christianum
704 3212 737 3257 se
750 3194 863 3275 jacint,
878 3194 1051 3259 Sedechise
1066 3192 1263 3273 pseudopro·

157 3297 271 3375 phetse
284 3296 467 3360 aemulator
487 3297 636 3370 existens,
659 3312 781 3357 cornus
795 3295 855 3357 sibi
877 3294 983 3358 terren
1005 3293 1129 3368 lecerit,
1145 3293 1263 3373 unibus

159 3406 268 3461 cnutrs
290 3397 437 3477 dogmate
461 3398 603 3459 veritstis
624 3403 768 3457 armatus
789 3390 915 3457 incedut
935 3402 995 3458 etc.
1012 3412 1030 3451 s
1047 3392 1110 3457 lsta
1131 3392 1170 3455 tle
1190 3391 1265 3455 Ori·

159 3516 234 3577 geue
255 3499 383 3578 scripsit
396 3496 617 3577 Theophilns3
633 3504 834 3577 quopropter
858 3496 1033 3570 videamus,
1053 3512 1131 3557 uum
1151 3494 1264 3575 diguus

160 3606 245 3661 uuio
262 3598 382 3680 probro
404 3599 553 3661 ridentur
569 3598 704 3660 hoctor.
727 3596 769 3659 Et
790 3598 820 3660 iu
836 3596 947 3676 primis
962 3596 1188 3677 inquirendum
1203 3604 1263 3671 est,

161 3698 214 3761 nbi
234 3698 332 3761 citnte
349 3699 445 3763 serbo
466 3705 640 3760 occurrant
658 3697 689 3758 in
711 3694 813 3760 Libris
827 3696 987 3775 Origeuiu
1005 3714 1047 3758 ex
1061 3712 1127 3774 qno
1141 3694 1263 3773 locum,

162 3800 242 3863 unde
264 3798 431 3879 desumpta
454 3798 557 3874 luere,
581 3797 719 3861 iscuerit
738 3795 948 3877 Theophilus.

236 3898 304 3966 Nisi
323 3901 527 3987 verbotenus,
544 3900 656 3962 selteru
673 3900 791 3961 horum
809 3897 983 3961 verborum
997 3915 1124 3961 sensnm
1139 3896 1265 3959 desum·

164 4000 258 4079 psisse
281 4000 409 4064 ridetur
424 3997 622 4078 Theophilus
643 4018 682 4062 ex
701 3996 798 4061 Libro
820 3996 844 4059 1.
869 4016 899 4058 n.
914 3995 964 4067 ll.
986 4006 1098 4061 contre
1120 3996 1263 4071 Celsum,

164 4104 215 4179 qui
237 4101 392 4164 insultans
413 4100 660 4163 christinnorum
683 4098 772 4174 Deo,
795 4099 921 4180 siebat:
944 4096 1028 4160 nibil
1056 4097 1266 4177 interestque

164 4200 283 4264 nomine
297 4211 422 4265 uocetur
438 4199 532 4276 Deus,
549 4198 713 4263 nivelonis
728 4209 764 4263 ut
778 4201 865 4279 apud
878 4218 1019 4280 prasos,
1035 4196 1100 4262 sios
1113 4198 1179 4260 otiu
1192 4214 1268 4277 quo·

166 4298 232 4367 b’bet
245 4304 331 4383 opud
350 4299 529 4383 aegyptios,
544 4310 601 4365 out
615 4304 702 4382 opud
715 4302 805 4365 indos
821 4310 982 4380 usurpato.
999 4298 1157 4375 «Quibus
1173 4298 1267 4377 (snb-

165 4402 209 4466 tlit
228 4405 401 4486 Origenes)
423 4404 696 4486 respondendnm,
718 4404 817 4467 sltnru
839 4413 871 4467 et
891 4420 1042 4467 ercsnsm
1062 4420 1131 4465 esse
1151 4400 1192 4465 tle
1212 4418 1268 4463 uo·

169 4504 284 4569 uiuum
311 4513 427 4571 ustura
449 4508 692 4586 quaestionem,
716 4515 839 4581 utrum,
861 4504 947 4569 sicut
967 4504 1072 4585 placet
1088 4500 1266 4576 Aristoteli,
