3375 5567
1175 724 1221 775 xv

164 828 310 927 siquando
328 830 363 902 in
381 828 438 904 bis
458 840 544 901 tunc
561 825 778 913 erraverint,
793 824 892 901 nulla
915 828 1109 904 haerescos
1131 842 1217 903 nota

164 956 363 1033 mulctandos
392 976 475 1030 esse
502 953 609 1029 scito.
643 952 683 1027 in
714 975 785 1051 qua
817 976 906 1029 sanc
933 976 973 1029 re
992 954 1221 1031 animadver-

162 1082 240 1157 sione
264 1084 411 1182 dignum
437 1094 520 1163 est,
546 1080 643 1179 quod
671 1081 750 1179 ipsc
780 1080 815 1155 in
843 1104 877 1156 o.
898 1079 960 1155 vt.
989 1078 1086 1155 Libri
1116 1082 1144 1156 1.
1165 1080 1219 1158 Dc

162 1210 263 1286 nardi
288 1210 598 1287 consummatione
624 1209 841 1307 praemittit.
879 1210 941 1283 dit
967 1210 1088 1283 enim:
1113 1234 1131 1281 s
1155 1208 1218 1285 Fi-

159 1339 202 1411 nis
227 1338 279 1413 rel
304 1338 572 1415 consummatio
604 1336 776 1412 indicium
804 1359 886 1412 esse
925 1336 1068 1413 videtur
1094 1360 1217 1412 rerum
1367 1374 1374 1389 ·

158 1465 378 1561 perfectarum
411 1478 452 1540 et
468 1476 816 1540 consummatarum.
845 1461 945 1555 Quae
964 1488 1024 1539 res
1050 1465 1163 1539 etiam
1182 1465 1218 1539 in

158 1592 211 1667 boc
232 1593 308 1669 ioco
335 1616 405 1669 nos
428 1607 653 1679 commonet,
679 1592 775 1691 quod
806 1592 853 1667 ad
881 1592 971 1667 bueo
998 1607 1074 1667 tam
1107 1594 1218 1668 ardua

157 1735 188 1793 ot
205 1722 355 1798 uincitis
383 1720 629 1819 intelligenda,
656 1722 769 1819 siquis
795 1719 858 1797 ilie
885 1734 956 1807 cst,
984 1722 1045 1819 qui
1078 1722 1221 1820 legendi

157 1848 263 1923 borum
289 1864 329 1925 ct
348 1849 438 1925 taiia
464 1848 703 1947 cognoscendi
723 1849 943 1925 desiderium
971 1850 1123 1948 ceperit,
1143 1874 1222 1950 per·

156 1974 269 2051 icctnm
287 1990 327 2052 et
343 1974 530 2053 eruditum
547 1998 697 2053 sensum
714 1975 825 2052 debet
838 1976 1022 2052 adbibere:
1044 2001 1089 2053 ne
1110 1977 1220 2065 forte,

157 2104 179 2176 si
203 2117 262 2181 ant
291 2105 435 2182 nullum
463 2128 570 2180 nsum
602 2106 639 2179 in
666 2098 918 2200 hujuscemodi
948 2106 1221 2205 quaestionibus

157 2232 276 2320 babuit,
294 2258 390 2310 vanu
417 2234 597 2333 quaedam
617 2228 708 2309 baec
736 2234 786 2308 ilii
805 2247 844 2310 et
872 2234 1053 2333 superflua
1075 2236 1225 2311 videan-

157 2373 212 2435 tur.
229 2363 301 2438 dut
314 2365 347 2438 si
362 2369 441 2456 jam
456 2360 745 2461 praejudicatum
765 2376 804 2438 et
822 2375 1060 2460 praeventum
1089 2364 1126 2437 in
1142 2363 1223 2438 aliis

156 2489 296 2565 animam
324 2492 436 2589 gerit,
464 2490 649 2564 baeretica
677 2490 770 2563 baec
796 2502 836 2564 ct
872 2502 998 2564 contra
1027 2490 1135 2567 iidem
1163 2514 1225 2566 oc-

154 2614 377 2694 desiasticam
396 2630 515 2717 putet,
534 2640 605 2692 nou
621 2632 698 2693 tam
713 2619 855 2693 ratione
867 2619 1098 2704 convincens,
1113 2641 1223 2718 quam

155 2747 247 2821 animi
271 2750 330 2825 sni
359 2744 578 2847 praeiudicio
606 2746 794 2821 definiens.
822 2744 924 2837 Quae
950 2748 1096 2847 quidem
1126 2771 1226 2823 sno

155 2870 199 2945 bis
230 2876 342 2950 etiam
372 2872 456 2947 cum
494 2894 627 2969 magno
654 2887 757 2948 metu
784 2888 824 2949 et
849 2876 991 2949 cautela
1028 2875 1226 2956 dicuntur.

153 2998 416 3077 discutientibus
443 2999 559 3098 magis
590 3014 629 3073 et
656 3000 991 3097 pertractantibus,
1018 3023 1127 3101 quam
1156 3025 1222 3099 pro

153 3142 300 3204 certost
327 3126 480 3203 definito
508 3126 766 3202 statuentibus.
797 3126 1001 3203 indicatum
1030 3151 1222 3227 namquea

152 3256 239 3330 nobis
265 3258 302 3330 in
322 3254 573 3353 superioribus
598 3270 670 3341 est,
689 3278 781 3353 qnae
810 3257 898 3341 sint,
917 3256 963 3331 de
993 3256 1124 3355 quibus
1149 3280 1227 3333 ma·

151 3381 268 3458 oiicsto
293 3384 468 3481 dogmate
496 3383 765 3459 terminandum
786 3386 835 3458 sit
862 3399 933 3459 etc.
957 3410 975 3454 a
1008 3383 1098 3459 Hinc
1116 3407 1226 3463 eruas

153 3532 209 3607 qua
226 3527 351 3590 mente
371 3514 461 3588 baec
486 3523 526 3586 et
539 3509 671 3586 similia
698 3527 852 3611 quaerat
869 3513 1060 3611 Origencst
1078 3527 1117 3589 ot
1139 3536 1225 3589 num

152 3638 270 3717 idcirco
296 3644 493 3718 haerescos
511 3639 662 3717 crimine
693 3640 953 3716 insimulandus
973 3642 1035 3727 sit,
1063 3644 1092 3717 si
1112 3667 1228 3742 quan-

153 3763 255 3865 doque
283 3770 478 3846 errauerit.

249 3897 406 3991 Quinto,
437 3901 612 4001 praefatis
639 3912 904 3998 consequenter
937 3900 1018 3975 ideo
1050 3899 1231 3998 Origenes?

153 4046 248 4124 saepe
275 4040 317 4103 et
343 4026 381 4101 in
408 4028 478 4102 boc
500 4028 620 4126 Opere
644 4028 850 4125 speciatim,
878 4026 1112 4103 fundamenta
1131 4026 1228 4101 cbri-

152 4150 277 4230 tianae
307 4154 390 4229 fidei
417 4155 638 4239 discutiens,
669 4176 690 4226 a
717 4152 859 4229 duobus
893 4154 1128 4228 vehementer
1159 4176 1224 4225 an·

154 4280 248 4373 gitur.
278 4281 442 4358 Primum
469 4306 620 4381 puseus,
640 4304 686 4356 no
706 4282 741 4355 in
770 4264 1001 4379 dogmatibus
1028 4279 1140 4355 certis
1167 4291 1225 4354 at·

155 4428 212 4500 que
237 4410 285 4485 ab
312 4410 559 4487 ecclesiastica
585 4410 746 4485 definitis
773 4409 990 4495 traditione,
1018 4418 1144 4483 contra
1173 4407 1229 4480 in·-

156 4528 267 4612 iideles
284 4560 329 4614 ao
355 4538 560 4615 haereticos
579 4538 863 4637 propugnandis,
894 4536 1029 4613 umentis
1048 4536 1230 4612 bumanae
