3375 5567
457 676 520 745 ιιι

457 800 535 845 caro
555 786 642 855 suut,
665 778 770 843 lactus
789 787 839 842 est
859 794 951 853 caro,
967 787 1005 841 ut
1025 777 1172 858 capiatur
1194 777 1234 839 ab
1255 777 1313 853 eis,
1336 778 1389 856 qui
1412 776 1505 840 ridere
1522 776 1541 835 i·

454 901 549 963 psuru
571 901 633 946 nou
654 888 823 961 poterunt;
845 887 1006 960 quatenus
1027 878 1171 943 Verbum
1198 888 1280 954 erat,
1303 888 1335 943 et
1354 878 1435 959 apud
1455 876 1541 940 Deum

454 993 538 1059 erat,
561 991 594 1048 et
606 982 695 1047 Deus
715 990 798 1047 crat.
815 982 880 1059 Qui
898 1000 975 1045 soce
990 999 1147 1063 corporea
1166 999 1257 1057 usus,
1278 991 1312 1043 et
1325 990 1363 1044 ιιι
1376 998 1449 1043 caro
1468 997 1544 1059 prae·

326 1118 330 1125 ·
453 1086 578 1159 dicans,
592 1104 648 1149 eos
668 1085 707 1147 ad
728 1103 764 1147 sa
786 1094 893 1159 rocat,
915 1085 973 1165 qui
994 1102 1071 1146 caro
1092 1092 1179 1159 suut,
1195 1092 1233 1146 ut
1252 1102 1307 1147 eos
1329 1084 1463 1162 primum
1478 1079 1543 1143 Ver·

454 1186 508 1261 bo,
531 1185 618 1267 qnod
633 1202 711 1248 caro
734 1186 855 1248 lactum
880 1193 939 1259 ιιι,
963 1183 1147 1246 conformes
1168 1183 1294 1259 reddat,
1309 1182 1423 1245 deinde
1436 1182 1545 1243 attollat

452 1286 493 1349 ad
511 1286 683 1351 ridendum
698 1289 803 1366 ipsum
819 1292 881 1349 etc.
900 1306 917 1345 a
934 1283 1072 1349 nemum
1094 1294 1131 1348 ut
1148 1285 1288 1366 amplius
1302 1285 1450 1358 sciamus,
1463 1300 1546 1363 quam

451 1388 630 1467 incongrua
650 1387 692 1449 sit
712 1385 902 1470 Hieronymi
933 1385 1037 1451 illatio
1059 1404 1101 1448 ex
1121 1386 1226 1449 citatis
1257 1382 1452 1448 Perimelen
1470 1383 1546 1443 dictis

451 1489 492 1551 da
513 1487 618 1551 Patris
637 1506 656 1549 a
678 1486 762 1552 Filio
783 1488 963 1551 differentia
985 1487 1027 1550 ob
1049 1488 1294 1551 immensitatem
1314 1502 1355 1549 ao
1377 1484 1547 1564 maguitudi-

450 1607 524 1653 uem
547 1590 641 1653 unius
661 1588 796 1651 seorsim
817 1590 858 1650 ab
879 1590 1006 1663 altero,
1029 1598 1158 1668 praesto
1178 1596 1274 1660 suut,
1303 1604 1390 1667 quac
1410 1586 1547 1647 adsersus

318 1708 331 1715 ·
450 1690 557 1769 ipsum
578 1688 709 1753 Celsum
721 1689 842 1757 ‚scribit
863 1689 963 1770 paulo
984 1696 1056 1769 post
1076 1706 1107 1749 n.
1122 1686 1183 1753 69:
1208 1710 1224 1748 n
1248 1688 1290 1751 nt
1311 1694 1422 1750 nostra
1441 1692 1549 1750 seuten-

451 1790 493 1852 tia
515 1807 578 1852 non
593 1797 653 1867 est,
668 1790 775 1853 solum
791 1808 901 1853 rerum
924 1792 1067 1854 omnium
1085 1786 1188 1851 Deum
1211 1805 1250 1850 ac
1264 1786 1396 1851 Patrem
1418 1804 1482 1850 case
1496 1802 1549 1847 mr·

332 1940 336 1946 »
449 1908 558 1971 guum.
582 1891 668 1957 Suae
688 1894 770 1954 euim
800 1890 1028 1970 magnitudinis
1050 1890 1240 1969 participem
1262 1886 1340 1951 iecit
1360 1885 1549 1967 Unigenitum

450 2000 484 2055 et
505 1988 758 2071 primogenitum
780 1990 883 2054 omnis
904 1998 1076 2053 creaturae
1087 2009 1099 2068 ;
1124 1998 1180 2063 ut,
1203 1990 1260 2069 qui
1282 1987 1391 2069 imago
1420 1996 1466 2051 est
1484 1986 1550 2049 iuri·

447 2094 549 2159 sibilis
569 2091 650 2168 Dei,
672 2095 700 2156 is
720 2094 817 2157 etiam
839 2092 1077 2172 magnitudine,
1094 2090 1199 2154 Patris
1220 2092 1393 2171 imaginem
1416 2089 1549 2153 ralerret.

448 2193 536 2258 Fieri
556 2195 639 2258 onim
662 2211 725 2256 uon
747 2202 887 2274 poterat,
910 2202 947 2256 ut
967 2192 1105 2273 pulchra
1127 2193 1233 2272 imago
1254 2200 1351 2267 esset,
1375 2198 1409 2255 et
1430 2188 1495 2253 Deo
1513 2191 1551 2250 in·

447 2296 564 2359 risibili
586 2296 814 2376 responderet,
837 2314 923 2377 quae
945 2293 1172 2375 magnitudinis
1192 2295 1366 2373 imaginem
1389 2310 1452 2357 non
1472 2309 1552 2373 prae·

447 2396 550 2461 berei.
574 2415 591 2453 n

526 2496 630 2562 Simili
650 2498 775 2561 ratione
796 2495 1032 2561 Heracleonem
1060 2494 1346 2572 Valentinianum,
1370 2497 1552 2559 asserentem

445 2596 557 2663 mundi
577 2592 734 2679 Opilicem
756 2601 939 2662 ministrum
956 2596 1056 2661 Verbi
1077 2598 1199 2661 iactum
1215 2616 1297 2673 esse,
1313 2598 1435 2661 audire
1454 2595 1554 2659 uolens

443 2697 612 2779 Origenes,
634 2716 672 2763 ac
692 2698 765 2763 ideo
786 2700 891 2778 ipsam
913 2698 1095 2774 contutans,
1120 2698 1284 2779 verbaque
1304 2714 1367 2761 suu
1391 2699 1553 2763 invenem.

446 2799 528 2863 tales
547 2800 701 2881 exprimit
721 2801 761 2862 dc
776 2798 886 2863 Verbo
901 2803 970 2880 ipso
990 2817 1115 2875 sensus,
1129 2800 1216 2863 unde
1238 2799 1442 2863 recentiores
1454 2794 1554 2862 olicmi

443 2908 531 2963 sunt.
556 2900 591 2963 ln
612 2902 725 2964 eodem
746 2902 830 2964 euim
851 2899 984 2964 Jouunis
1006 2898 1246 2963 Commentario
1267 2897 1373 2963 Tomo
1397 2897 1439 2963 ll.
1461 2916 1491 2961 n.
1512 2892 1553 2961 ld.

445 3001 608 3081 disputat:
623 3022 639 3060 n
653 3000 736 3077 Quia
761 3020 839 3066 sero
858 3000 920 3066 lux
939 3001 1129 3081 simpliciter
1151 3002 1212 3065 lroc
1234 3001 1265 3063 in
1286 3001 1361 3065 loco
1385 2998 1554 3070 Servatur,

444 3102 597 3181 tuipsius
619 3119 697 3166 rero
717 3101 850 3167 loannis
871 3101 1038 3167 Catholicr
1057 3101 1214 3181 Epistola,
1233 3099 1321 3165 Dens
1342 3101 1408 3166 lux
1430 3119 1497 3165 osse
1516 3097 1555 3159 di·

444 3202 544 3277 citnr,
566 3203 651 3267 alius
671 3205 801 3282 quidem
822 3204 1007 3276 existimat,
1030 3204 1126 3265 etiam
1149 3203 1221 3265 irinc
1243 3202 1375 3283 colligi,
1397 3201 1554 3267 Patrcmr

445 3298 520 3363 Filii
540 3303 725 3366 substantia
739 3322 804 3366 non
824 3302 976 3367 differres
992 3302 1077 3366 alter
1093 3320 1171 3366 vero
1191 3311 1224 3366 et
1243 3302 1434 3383 diligentius
1455 3302 1555 3367 obser·

450 3404 555 3477 rarit,
577 3409 610 3466 ot
631 3406 751 3467 rectius
772 3405 903 3468 locutus
926 3402 1046 3480 suerit,
1069 3403 1173 3479 dicet,
1196 3402 1366 3467 nunidem
1390 3424 1462 3469 esse
1484 3404 1556 3472 loa,

444 3522 530 3585 quae
550 3505 583 3565 iu
607 3506 747 3569 tenebris
767 3506 889 3582 luceat,
904 3506 945 3569 ab
960 3506 1024 3569 illis
1044 3522 1108 3568 uon
1129 3506 1349 3584 apprehensa,
1374 3514 1409 3569 et
1432 3508 1509 3578 ιιι,
1529 3506 1556 3565 in

445 3622 511 3683 qur
534 3603 619 3667 haud
641 3606 706 3667 'sint
726 3605 887 3669 tenebrae.
910 3594 1076 3686 Siquidem
1098 3623 1135 3669 eu
1158 3605 1240 3679 lun,
1261 3622 1347 3685 quae
1370 3607 1403 3667 io
1428 3604 1557 3669 tenebris

444 3704 548 3777 lucet,
564 3711 717 3784 tauquam
731 3706 919 3788 supervenit
941 3705 1101 3783 tenebris;
1116 3722 1256 3785 cumque
1270 3705 1311 3768 ab
1328 3708 1409 3785 ipsis
1427 3706 1557 3771 tenebris

447 3806 572 3885 patitur
593 3808 862 3887 persecutionem,
878 3814 922 3881 et,
941 3817 977 3870 ut
991 3808 1034 3871 ita
1057 3807 1178 3881 dicam,
1201 3806 1320 3869 insidiis
1342 3808 1482 3885 petitur,
1502 3824 1557 3868 nou

445 3906 744 3986 comprehenditur,
769 3906 812 3971 ιιι
831 3908 906 3983 ιιι,
922 3907 953 3969 io
975 3926 1037 3988 qua
1061 3908 1171 3970 oollae
1190 3906 1254 3969 sint
1275 3907 1444 3983 tenebrae,
1461 3924 1559 3987 oeque

444 4006 537 4070 lucet
557 4008 589 4069 in
611 4006 773 4081 tenebris,
805 4026 911 4088 neque
934 4008 1004 4071 ullo
1025 4008 1121 4071 modo
1142 4006 1182 4068 ab
1205 4005 1279 4086 ipsis
1299 4007 1558 4086 persecutionem

448 4108 594 4187 patitur,
618 4115 666 4181 ut,
691 4126 753 4171 eeu
777 4110 918 4185 vincens,
945 4108 1150 4181 declaretur,
1179 4106 1267 4186 quod
1291 4105 1334 4167 alr
1354 4106 1434 4185 ipsis
1456 4122 1559 4186 perse-

446 4207 621 4287 quentibus
643 4208 782 4271 tenebris
803 4225 867 4271 uon
894 4210 937 4273 sit
965 4209 1175 4289 apprehensa.
1197 4205 1308 4271 Tertio
1338 4206 1464 4269 dicitur
1487 4207 1559 4268 traco

446 4306 507 4370 lux
522 4308 584 4371 ιιι
597 4324 684 4371 uero.
700 4306 774 4383 Qua
789 4328 867 4373 vero
883 4312 1031 4389 portione
1051 4310 1147 4375 Pater
1162 4310 1306 4375 veritatis
1318 4305 1407 4371 Dens
1423 4306 1560 4387 amplior

418 4483 425 4495 1
446 4416 481 4470 ιι
494 4408 600 4488 maior
618 4415 667 4471 est
680 4426 779 4488 uuam
803 4412 932 4477 veritas.
950 4408 993 4476 Et
1016 4410 1112 4474 Pater
1126 4426 1201 4474 cum
1215 4412 1257 4473 sit
1277 4407 1475 4489 Sapientiae,
1499 4424 1560 4469 me·

446 4508 511 4571 lior
525 4517 559 4571 ιι
577 4510 793 4587 praestantior
806 4520 855 4577 est
875 4510 1048 4600 Sapientia,
1070 4530 1111 4575 ax
1133 4512 1195 4573 lroc
1215 4518 1349 4591 superat
1362 4528 1435 4575 esse
1456 4511 1558 4589 ipsum

447 4606 555 4669 lucem
578 4623 687 4669 reram
709 4618 770 4672 etc.
795 4628 811 4668 n
