3375 5567
324 709 327 716 ·
455 671 497 739 82

453 778 524 845 Dei.
542 781 670 847 Pariter
686 800 717 845 u.
732 780 783 849 ἢ.
800 786 857 859 aii,
875 786 906 849 in
921 786 1020 850 coelis
1041 804 1110 851 esse
1124 790 1287 853 civitatem
1299 791 1472 871 quamdam
1486 787 1553 855 llie·

455 884 609 969 rusaiem,
627 883 731 950 Paule
752 895 836 965 pest:
861 908 878 947 ιι
900 886 1149 970 Quaecumque,
1165 890 1289 968 scribit,
1305 891 1344 955 de
1359 890 1553 957 Hierusalem

453 988 633 1069 prophelae
646 987 771 1065 dicunt,
792 989 818 1051 si
835 987 929 1053 Pauli
953 990 1050 1053 serbe
1066 1000 1219 1073 tauquam
1236 990 1293 1057 Dei
1310 1011 1371 1074 per
1390 996 1493 1077 ipsum
1506 994 1554 1059 Se·

452 1090 605 1169 pientiam
626 1090 788 1171 loquentis
809 1089 974 1167 audimus,
997 1090 1037 1155 de
1058 1093 1190 1157 coelesti
1212 1096 1355 1171 civitella,
1372 1106 1406 1158 et
1426 1096 1465 1159 de
1479 1100 1554 1160 omnl

454 1190 542 1267 loce,
563 1191 619 1271 qui
641 1191 782 1256 eontinet
798 1196 906 1257 terrae
926 1201 1057 1260 sanetae
1071 1196 1232 1271 civitates,
1252 1195 1493 1278 intelligendum
1505 1208 1556 1275 est,

454 1292 640 1373 Scripturas
660 1293 764 1374 ioqui.
788 1302 806 1352 s·
828 1292 922 1371 Qube
943 1296 975 1360 in
997 1298 1092 1361 terris
1111 1296 1236 1361 scilieet
1256 1314 1316 1379 per
1329 1298 1436 1363 'iidem
1461 1299 1558 1364 aedid-

455 1395 577 1459 candae
597 1396 681 1457 erint
703 1394 834 1475 ubique.
848 1392 990 1461 Tandem
1011 1416 1041 1461 n.
1056 1394 1107 1465 Hi.
1130 1398 1170 1462 de
1183 1398 1342 1479 legalibus
1365 1400 1496 1477 ritibus,
1510 1404 1559 1482 qui

452 1495 583 1561 umbrat
602 1506 631 1561 et
650 1494 824 1576 exemplari
843 1494 1024 1562 deserviunt
1043 1499 1218 1563 corbariam
1239 1500 1388 1565 eamdem
1408 1518 1561 1582 nuncupa-

456 1600 575 1663 tionem
596 1599 738 1662 innovat:
762 1596 831 1661 ein
852 1599 912 1661 bae
925 1599 1037 1663 eudem
1059 1602 1130 1682 lege
1143 1602 1240 1664 etiam
1260 1600 1475 1668 nibilominus
1494 1621 1559 1667 con·

455 1701 597 1777 licetur,
619 1700 738 1780 quibus
758 1699 906 1780 iegibus,
930 1701 1115 1781 quibusque
1143 1702 1402 1767 institutionibus
1422 1705 1454 1766 ie
1482 1710 1556 1766 terra

455 1813 563 1869 eunuts
588 1803 761 1867 vivendum
781 1811 841 1867 est.
864 1802 925 1866 Sed
941 1812 973 1866 et
989 1804 1251 1868 comminationes
1273 1804 1403 1883 positae
1415 1812 1489 1869 sunt
1509 1806 1560 1877 bis,

453 1910 509 1989 qui
531 1904 746 1988 praevaricati
769 1904 890 1967 inerint
905 1904 1023 1985 legem,
1046 1923 1104 1968 uec
1126 1923 1189 1968 nou
1209 1913 1242 1969 et
1261 1906 1322 1979 bis,
1342 1907 1402 1987 qui
1425 1906 1562 1987 purifica·

456 2010 581 2073 lieuum
602 2024 732 2087 genera,
757 2004 924 2086 velul'qni
947 2005 1150 2086 frequentius
1170 2014 1274 2070 esseut
1296 2008 1479 2089 peliueudi‚
1508 2016 1561 2071 tra·

455 2109 594 2184 duntur,
615 2117 652 2173 nt
672 2126 732 2190 per
751 2108 833 2171 base
854 2107 981 2172 tandem
1009 2109 1048 2171 ad
1071 2109 1160 2173 illane
1183 2126 1279 2173 unam
1311 2110 1559 2189 purificationem

458 2210 585 2273 veniunt
599 2252 609 2283 ,
623 2217 803 2289 postquam
826 2206 930 2289 pollui
952 2208 1040 2273 ultra
1066 2226 1129 2273 nou
1157 2210 1244 2272 lieet.
1269 2228 1285 2268 n
1308 2208 1406 2286 Quae
1430 2210 1562 2291 singulae

456 2310 733 2390 nuncupationes,
756 2308 803 2372 uti
825 2307 916 2385 dixi,
937 2310 1086 2389 quamvis
1107 2326 1124 2371 e
1146 2310 1242 2390 longe
1264 2310 1304 2373 de
1326 2311 1446 2375 tuturo
1465 2308 1563 2373 seculo

457 2410 685 2490 triumphantis
707 2407 872 2473 Ecclesiae
893 2410 1074 2488 peculiares
1094 2428 1227 2491 quoque
1248 2416 1344 2474 notua
1365 2411 1454 2491 sint;
1469 2419 1561 2473 tamen

454 2511 487 2575 in
508 2511 569 2575 bae
589 2512 779 2593 quaestione
804 2508 845 2574 de
866 2507 1012 2575 Ecclesia
1035 2511 1183 2574 militanti
1214 2518 1341 2577 tautum
1364 2512 1408 2576 ab
1430 2510 1562 2576 ductore

458 2612 647 2687 traduntur,
668 2621 702 2676 et
722 2610 981 2677 considerentur.

535 2712 716 2796 Hucusque
739 2714 892 2795 pericope
916 2712 1094 2777 secuudum
1110 2731 1264 2795 graecum
1279 2722 1313 2780 et
1330 2713 1457 2779 Ruiilnt
1478 2716 1560 2777 ieter·

456 2816 692 2899 pretationem,
715 2816 814 2880 simul
843 2814 968 2879 traditis
987 2814 1027 2877 ad
1060 2833 1142 2897 opus
1167 2816 1413 2881 recensieuibus
1442 2834 1499 2898 pre
1522 2815 1559 2875 rei

456 2918 686 3000 perspicuitate
700 2916 960 2981 accommodetis.
984 2914 1080 2981 Prius
1104 2934 1293 2998 veroquam
1310 2917 1468 2982 Auctoris
1482 2919 1510 2978 ie
1528 2931 1557 2975 ea

457 3038 547 3087 meus
560 3022 767 3102 explanetur,
780 3016 970 3104 Hieronymi
986 3019 1226 3082 translationem
1238 3018 1405 3099 objiciam,
1420 3026 1458 3083 ut
1470 3018 1559 3081 lector

455 3121 570 3187 deiude
588 3121 693 3203 judex
712 3119 858 3199 accedat,
880 3123 1009 3184 cuinam
1030 3120 1221 3185 sinceritatis
1242 3120 1351 3201 palma
1373 3121 1406 3183 in
1430 3119 1560 3184 remlene

457 3222 597 3287 cedenda
612 3223 654 3288 sit
663 3242 676 3304 5
698 3240 736 3287 se
750 3239 828 3286 num
849 3222 988 3303 denique
1003 3222 1126 3285 erroris
1145 3223 1186 3285 sit
1201 3220 1389 3301 arguendus
1409 3218 1559 3299 Origenes.

457 3325 509 3390 Sic
529 3327 641 3405 itaque
661 3321 881 3409 Hieronymus
902 3325 942 3389 de
962 3340 1081 3405 graeco
1102 3324 1199 3387 citata
1224 3324 1322 3391 rerba
1344 3322 1504 3407 esposuit.

838 3522 942 3587 Verrio
963 3544 987 3589 ι.
1019 3524 1205 3605 ffiereupms'

537 3752 553 3790 ι
576 3729 618 3794 Et
633 3730 766 3793 iersilan
777 3727 953 3809 quemodo
969 3728 1000 3791 iu
1022 3730 1083 3794 isto
1102 3728 1237 3804 munde,
1252 3732 1308 3813 qui
1324 3733 1508 3799 moriuntur
1521 3748 1560 3791 se·

460 3834 627 3914 paratione
647 3834 753 3897 carnis
766 3839 801 3895 et
819 3832 944 3896 animae
962 3831 1058 3913 iuxta
1081 3832 1447 3913 operumdilierentism
1466 3833 1559 3895 diser·

457 3954 493 3999 sa
514 3934 600 4015 apud
623 3933 745 3998 interes
764 3933 910 3998 obtinent
929 3934 1024 3998 loca:
1046 3934 1093 3997 sic
1114 3935 1230 4015 quide
1251 3936 1401 4001 eoelestis
1422 3934 1561 4000 Hierusa-

454 4037 534 4111 lem,
551 4044 588 4101 ut
601 4038 645 4101 ite
660 4035 778 4112 dicem,
794 4034 1069 4098 administratione
1091 4035 1288 4112 moriuntur,
1303 4035 1343 4099 ad
1364 4036 1558 4100 nestrimun·

456 4138 488 4200 di
509 4137 634 4201 inierua
656 4137 875 4214 descendunt,
909 4142 945 4200 ut
966 4154 1026 4218 pre
1047 4138 1205 4215 qualitate
1220 4132 1424 4203 ¹meritorum
1446 4137 1560 4198 diversa

458 4240 493 4303 iu
515 4241 611 4305 terris
626 4240 809 4322 possideant
820 4239 906 4302 lece.
925 4236 1054 4318 thuia
1070 4239 1329 4320 comparavimus
1345 4239 1385 4301 de
1402 4240 1462 4302 isto
1482 4250 1560 4299 mue·

454 4343 497 4407 do
517 4340 556 4405 ad
571 4340 694 4405 inierua
717 4347 886 4421 pergentes
900 4340 1033 4416 animas,
1058 4341 1095 4404 iis
1109 4340 1289 4418 animabus,
1312 4361 1397 4424 quae
1417 4343 1456 4405 de
1475 4352 1556 4414 supe

456 4443 537 4507 riori
556 4442 650 4507 coelo
670 4441 711 4505 ad
733 4450 841 4506 nostra
873 4440 1057 4506 habitacula
1081 4444 1302 4522 perscmeules
1330 4435 1555 4526 quodammodo

457 4552 605 4610 mortuae
625 4550 712 4621 snut,
733 4542 884 4625 prudenti
906 4544 1149 4626 investigatione
1173 4546 1352 4610 rimandum
1370 4554 1429 4622 cst,
1450 4560 1488 4605 au
1507 4539 1558 4599 boc
