3375 5567
592 796 732 867 catut
757 798 797 864 ii.
1236 702 1259 770 9

161 996 358 1083 nenegasse
378 1002 556 1067 animnos
574 1002 613 1066 ts
630 1022 657 1067 a.
675 999 827 1083 Gregorii
844 1001 983 1083 sigaeas·
1002 1001 1094 1070 libris
1113 1015 1143 1069 et
1165 1024 1261 1087 pree

189 1101 282 1165 setin
301 1102 358 1183 gui
374 1102 604 1169 calcedonicus
619 1112 650 1167 et
670 1102 826 1184 Dialogus
848 1106 887 1167 ad
904 1104 1084 1169 llaenaam
1104 1106 1258 1172 sornam

186 1202 406 1279 intendantur,
423 1222 501 1267 nans
521 1204 643 1285 (nsaw
656 1202 763 1267 etieno
781 1205 1032 1287 colonetense·
1050 1205 1088 1269 s'ss
1102 1205 1158 1281 s's'e,
1180 1224 1261 1289 gntus

187 1302 287 1384 degisse
303 1304 529 1385 pertingebant
549 1306 586 1366 de
606 1302 791 1369 aeternitate
807 1320 997 1383 poennraas.

91 1618 92 1673 i
160 1546 330 1669 Nssnen
343 1607 429 1671 latet
443 1606 534 1686 quali
548 1606 769 1671 sollieitudine
778 1605 976 1688 Tiscclugiae
988 1606 1165 1690 scriptores
1189 1626 1261 1676 mn·

91 1748 92 1787 p
160 1716 203 1769 ian
220 1708 442 1771 contenderint
469 1708 510 1771 de
532 1706 633 1789 huius
657 1706 761 1770 Patris
787 1707 935 1773 sentibus
954 1711 1040 1773 cirea
1071 1710 1260 1792 hujusmodi

91 1826 92 1885 i
158 1804 370 1888 lignacum
392 1811 478 1872 enlm
499 1809 601 1888 aliqui
623 1808 711 1871 huuc
742 1809 927 1873 hamaticae
947 1811 1105 1890 opinionis
1133 1813 1258 1876 studio·

158 1908 468 1984 assentimini,
490 1909 546 1973 alil
567 1924 627 1971 nec
652 1908 870 1987 suspicionem
890 1908 1024 1989 quidem
1046 1911 1192 1975 solentes
1217 1913 1259 1977 ds

159 2008 258 2090 integra
287 2012 381 2075 illius
403 2010 465 2073 lide
484 2011 518 2073 ‘in
546 2010 605 2073 iae
634 2026 671 2072 rc
701 2011 734 2071 iu
764 2010 962 2075 contrariam
992 2012 1104 2076 abiere
1132 2022 1257 2077 senten·

159 2110 227 2184 tiam,
246 2112 317 2177 ideo
337 2118 494 2193 putantes
515 2113 615 2192 ipsius
640 2112 739 2177 tuisse
760 2112 957 2193 depravatus
982 2113 1096 2177 lilsroa.
1120 2111 1258 2179 Plotius
1355 2175 1359 2185 .

91 2218 92 2255 ³
159 2230 190 2275 ex
206 2212 249 2277 lis
268 2216 341 2294 (ean
367 2214 492 2294 legitor
510 2214 544 2275 io
555 2212 797 2291 Prolegcmeois
811 2229 950 2293 opernm
965 2213 1112 2295 ejusdam
1135 2212 1255 2279 liceto·

159 2312 234 2375 rislo
253 2323 315 2379 ires
335 2312 461 2379 Tomos
489 2312 567 2377 edit.
590 2310 721 2377 Parisiis
740 2310 858 2391 lunt.)
889 2312 1073 2377 testimonio
1098 2314 1256 2380 sullnltus

157 2428 176 2473 s.
191 2406 332 2480 Germani
353 2413 569 2479 usisisseme
588 2412 956 2495 constantinopolitanis
979 2432 997 2474 a
1018 2412 1095 2495 Legi
1117 2415 1253 2492 librum,

157 2514 210 2589 aii,
226 2521 358 2579 suntme
380 2508 570 2589 Germano,
593 2514 650 2592 qui
672 2516 816 2595 primum
836 2513 946 2597 Cyzici
965 2513 1159 2590 ordinatus,
1180 2523 1255 2595 post

157 2608 455 2696 Gnastmtiucpoleos
478 2610 667 2678 lotnarela
688 2614 767 2689 luit,
789 2612 848 2695 qni
872 2614 959 2678 libes·
985 2615 1176 2679 inscribitur
1194 2612 1257 2679 Iis·

157 2712 267 2777 inlaesa
286 2726 314 2779 et
328 2712 523 2796 Legitiusstst
545 2714 632 2794 qnod
654 2714 788 2795 perinde
802 2722 854 2777 nst
870 2732 910 2778 an
929 2715 957 2778 si
976 2715 1100 2779 dixeris
1119 2717 1158 2777 de
1178 2734 1256 2783 cern

156 2814 317 2896 etnim
335 2814 546 2881 retributione
565 2813 744 2879 laniamus
772 2816 972 2897 rependendo
986 2827 1086 2896 prosu
1104 2816 1255 2882 niuem

159 2910 190 2975 Et
204 2918 275 2983 haee
294 2920 430 3000 quidem
447 2918 533 2981 tituli
555 2920 733 3000 inscriptio.
756 2918 929 2983 Contendit
946 2936 1038 2994 aero,
1055 2917 1252 2999 Gregorium

160 3011 258 3097 Nysae
276 3022 470 3102 episcopum
491 3019 630 3100 eiusque
663 3020 782 3101 scripta
805 3019 848 3083 sn
866 3018 1016 3100 origenis
1045 3036 1162 3084 errore
1181 3038 1273 3085 nass·

160 3114 297 3183 inmunia.
318 3120 453 3185 Etenim
474 3121 594 3201 quium
614 3118 767 3185 delirium
787 3120 873 3185 illud
895 3120 1013 3201 placet,
1042 3120 1255 3187 doemonibus

158 3222 181 3277 st
196 3218 369 3287 luminibus
392 3221 424 3283 in
445 3228 611 3285 aeternnm
632 3238 768 3303 poenam
789 3222 944 3302 conjectis
963 3222 1187 3285 liberationem
1207 3223 1256 3284 tn·

157 3314 186 3379 de
196 3324 438 3401 expectantium,
453 3321 503 3384 illi
521 3324 608 3403 quod
625 3325 733 3389 airum
748 3323 899 3387 doctrina
913 3322 1112 3403 singularem
1136 3329 1169 3386 ct
1186 3322 1255 3385 slu-

159 3425 264 3499 gneniia
278 3424 438 3505 insignem
459 3440 535 3487 enm
550 3432 764 3504 agnoscerent
778 3425 969 3504 claramque
982 3425 1161 3488 sanctitatis
1187 3426 1257 3489 ext·

160 3520 351 3589 adustionem
376 3540 439 3603 per
457 3526 603 3589 omnium
623 3540 681 3589 cru
704 3526 908 3589 decantatam
925 3526 1093 3599 siderent,
1114 3528 1256 3606 aggressi

158 3630 216 3685 sant
232 3625 325 3691 claris
346 3632 384 3691 ei
403 3625 603 3691 salutaribus
624 3626 696 3708 ejus
727 3628 857 3706 seriptis
876 3632 909 3689 et
930 3626 1070 3689 obscura
1091 3635 1124 3690 et
1148 3629 1257 3707 parni-

158 3718 226 3783 elasa
242 3722 433 3806 origeniani
453 3728 557 3791 sonui
580 3742 699 3789 raneos
721 3726 919 3802 admiscere,
942 3726 1124 3805 virtutique
1153 3726 1257 3789 homi·

159 3821 194 3882 n‘a
211 3836 241 3887 st
258 3826 427 3891 doctrinae
447 3827 570 3891 celebri
591 3828 790 3891 haercticam
805 3826 935 3890 occulte
955 3828 1129 3891 amentiam
1156 3826 1258 3907 snbji-

160 3936 225 3987 eete.
238 3923 348 4003 Quare
365 3926 590 3991 additamentis
606 3924 707 4001 falsis,
720 3926 837 4007 purtim
852 3928 951 3991 rectis
964 3929 1165 4007 argumentis
1187 3929 1256 3991 aio·

160 4020 242 4089 lenter
259 4027 410 4105 detortis,
434 4028 536 4093 multu
551 4048 593 4092 nx
608 4024 948 4109 irreprehensibilibus
961 4029 1033 4110 ejus
1062 4042 1252 4091 monumen·

162 4121 190 4182 t'a
205 4126 388 4191 calumniari
410 4128 517 4193 conati
544 4138 631 4219 susti.¹
652 4127 772 4193 Gontm
807 4146 891 4209 quus
912 4126 1095 4193 Germanus
1128 4128 1256 4205 pietatis

160 4231 287 4297 patrnam
299 4236 437 4294 acutum
455 4231 599 4293 raritatis
621 4230 764 4310 gladium
778 4233 952 4311 stringens,
967 4237 1002 4292 et
1016 4228 1154 4293 vnlnere
1177 4244 1253 4308 pra·

162 4328 255 4390 illitos
274 4328 382 4395 hostes
396 4331 596 4410 relinquens,
614 4331 770 4393 rictorem
791 4331 1063 4413 superioremque
1077 4347 1151 4393 enm
1178 4347 1254 4392 con·

162 4423 298 4501 stituit,ln
318 4446 417 4511 quem
438 4434 601 4503 lsasrslioa
623 4431 783 4495 colluvies
804 4432 934 4496 insidias
960 4438 1129 4495 struxerat
1149 4441 1182 4493 et
1197 4448 1254 4510 po·

164 4535 261 4591 aserai
282 4548 299 4587 s
319 4529 495 4597 Nnnnliis
525 4532 703 4597 interiectis
723 4531 842 4597 subdit.
875 4553 893 4593 e
914 4530 957 4597 ils
983 4533 1128 4596 breviter
1147 4532 1254 4595 omnia
