3375 5567
149 825 170 867 n.
185 806 210 869 2
228 808 332 886 plnres
351 823 389 869 aa
412 813 518 870 aetate
539 805 906 877 christifideles'lnisso,
928 799 1038 886 qnl'ln
1067 806 1175 885 parvis
1196 813 1229 868 et

148 910 171 968 iu
187 910 293 987 nequis
313 907 548 970 discordabant.
566 906 606 970 Et
621 906 884 988 amplinspanlu
906 913 978 986 post
999 906 1120 981 subdit,
1143 907 1230 985 Apo·

147 1009 227 1072 stolus
243 1008 421 1071 christianis
446 1008 726 1089 evangelizantes,
748 1007 855 1071 omnia
876 1025 961 1087 quae
982 1008 1159 1070 necessaria
1183 1007 1230 1069 lo·
1315 1011 1320 1017 “

147 1116 201 1170 reat
217 1108 382 1184 credenda,
398 1109 565 1172 manifeste
591 1103 770 1173 tradidisse.
785 1105 832 1171 lle
852 1108 969 1171 ceteris
992 1124 1093 1170 vernt
1109 1107 1229 1180 subdit,
1280 1101 1285 1110 '

147 1206 297 1283 dixerunt,
327 1207 402 1286 qnia
423 1216 520 1286 snnt;
542 1209 708 1288 quomodo
727 1204 861 1280 autem,
887 1217 945 1269 aut
970 1206 1053 1270 unde
1078 1208 1162 1282 sint,
1190 1207 1233 1269 ai·

146 1306 278 1370 luerunt:
301 1306 449 1388 prolecto
477 1315 515 1370 nl
534 1308 745 1370 studiosiores
777 1309 900 1387 quique
921 1326 962 1370 en
988 1307 1125 1387 posteris
1144 1306 1232 1382 suls,

145 1407 188 1486 qni
205 1415 358 1471 amatores
381 1416 487 1470 essem
505 1410 702 1488 sapientiae,
723 1409 921 1490 exercitium
942 1408 1062 1470 habero
1083 1415 1232 1488 possent,

146 1508 170 1568 in
185 1526 244 1587 qno
261 1509 378 1590 ingenii
398 1509 450 1571 sni
472 1509 617 1573 lrnctum
638 1509 855 1574 ostenderent:
881 1508 911 1570 hi
936 1508 1096 1585 videlicut,
1119 1507 1237 1589 qui'di·

146 1623 247 1683 tunsae
260 1615 292 1670 et
310 1627 446 1688 capaces
460 1607 500 1670 ad
523 1609 738 1688 recipiendam
752 1609 941 1688 sapientiam
958 1613 1200 1689 praepararent.
1217 1627 1234 1664 a

146 1704 178 1768 llt
193 1708 259 1771 hinc
271 1715 331 1784 est,
351 1708 439 1788 qnod
459 1709 577 1772 ibidem
597 1707 754 1790 Origenes
774 1717 927 1788 tanquam
949 1711 1174 1789 quaestionum
1190 1709 1238 1770 lt·

147 1811 281 1872 alericum
298 1816 376 1874 tuuc
389 1809 421 1870 in
437 1806 579 1872 Ecclesia
596 1810 861 1873 insolescentium
875 1827 910 1872 so
930 1827 965 1873 se
979 1817 1082 1889 gerat;
1097 1827 1239 1890 quarum

146 1909 240 1972 deiude
257 1909 432 1989 separatim
452 1907 540 1970 subit
561 1911 607 1971 nti
628 1927 757 1980 censor,
778 1916 811 1972 et
828 1909 954 1991 index,
977 1911 1073 1972 animi
1095 1911 1145 1972 sul
1166 1927 1237 1971 sen·

145 2025 202 2072 snm
219 2008 398 2088 proterens:
420 2008 468 2070 nti
487 2009 718 2088 sapientissime
739 2007 779 2072 de
799 2011 869 2088 ipso
890 2008 1002 2071 scribit
1022 2007 1116 2070 divus
1138 2008 1237 2072 ntun-

144 2111 232 2171 usius
249 2110 280 2170 in
301 2106 448 2187 Epistola
472 2125 503 2170 n.
523 2105 567 2174 26
587 2107 631 2171 De
651 2108 740 2170 Filio
763 2106 857 2172 Potrt'
876 2117 1047 2172 conterno.

211 2207 257 2273 lix
281 2211 331 2273 luis
355 2209 548 2289 praemissis,
572 2209 656 2273 unde
677 2209 864 2285 desivimus,
889 2219 1097 2274 revertamur
1112 2211 1240 2274 investi·

147 2319 237 2388 pantes
261 2309 341 2391 quid
362 2311 461 2373 sensit
489 2327 528 2372 ac
549 2309 660 2375 docuit
688 2308 847 2389 Origenes
868 2311 899 2372 ln
927 2329 955 2372 c.
986 2307 1073 2374 Vlll.
1095 2327 1126 2374 n.
1156 2309 1185 2375 3.
1207 2303 1238 2376 l.

148 2407 219 2475 Liltri
237 2410 278 2475 ll.
299 2409 366 2476 Ubi
379 2429 443 2474 non
463 2411 650 2490 quaerenda
664 2419 714 2474 est
736 2419 860 2474 tantum
877 2413 1062 2475 versionum
1083 2420 1152 2477 tum
1167 2410 1243 2476 llie·

147 2513 255 2593 roupmi
278 2521 350 2576 tnm
373 2511 492 2575 llnlllnl
513 2511 752 2592 discrepantia,
775 2530 890 2575 verum
916 2513 1012 2576 etlam
1035 2514 1190 2593 (accepto
1210 2523 1244 2576 et

148 2614 267 2691 prolato
286 2615 368 2677 nihil
392 2614 424 2676 iu
445 2614 506 2677 laec
528 2615 662 2677 materia
690 2615 730 2678 de
753 2615 934 2695 exemplari
957 2631 1074 2693 graeco
1099 2615 1247 2677 innovas·

149 2731 176 2774 vs
193 2712 376 2789 llnffinnm)
398 2715 580 2792 argumenti
600 2733 737 2794 scupus,
760 2733 836 2778 num
858 2715 980 2780 scilicet
1002 2715 1180 2794 quidquam
1202 2713 1246 2776 ibi

145 2813 178 2876 tit
197 2814 264 2878 lalsi
282 2833 323 2879 ac
346 2814 527 2878 catholicae
548 2815 770 2895 philosophiae
791 2816 958 2878 contrarii.
981 2813 1137 2878 incitatis
1158 2831 1247 2876 nam·

148 2933 200 2992 que
218 2915 431 2996 paragraphis
450 2914 629 2979 adversarii
650 2917 776 2996 lapsum
798 2923 913 2996 putant
932 2915 1105 2995 Origencm
1129 2915 1160 2976 in
1181 2916 1247 2976 ani·

151 3032 261 3079 narum
285 3016 538 3097 praeexistentia
558 3018 742 3092 statuenda,
766 3019 948 3097 ceterisque
962 3015 1037 3079 hnic
1053 3014 1160 3078 errorl
1181 3013 1248 3078 nlll-

150 3115 238 3180 nilus.

210 3219 423 3297 Adamantius
444 3222 554 3301 ltaque
575 3229 746 3303 postquam
770 3223 866 3302 plura
890 3222 1042 3302 esposuit
1064 3221 1103 3286 de
1123 3222 1249 3285 animae

147 3315 315 3406 delinitione
329 3329 363 3385 et
373 3323 469 3402 juxta
484 3324 610 3387 divinas
627 3324 813 3404 Scripturas
827 3333 861 3385 et
875 3324 1146 3404 philosophorum
1158 3322 1252 3386 acho-

147 3412 197 3489 las,
210 3421 319 3486 incidit
342 3424 377 3484 ln
397 3422 480 3486 dicta
506 3421 669 3502 Epistulae
688 3423 729 3484 ad
745 3422 929 3486 Corinthios
946 3439 973 3485 c.
991 3420 1060 3486 XV.
1073 3421 1253 3484 seminatur

147 3533 244 3596 eorpus
256 3522 417 3596 animale,
431 3531 539 3602 serpet
557 3541 673 3602 corpus
686 3522 842 3603 spiritale,
860 3523 944 3586 unde
965 3523 1103 3586 ostendit
1116 3521 1254 3602 Aposto-

147 3611 190 3677 lns
206 3619 236 3680 in
259 3623 504 3684 resurrectione
525 3621 605 3683 altit
626 3618 766 3684 animale
787 3620 952 3684 loturum:
977 3619 1051 3685 «Et
1073 3621 1145 3685 ideo
1166 3621 1254 3706 (isub-

148 3712 186 3775 lit
196 3715 352 3798 Origenes
374 3738 405 3781 n.
421 3717 465 3797 2.)
483 3720 681 3798 requirimus
702 3738 741 3782 ne
763 3719 848 3783 lorte
867 3720 1045 3806 substantia
1067 3721 1176 3800 aliqua
1198 3723 1253 3792 sit,

150 3829 220 3890 qnae
237 3819 419 3881 secundum
443 3820 517 3894 lanc,
538 3818 627 3898 qnod
649 3821 755 3881 anima
784 3827 845 3894 est,
869 3819 1056 3900 ltnperlecta
1077 3823 1132 3896 sit,
1165 3821 1253 3900 quod

150 3917 374 3992 aportecdona
393 3919 528 3997 decidit3
550 3937 592 3982 an
615 3921 687 3983 talis
707 3938 726 3982 a
750 3918 819 3984 lleo
841 3920 926 3984 lacta
949 3920 1002 3996 sit,
1026 3939 1101 3984 cum
1124 3939 1182 4001 per
1203 3940 1257 3985 or·

150 4012 240 4080 dinem
260 4020 390 4098 singula
411 4020 529 4083 discuti
546 4023 727 4102 coeperint,
751 4022 966 4102 requiremus.
987 4019 1019 4085 st
1040 4023 1124 4084 enim
1138 4023 1258 4084 anima-

153 4109 184 4175 lis
202 4117 298 4181 homo
312 4136 377 4182 non
399 4121 525 4200 recipit,
542 4138 627 4201 qnae
647 4131 724 4184 snut
739 4121 874 4202 spiritns
896 4120 966 4197 Det,
982 4130 1014 4185 et
1036 4127 1096 4201 pro
1109 4140 1149 4185 eo
1169 4124 1256 4201 quod

151 4214 283 4281 animalis
305 4227 367 4294 ast,
385 4220 529 4283 melioris
546 4230 682 4284 naturae
696 4221 777 4285 idest
791 4221 930 4296 divinae,
947 4221 1191 4301 intelligentiam
1208 4241 1258 4286 re·

153 4313 247 4392 cipere
260 4336 325 4382 nou
339 4328 456 4399 potest,
483 4322 543 4386 luae
559 4322 704 4386 tortassls
725 4323 765 4384 de
779 4339 877 4385 cansa
900 4323 1080 4386 evidentius
1094 4340 1151 4384 nos
1175 4321 1258 4386 l‘an·

153 4407 196 4474 lut
214 4415 332 4482 docere
354 4419 479 4495 volens,
500 4421 645 4500 quiden,
668 4439 728 4502 per
740 4420 828 4501 qnod
851 4439 902 4496 en,
918 4439 1004 4501 quae
1025 4420 1258 4499 suntspiritns,

154 4507 223 4578 idest
240 4520 421 4602 spiritalia,
443 4520 625 4602 intelligere
647 4539 832 4602 possumus,
857 4528 994 4586 mentem
1018 4521 1137 4601 magis,
1161 4537 1259 4601 qnam
