3375 5567
452 797 522 856 tos.¹
536 791 661 873 ilespse
682 791 807 871 priscus
828 789 993 872 interpres
1009 791 1155 856 ordinem
1175 799 1316 858 sectatus
1330 801 1378 858 est
1396 811 1453 877 quo
1469 793 1527 856 Ori·

448 911 542 976 genes
563 893 747 974 singillatim
769 892 948 972 explicavit
968 893 1144 972 parabolae
1165 893 1276 970 verba,
1297 911 1463 974 sensusque
1478 897 1526 975 spi·

448 995 570 1058 ritales.
594 993 737 1075 ideoque
758 995 789 1056 in
811 1013 949 1059 numero
970 993 1174 1076 praecedenti
1195 993 1244 1061 li.
1267 995 1345 1060 dicit
1363 997 1528 1060 sclocutum

450 1115 518 1160 esse
538 1094 717 1159 secundum
737 1094 916 1174 simplicem
939 1095 1156 1170 traditionem,
1172 1103 1205 1159 ct
1219 1097 1292 1160 irino
1307 1095 1423 1172 subdit,
1437 1115 1466 1159 se
1479 1105 1530 1158 ten

451 1205 534 1273 tere,
549 1196 701 1260 subtilius
722 1213 791 1258 rem
802 1196 955 1260 scrutari.
978 1195 1020 1259 lit
1033 1196 1139 1277 primo
1153 1197 1292 1273 excutit,
1306 1197 1383 1278 quid
1403 1197 1456 1260 sibi
1469 1197 1531 1258 telit

446 1299 535 1362 lotrm
548 1313 607 1358 ree
620 1295 747 1378 qusque
760 1314 902 1376 reponat.
917 1293 1065 1362 Secundo
1076 1298 1143 1378 agit
1156 1297 1196 1361 de
1206 1297 1346 1362 invitatis
1362 1297 1402 1363 ad
1415 1298 1532 1377 nuptias

451 1399 561 1469 tertio,
583 1397 622 1459 de
644 1415 711 1476 quo
731 1398 855 1476 agimus
869 1397 1061 1479 spiritaliter
1079 1397 1221 1478 queemt,
1237 1397 1313 1479 quid
1334 1397 1375 1461 sit
1389 1397 1533 1480 prandium

451 1508 613 1581 puratum:
631 1495 702 1560 «Iit
722 1497 758 1562 itt
778 1496 896 1561 talibus
915 1496 1037 1577 nuptiis
1057 1495 1197 1579 intellige
1213 1496 1389 1580 prandium
1407 1500 1537 1580 quodpe-

451 1609 559 1674 rctttr,
580 1617 643 1661 esse
658 1596 817 1680 eloquium
833 1597 903 1676 Dei,
915 1609 952 1664 ιιι
965 1599 1065 1681 sertin
1079 1598 1210 1678 (solido)
1219 1617 1359 1681 preceque
1368 1596 1538 1682 eloquiorum

454 1699 511 1762 liei
533 1698 621 1762 tutari
644 1687 890 1780 intelligantur:
912 1699 1027 1763 suuoio
1050 1710 1152 1764 uestem
1176 1710 1205 1764 et
1230 1699 1423 1766 delectabilia
1440 1718 1539 1771 mmm,

452 1799 516 1862 siut
535 1799 693 1880 supinata.
717 1799 801 1863 idest
823 1799 1068 1881 Scriptnrsrutn
1090 1802 1331 1883 intelligentiam
1354 1803 1386 1863 in
1405 1819 1441 1863 co
1462 1817 1540 1880 pran-

450 1902 505 1964 dio
526 1903 665 1964 collocet
677 1921 688 1980 3
711 1919 853 1981 querum
875 1901 973 1966 lortia
993 1903 1062 1966 siro
1082 1903 1183 1965 solitis
1207 1905 1321 1978 tauris,
1342 1905 1453 1966 suavia
1476 1917 1541 1964 seru

453 2002 602 2080 saginatis
619 2005 751 2084 mystice
773 2001 1004 2080 assimilantem
1020 2021 1167 2084 quasque
1180 2011 1389 2068 scrutaturus
1406 2003 1542 2066 inritatur

452 2102 589 2182 quisque
612 2101 714 2165 tidelis
733 2101 827 2182 justa
851 2105 1020 2184 proprium
1042 2105 1217 2184 ingenium,
1240 2112 1277 2168 ut
1298 2107 1330 2168 in
1351 2108 1398 2168 eis
1412 2105 1480 2185 pins
1499 2101 1541 2163 rel

453 2202 558 2266 miuus
580 2201 727 2282 proliciat
748 2203 778 2264 in
799 2221 891 2265 snam
906 2221 945 2266 ac
958 2213 1143 2268 ceterorum
1164 2205 1316 2284 salutem,
1338 2213 1372 2268 et
1393 2207 1425 2267 in
1444 2203 1544 2285 quiiut

454 2305 555 2364 instar
576 2311 763 2376 taurorum,
786 2302 925 2366 altilium
948 2313 980 2367 et
999 2305 1219 2384 saginaturum
1242 2305 1429 2380 varietatis,
1447 2313 1547 2367 tracta·

455 2409 506 2465 tus
527 2419 660 2482 qnoque
681 2403 826 2466 diversos
840 2403 979 2482 proiert,
1002 2410 1035 2466 et
1048 2403 1235 2468 auditorum
1257 2407 1381 2468 animos
1396 2403 1548 2468 oooiirmat

455 2503 487 2564 in
508 2502 686 2565 excolenda
708 2503 838 2566 virtute.
863 2503 905 2566 Et
926 2505 958 2566 in
979 2504 1028 2567 iris
1048 2505 1209 2580 omnious,
1233 2513 1270 2569 ut
1292 2506 1394 2580 rides,
1413 2503 1549 2568 Auctoris

454 2619 544 2666 mens
565 2601 654 2665 clare
674 2609 707 2665 et
728 2602 938 2666 uniformiter
957 2622 993 2667 so
1013 2605 1107 2684 gerit.

533 2703 566 2769 st
587 2705 659 2785 quis
681 2711 789 2768 autem
814 2723 832 2766 a
858 2706 959 2768 veteri
987 2703 1169 2786 interprete
1195 2704 1369 2780 secedens,
1392 2703 1552 2787 quaesierit

456 2807 488 2869 lu
504 2805 627 2884 graecis
642 2803 752 2869 liuetii
774 2804 940 2870 codicibus
961 2805 1191 2870 commentarii
1210 2804 1399 2886 Origenisul
1423 2821 1552 2876 seusun,

456 2905 558 2970 veluti
579 2907 617 2968 ati
639 2906 783 2969 litterum
810 2907 962 2986 superius
985 2925 1115 2970 versum
1136 2906 1311 2987 descripsi,
1333 2907 1480 2987 prolecto
1502 2904 1552 2968 silei

457 3007 550 3071 vaide
570 3005 804 3070 elaborandum
827 3014 877 3069 est
896 3005 928 3068 in
949 3005 1176 3085 disquirendo,
1200 3025 1362 3087 quocum
1386 3007 1436 3070 itis
1460 3003 1555 3069 tentlat

455 3105 623 3188 Origenes,
646 3113 679 3169 et
699 3107 889 3186 praesertim
910 3105 954 3168 sit
972 3106 1063 3168 initio
1084 3107 1279 3186 paragraphi
1299 3107 1332 3169 in
1352 3109 1393 3171 iis
1413 3104 1555 3188 spiritate·

457 3203 542 3272 iilns'
559 3204 769 3270 rationalitate
789 3215 823 3268 et
843 3206 917 3269 irinc
937 3207 970 3268 in
995 3208 1141 3280 ceteris,
1160 3223 1245 3285 quse
1264 3215 1463 3287 sequuntur.
1484 3205 1557 3269 Cum

456 3310 539 3373 enim
560 3309 593 3371 iu
616 3307 717 3370 aeteri
739 3305 1008 3387 interpretatione
1029 3308 1136 3368 omnis
1156 3315 1190 3369 et
1208 3307 1334 3388 singula
1364 3309 1555 3375 clarescant,

456 3409 490 3473 iu
510 3405 603 3474 Nova
626 3403 736 3470 liuetii
758 3422 776 3469 e
797 3413 908 3470 eontra
926 3414 1041 3470 cuncta
1062 3407 1452 3488 oittoivuutorcaligine,
1474 3409 1515 3472 ita
1529 3411 1561 3467 ut

458 3510 556 3591 hujus
578 3507 772 3589 paragraphi
792 3507 861 3570 sive
882 3507 1086 3570 discussionis
1116 3525 1234 3589 scopus
1255 3510 1453 3588 praecipuus
1482 3509 1561 3586 iguo

457 3616 563 3684 retur,
585 3625 660 3671 cum
682 3607 929 3687 praetermissus
951 3606 1071 3686 luerit3
1092 3625 1197 3688 neque
1218 3607 1273 3670 lrlc
1293 3625 1352 3670 nec
1373 3610 1464 3672 ultre
1485 3607 1564 3669 Ann-

459 3727 575 3792 nymus
591 3726 726 3788 graecus
741 3710 934 3772 mentionem
947 3709 1050 3788 egerit
1064 3708 1103 3770 de
1114 3705 1234 3770 divinis
1244 3706 1390 3788 eloquiis,
1407 3707 1440 3772 iu
1454 3707 1565 3789 quibus

460 3811 603 3874 consistit
630 3809 779 3889 Origenis
807 3807 985 3890 principale
1015 3817 1243 3887 argumentum
1268 3827 1311 3871 ex
1345 3805 1567 3888 Redemptoris

460 3912 552 3975 dictis
580 3909 687 3974 omniu
704 3917 820 3990 paratu
841 3910 923 3973 iticsi
938 3906 1114 3987 mundium
1134 3907 1170 3970 ιἰι
1186 3917 1359 3989 mmm.
1380 3908 1568 3990 spiritaliter

459 4011 638 4093 significuus
654 4012 766 4075 mentis
788 4012 948 4073 humanae
969 4009 1246 4090 participationem
1268 4010 1382 4072 divinis
1398 4010 1568 4074 institutio

461 4113 554 4176 nibus
574 4129 674 4192 snper
695 4129 835 4175 mensam
851 4109 1044 4173 dominicam
1066 4109 1243 4173 collocatis.
1262 4106 1353 4184 Quae
1375 4112 1498 4186 omnia,
1513 4107 1568 4170 nisi

459 4221 555 4278 aetus
577 4211 803 4294 interpretatio
818 4211 962 4290 inquam,
976 4209 1226 4290 suffragaretur,
1247 4209 1355 4272 adhuc
1374 4211 1407 4272 in
1433 4209 1569 4274 tenebris

457 4315 693 4378 delitescerent.
718 4311 760 4375 iit
782 4312 855 4374 irinc
875 4310 971 4387 iniec,
994 4328 1079 4390 quae
1100 4309 1368 4373 iulet-entis'sunt.

540 4414 620 4477 item
653 4412 842 4498 Anonymus
868 4428 1004 4491 graecus
1035 4411 1163 4491 longam
1192 4411 1398 4490 compingens
1431 4411 1568 4491 glossam

465 4523 556 4579 extra
578 4521 684 4580 sctum
706 4513 779 4588 ivit,
800 4530 859 4578 neo
880 4522 1018 4578 mentem
1035 4512 1177 4577 servarit
1199 4509 1352 4576 Auctoris
1365 4511 1396 4574 iu
1420 4511 1474 4590 iis,
1489 4525 1571 4592 quae
