3375 5567
1198 704 1239 775 ⁷5

160 800 258 867 «Coall
272 810 353 879 suot,
376 803 428 867 vel
447 804 637 887 Scripturas
655 808 853 893 divinasset
874 814 1026 872 anomres
1048 826 1178 887 aarum,
1201 812 1234 875 iu

159 904 247 983 aniius
261 905 375 969 habitat
396 905 493 971 Dana.
509 907 641 974 Summa
662 918 772 975 antem
788 908 1035 989 Soriptnrarnm
1049 910 1124 974 aunt
1144 910 1235 975 initia

157 1022 261 1079 aarum,
293 1009 416 1071 termini
438 1018 547 1073 antem
568 1009 860 1074 consummationes
880 1026 1007 1072 earnm.
1029 1008 1233 1092 Gongrepan-

158 1115 198 1168 tur
211 1124 278 1187 erpo
296 1110 394 1172 munti
415 1127 432 1171 a
453 1110 587 1173 summis
603 1111 787 1185 coelorum,
808 1110 903 1186 istest,
919 1109 960 1171 ab
981 1108 1038 1185 ais,
1061 1111 1117 1191 qul
1140 1112 1234 1175 ooelo

158 1206 244 1270 visunt
259 1209 290 1271 ln
308 1210 405 1273 initiis
429 1209 673 1291 Surtptnrarom
697 1210 862 1290 usquead
884 1228 959 1287 aes,
981 1212 1037 1291 qni
1065 1210 1179 1277 visunt
1200 1213 1232 1275 ln

154 1310 447 1376 consummationibus
467 1330 605 1393 aarum3
627 1330 666 1377 ao
686 1313 819 1393 utplus
840 1314 958 1388 dinam,
979 1330 997 1377 a
1022 1313 1158 1379 rudibus
1178 1332 1232 1380 eo·

153 1428 208 1473 rau
218 1428 313 1491 usone
332 1414 372 1475 atl
389 1415 554 1493 periectos
571 1434 698 1479 eornm.
723 1414 790 1492 Qut
810 1422 922 1478 autern
942 1416 1118 1480 mittuntur
1137 1433 1233 1498 eoga-

153 1512 169 1570 ti
184 1530 198 1572 a
215 1511 372 1579 salvatore
394 1517 433 1579 ad
455 1517 715 1597 congregandum
737 1519 860 1582 eleetos
880 1518 969 1599 ejus,
993 1518 1236 1599 congregabunt

151 1631 192 1675 eos
207 1632 261 1677 non
281 1634 354 1681 oum
378 1635 458 1682 voce
472 1619 727 1701 qualicumqu03
750 1619 805 1683 set
820 1637 897 1685 cnm
920 1620 1009 1694 tona,
1031 1638 1116 1701 qnae
1140 1638 1235 1683 voea-

153 1722 194 1776 tar
209 1732 324 1797 magna,
347 1735 411 1782 non
436 1723 654 1785 vsoemtante
675 1723 844 1796 incertam,
861 1721 915 1783 sed
938 1728 1059 1783 renam
1081 1727 1113 1783 et
1135 1720 1235 1782 maut-

153 1814 301 1892 iotanae
320 1821 559 1901 uniendierint
573 1830 606 1886 et
626 1822 808 1897 didicerint,
825 1829 939 1903 parent
950 1838 984 1885 ae
998 1821 1038 1884 ad
1056 1821 1140 1883 eiam
1163 1838 1236 1902 per·

152 1915 278 1995 notionis,
298 1938 385 2001 qnae
405 1922 495 1987 tueit
516 1924 555 1985 ael
578 1922 697 1988 Filium
721 1922 789 1987 noi.
813 1942 830 1980 a

209 2022 261 2085 Ast
278 2024 317 2085 ad
343 2032 453 2088 cetera
478 2024 673 2102 redeamus,
698 2043 783 2106 quae
804 2024 1024 2109 Hieronymus
1044 2022 1141 2086 aliter
1159 2040 1236 2087 eon·

150 2118 252 2197 iterat,
273 2142 372 2203 quam
394 2127 528 2189 intandlt
541 2124 698 2207 Origenes
717 2130 766 2190 ex'
784 2122 902 2189 lluffini
924 2124 1189 2204 interpretatione
1203 2124 1235 2186 in

150 2216 212 2281 tiro
231 2220 253 2282 Ι.
274 2222 471 2288 ΡιήανοΙιοιι
490 2228 518 2290 i.
542 2224 598 2289 vt.
618 2246 649 2290 ιι.
669 2224 725 2290 3.ε
744 2224 905 2287 «iuterim
926 2234 989 2287 tana
1011 2225 1043 2285 in
1066 2222 1126 2299 his,
1149 2240 1235 2303 qnae

150 2316 272 2385 vitentur
289 2334 322 2387 et
336 2327 572 2407 temporalibus
589 2328 843 2407 scantianam
859 2330 890 2391 in
906 2327 983 2401 illis,
999 2340 1084 2405 quae
1105 2328 1169 2388 nnn
1191 2324 1237 2387 ti-

148 2416 240 2483 leutur
257 2434 290 2487 et
308 2434 441 2490 aeterna
464 2436 552 2504 sunt,
573 2446 683 2491 omnes
704 2428 757 2491 isti
779 2444 840 2515 pro
862 2427 993 2499 ordine,
1016 2442 1077 2507 pro
1097 2425 1235 2517 tatiane,

152 2536 195 2597 ll⁰
212 2526 314 2604 mollo,
341 2537 375 2591 et
409 2530 601 2595 meritorum
625 2530 833 2610 dignitatibus
857 2527 1236 2609 dlspenaaotnreutaiii

151 2620 298 2704 inprimis,
322 2630 381 2694 alti
404 2635 435 2695 in
455 2633 617 2710 secundis,
640 2632 787 2695 nonnulli
799 2633 896 2694 etiam
918 2630 949 2691 io
972 2629 1095 2691 ultimis
1117 2637 1240 2708 tempo·
1337 2706 1341 2715 .

150 2724 228 2804 illua,
247 2739 278 2793 et
300 2746 361 2811 per
380 2734 505 2814 majora
527 2751 566 2797 ao
587 2734 738 2813 graviora
752 2731 925 2812 supplicia,
949 2746 1007 2793 nan
1029 2746 1093 2793 non
1113 2735 1147 2792 et
1167 2729 1238 2793 uln-

150 2832 234 2904 tnraa,
254 2845 292 2895 au
312 2834 438 2909 multia,
454 2844 491 2899 nt
506 2838 549 2898 iia
565 2836 682 2910 (licam,
699 2834 819 2897 seculis
842 2830 995 2895 tollerata
1016 2830 1238 2909 aspanortous

148 2933 398 2998 coartationibus
420 2938 573 3016 reparati,
590 2954 628 3000 ac
643 2936 784 3022 restituti
800 2933 1039 2997 eruditionibus
1059 2930 1166 3013 primo
1184 2947 1240 2992 ao·

149 3028 246 3110 pelicis,
268 3042 337 3099 tuin
360 3036 475 3100 deinde
495 3038 592 3101 etiam
623 3036 831 3118 superiorum
854 3035 1016 3113 graduum
1039 3029 1214 3097 arnotinus
1227 3050 1254 3107 ς.

148 3136 171 3189 et
185 3133 223 3195 sio
242 3154 299 3214 per
318 3138 445 3219 singula
467 3126 697 3218 anseperto·
719 3137 867 3215 provecti
891 3151 995 3214 usqne
1017 3131 1056 3194 ad
1078 3149 1131 3203 aa,
1152 3147 1238 3209 quae

147 3240 204 3293 tant
220 3236 389 3302 inuisibilia
411 3247 444 3303 at
464 3248 595 3303 aeterna
616 3239 818 3319 petroniano
838 3234 975 3316 singuiis
998 3232 1148 3309 videlieet
1168 3231 1239 3310 qni·

149 3328 251 3415 ltsqne
272 3339 465 3405 coelestium
481 3340 638 3404 virtutum
654 3338 766 3402 officiis
776 3334 917 3418 quadam
933 3334 1152 3398 eruditionum
1168 3348 1239 3412 ape-

149 3432 184 3493 tie
200 3443 385 3519 peragretis.
402 3438 453 3504 Ex
475 3458 555 3522 qno,
578 3449 615 3503 ut
630 3440 760 3520 opinor,
780 3440 843 3503 iaoe
859 3436 1088 3518 consequentia
1109 3437 1176 3515 ipsa
1195 3436 1240 3499 ri·

148 3530 418 3617 tauromenum,
434 3556 698 3622 unamquamque
718 3539 909 3603 rationalem
925 3546 1076 3600 naturam
1092 3553 1185 3615 possa
1198 3536 1240 3597 ab

148 3636 274 3701 omnious
286 3642 319 3705 iu
332 3641 478 3721 singulos
492 3644 662 3722 parvenire
670 3662 682 3719 3
703 3642 781 3705 tium
795 3658 947 3706 noemae
966 3638 1174 3719 profectuum
1187 3637 1239 3700 aet

148 3732 312 3803 teieetnom
326 3744 436 3805 aarloa
457 3760 517 3824 pro
532 3744 684 3818 motibus,
703 3743 754 3807 rel
774 3742 945 3806 conatibus
967 3742 1119 3822 propriis,
1142 3755 1239 3802 onua-

147 3836 264 3918 lllaqna
284 3858 348 3922 pro
367 3841 463 3905 liberi
483 3842 608 3905 arbitrii
628 3841 785 3905 insultate
805 3840 998 3922 perpetitur.
1021 3858 1054 3897 ι,

210 3938 333 4005 lloruaa
352 3960 453 4023 porro
463 3944 644 4007 'verborum
659 3959 772 4008 sensus
786 3962 827 4006 ex
842 3940 998 4023 praelatis
1018 3940 1161 4012 eruitur,
1184 3938 1239 4000 uiti

149 4033 328 4118 tetrennia
351 4046 558 4109 rationalium
580 4046 683 4110 elaeae
702 4046 854 4125 loquitur
870 4042 1039 4121 Origenes,
1060 4040 1117 4120 qni
1140 4038 1242 4103 homi-

148 4150 189 4199 Μ
201 4152 282 4219 snut,
303 4151 338 4208 et
351 4144 384 4207 lai
404 4144 608 4225 augelorum,
624 4163 682 4212 sau
697 4147 858 4209 virtutum
871 4143 1061 4208 coelestium
1074 4136 1241 4204 anatoliae

151 4248 174 4299 at
189 4246 328 4325 regimini
348 4246 487 4328 subjecti
510 4261 573 4309 ooo
592 4247 700 4312 solum
720 4248 753 4311 in
775 4246 838 4309 hoo
858 4242 985 4319 sa'aonlo,¹
1008 4254 1122 4305 aarum
1142 4238 1239 4303 etiam

151 4340 306 4411 intutum.
324 4346 375 4411 Ex
391 4365 458 4428 quo
477 4349 577 4422 enim,
590 4348 648 4425 ait,
663 4348 807 4411 nomines
827 4354 901 4427 post
920 4345 1055 4407 illorum
1076 4340 1241 4423 praeseri·

152 4445 327 4513 tationem'a
351 4451 448 4525 bono,
474 4455 622 4514 manante
642 4458 747 4512 tamen
768 4448 929 4529 cujusque
950 4444 1100 4518 arbitrie,
1122 4460 1183 4522 pru
1204 4440 1241 4501 ii·

152 4542 241 4613 lerum
259 4552 387 4630 orsitus,
410 4554 536 4618 ratione
556 4567 595 4616 ao
616 4550 810 4615 meritorum
830 4545 1101 4631 mauritani
1119 4542 1242 4624 sagetia
