3375 5567
447 637 638 827 Ξῗιιιιιιιι.
662 745 710 812 dc
730 746 803 812 ideo
823 759 941 829 graece
963 741 1132 823 Expositie
1145 744 1189 808 its
1209 744 1392 826 praelector
1410 737 1553 817 couiusa,

450 857 486 912 nt
507 849 565 912 nisi
590 856 682 912 vetus
697 848 926 930 interpretatio
939 855 1162 924 succurreret,
1186 847 1306 912 trustra
1326 861 1510 926 quaereres
1520 844 1555 906 ii·

449 953 513 1016 lius
527 969 666 1015 sensum.
681 949 729 1014 Ee
744 951 827 1014 enim
848 968 934 1030 quae
947 952 979 1013 iu
995 951 1055 1013 isac
1071 948 1350 1030 Interpromium,
1375 947 1475 1010 tortio
1488 947 1558 1008 loco

445 1063 478 1117 et
497 1053 644 1117 ordinate
665 1053 817 1133 disposite
847 1054 934 1116 circe
953 1051 1104 1115 scandala
1125 1053 1211 1114 iutra
1237 1068 1296 1114 uos
1319 1050 1483 1124 excitata,
1505 1066 1554 1109 se·

447 1155 509 1221 luti
540 1155 820 1236 concupiscentiae
840 1154 946 1217 caruis
978 1161 1106 1228 motos,
1127 1149 1210 1233 qu'os
1237 1148 1465 1231 reprimendos
1493 1166 1557 1210 esse

449 1257 538 1332 dicit,
561 1275 601 1320 ne
622 1258 653 1319 iu
674 1257 905 1321 detrimentum
926 1255 1005 1319 daut
1023 1256 1149 1318 animae
1170 1262 1323 1328 nostrae,
1343 1269 1386 1315 ea
1408 1251 1556 1314 ιιιιιιίιιιιι

447 1359 584 1424 seorsim
604 1359 763 1422 censitae
789 1376 909 1439 graeco
930 1356 1199 1438 Transcriptore,
1223 1362 1386 1435 corrupto
1408 1352 1556 1416 Auctoris

448 1479 557 1536 seusu,
581 1461 735 1532 translata
756 1469 832 1524 suut
852 1477 890 1524 ac
912 1460 1030 1522 inserta
1049 1459 1241 1522 discussioni
1261 1457 1303 1520 de
1321 1455 1485 1520 scrutiniis
1503 1474 1555 1517 ox·

451 1562 607 1637 trinsecis,
621 1569 772 1642 tauquam
792 1579 889 1626 cansa
902 1561 1021 1624 lterum
1037 1559 1153 1623 loreut.
1167 1557 1261 1636 Qnse
1273 1575 1351 1622 cnm
1375 1564 1481 1622 totum
1493 1573 1558 1618 sen·

448 1681 521 1726 seru
543 1672 754 1744 pervertent,
773 1662 840 1725 elio
867 1661 1067 1741 exportanda
1087 1659 1334 1741 sunt,'suoque
1363 1656 1556 1723 restituenda

450 1751 538 1837 loco,
561 1765 662 1827 veluti
685 1765 783 1826 tradit
805 1773 898 1828 vetus
920 1760 1095 1843 interpres.

531 1864 682 1928 Alterum
703 1865 779 1926 item
801 1863 926 1944 glossae
950 1863 1104 1926 iudicium
1132 1862 1202 1925 sive
1226 1860 1487 1940 interpolationis
1504 1855 1557 1921 llo

451 1965 530 2029 dicis
551 1967 680 2048 graeci,
703 1984 741 2028 ec
770 1965 869 2027 simul
897 1965 1090 2044 integritatis
1121 1964 1238 2027 veteris
1262 1960 1557 2041 interpretationis,

452 2068 635 2132 adstruitur
655 2068 688 2129 iu
708 2063 809 2129 Temo
832 2063 921 2129 ΧΠ.
944 2085 975 2128 ιι.
996 2063 1026 2131 1.
1047 2063 1078 2129 2.
1099 2063 1139 2144 33
1163 2065 1217 2128 nbi
1239 2065 1280 2126 als
1300 2062 1447 2144 Origene
1459 2063 1556 2140 dispu-

454 2177 543 2232 tetur
563 2169 603 2231 de
624 2168 801 2234 salvatoris
821 2169 996 2231 sententia:
1019 2166 1135 2230 iterum
1154 2165 1224 2230 dico
1243 2165 1340 2243 eolis,
1362 2163 1444 2248 petie
1462 2162 1558 2228 sices

452 2289 493 2332 en·
513 2269 598 2331 volsis
618 2268 829 2333 consenserint
850 2278 1088 2348 superterram
1108 2269 1146 2331 de
1165 2265 1253 2331 omni
1272 2287 1317 2345 re,
1339 2265 1557 2350 quemcumque

450 2371 611 2452 petierint,
625 2370 764 2452 fictitiis.
781 2369 898 2435 Varios
909 2373 993 2436 enim
1006 2371 1191 2436 discurrens
1203 2370 1419 2433 Adamantius
1432 2369 1555 2431 illorum

455 2473 630 2536 verborum
649 2491 761 2536 seusus
790 2481 823 2536 et
843 2476 1009 2554 speciatim
1031 2475 1063 2538 iu
1091 2472 1250 2536 racciolo
1269 2466 1463 2564 συμφωνίας
1485 2486 1556 2548 ιιι·1

449 2574 587 2655 pinetae
606 2595 649 2639 ex
677 2576 713 2637 ils
743 2575 904 2651 deducto,
926 2583 1071 2656 quatuor
1091 2575 1164 2638 iude
1189 2578 1276 2640 eruit
1297 2579 1449 2659 mysticas
1468 2587 1554 2649 erpo

454 2676 595 2742 sitiones.
619 2674 653 2738 lu
685 2678 787 2758 prime
813 2677 1060 2759 comprehendit
1083 2677 1201 2758 ,lideles
1222 2687 1291 2742 tum
1308 2678 1470 2758 privatim
1495 2682 1554 2736 tun

457 2778 645 2853 universim,
669 2779 700 2842 iu
722 2780 869 2844 oratioue
888 2781 1141 2854 consentientes,
1164 2788 1203 2843 nt
1222 2771 1332 2859 optata
1354 2798 1374 2842 a
1406 2777 1473 2841 lieo
1490 2790 1553 2837 corr

455 2885 645 2961 sequantur.
669 2880 706 2943 lu
724 2881 865 2945 secunda
885 2881 1059 2961 specialem
1081 2891 1175 2961 putet
1195 2881 1433 2963 repraesentari
1456 2877 1554 2940 viriet

457 2984 572 3045 uxoris
599 2983 630 3043 in
657 2982 808 3063 precihus
829 3000 1021 3047 consensum
1030 3003 1042 3063 3
1057 2995 1091 3046 et
1109 2984 1192 3048 hene
1211 3001 1254 3046 ox
1278 2981 1450 3064 cujusdam
1469 2980 1554 3041 inter·

459 3082 572 3162 pretis-
587 3090 714 3154 monte,
743 3085 927 3163 expressiit
949 3103 966 3143 e
990 3079 1047 3146 Est
1066 3089 1100 3146 et
1119 3083 1183 3145 elie
1204 3084 1366 3162 expositio
1395 3080 1554 3148 sorborum

458 3183 619 3257 istorum,
641 3199 739 3263 quem
766 3186 919 3263 exposuit
939 3183 1057 3264 aliquis
1077 3193 1152 3247 eote
1172 3200 1231 3246 nos
1251 3183 1433 3248 exhortans
1456 3179 1493 3241 ed
1511 3189 1553 3239 ιι·

457 3286 598 3350 stitetem
613 3285 778 3366 conjuges.
802 3283 834 3348 Si
849 3285 929 3361 duo,
952 3286 1069 3366 inquit,
1087 3293 1229 3348 vestrum
1250 3277 1555 3355 contemnentem

461 3386 511 3449 vir
529 3393 563 3448 ιι
583 3403 671 3448 uxor
690 3403 732 3450 ex
753 3403 911 3449 consensu
931 3387 1119 3465 semetipsos
1140 3386 1333 3451 als‘iuvicsm
1350 3387 1552 3467 separanteso

457 3486 621 3564 corporali
638 3487 877 3568 conjunctione,
891 3495 928 3552 ut
947 3496 1062 3551 escant
1080 3489 1233 3551 orationi:
1250 3495 1327 3552 tuuc
1340 3489 1427 3550 enim
1441 3485 1554 3549 oraclo·

459 3588 500 3651 ds
514 3588 600 3649 omui
617 3604 664 3663 ro,
679 3605 923 3670 quamcumque
937 3590 1099 3668 petierint,
1120 3597 1374 3670 consequentur,
1391 3587 1553 3670 praestruit

460 3690 506 3752 eis
522 3686 590 3752 lico
611 3706 669 3769 per
685 3690 780 3752 telem
802 3691 957 3754 castitatis
971 3709 1172 3755 consensum.
1194 3689 1236 3754 lit
1250 3693 1310 3756 iste
1325 3695 1554 3756 couseusnsnoe

463 3789 591 3853 videtur
610 3789 799 3870 conjugium
827 3789 958 3854 solvere
977 3799 1040 3855 etc.
1070 3811 1087 3849 a
1112 3791 1146 3854 lu
1168 3793 1261 3856 tortia
1289 3792 1484 3872 expositione
1503 3777 1553 3845 sili

461 3891 600 3971 exprimi
623 3908 716 3970 posse
739 3892 869 3956 ridetur
886 3892 1019 3971 spiritus
1039 3903 1072 3957 ιι
1091 3896 1197 3959 carnis
1216 3911 1412 3958 cnoseususs
1434 3913 1450 3950 ι
1471 3879 1553 3951 litii

461 4009 635 4055 consensus
663 3992 829 4070 duorum,
851 3995 984 4074 spiritus
1004 4004 1038 4058 et
1057 3998 1164 4059 carnis
1194 3988 1296 4076 super
1325 4003 1467 4058 terram:
1495 3998 1550 4064 l⁰⁰

464 4110 620 4156 consenso
641 4095 786 4176 expleto,
809 4105 842 4158 et
855 4097 962 4159 oratio
984 4098 1224 4173 transmittitur,
1239 4096 1339 4160 corde
1359 4093 1551 4176 quidencre·

463 4191 549 4255 denti
568 4195 607 4256 ed
627 4193 784 4275 iustitiam
807 4205 868 4258 etc.
884 4217 902 4255 ιι
919 4194 954 4259 ln
974 4207 1093 4276 quarta
1115 4197 1255 4273 taudem,
1277 4215 1315 4260 sa
1330 4194 1446 4263 Christi
1469 4185 1548 4252 seria

465 4289 607 4357 duorum
629 4292 910 4361 Testameutornm
930 4297 1149 4376 symphonista
1166 4301 1237 4364 sive
1266 4296 1506 4361 muvsoientism
1522 4299 1550 4344 ι·

466 4390 642 4456 demirare
662 4395 836 4458 existimat:
861 4417 878 4456 s
899 4393 1088 4460 Jecuudnm
1109 4405 1171 4475 est,
1192 4400 1250 4474 eit,
1272 4398 1369 4462 istem
1383 4399 1548 4460 consectatiil

471 4493 649 4574 intelligere
660 4498 755 4562 etism
767 4497 854 4562 circe
865 4499 1119 4565 convenientiam
1129 4499 1271 4566 duorum
1280 4496 1547 4564 renuuntur:
