3375 5567
438 778 555 833 natura
565 789 578 850 3
602 776 707 833 manen
730 772 814 832 tauta
836 767 1002 833 claritatis
1023 766 1070 830 als
1090 772 1159 843 est,
1182 771 1220 829 nt
1238 765 1278 828 ad
1299 782 1335 829 ae
1353 763 1458 829 omnia
1477 766 1536 826 tra·

439 870 505 937 lat.
523 890 538 929 n
554 870 654 947 Quasi
676 871 819 935 diceret:
835 871 937 952 siquis
958 871 989 932 in
1012 870 1075 932 rita
1100 871 1258 950 praesenti
1279 868 1364 933 tund
1378 866 1539 949 perlectis

437 974 485 1036 uis
499 974 628 1037 culmen
641 969 832 1048 ascenderit,
845 992 912 1053 qno
936 970 1057 1035 l’anlns
1072 971 1213 1052 pertigit,
1235 970 1318 1034 adeo
1333 988 1373 1033 ue
1387 983 1536 1050 uuquam,

436 1072 521 1137 sicut
542 1074 620 1153 ipse,
641 1082 812 1154 separetur
829 1091 847 1135 a
865 1073 970 1136 diviua
992 1071 1185 1137 dilectione:
1209 1071 1314 1135 multo
1336 1072 1435 1150 megin
1455 1070 1485 1132 in
1500 1070 1541 1130 ri·

440 1183 470 1237 ta
493 1174 603 1239 lutura
625 1175 725 1252 beati,
750 1175 949 1256 coelestique
978 1174 1080 1254 gloria
1101 1174 1294 1253 participes,
1315 1174 1376 1235 etsi
1395 1172 1447 1236 sui
1463 1170 1541 1251 juris

438 1276 483 1341 ibi
502 1278 584 1349 sint,
608 1286 712 1340 tamon
732 1295 750 1340 a
773 1280 931 1342 charitate
956 1276 1014 1339 Dei
1034 1292 1201 1356 uunquam
1220 1275 1371 1338 decidere
1392 1282 1539 1353 posauut;

436 1396 496 1442 uec
521 1378 593 1441 ideo
618 1396 760 1460 unquam
784 1397 928 1459 peccare.
956 1376 1101 1459 lienique
1121 1376 1289 1441 concludit
1311 1374 1490 1454 Origenes,
1510 1381 1541 1437 et

435 1479 502 1542 ait:
518 1500 534 1538 «
551 1476 638 1542 llaec
658 1489 756 1560 prout
774 1480 951 1562 potuimus,
971 1478 1011 1541 ad
1034 1496 1084 1552 ca,
1106 1495 1191 1559 quae
1210 1478 1272 1540 noc
1291 1474 1366 1539 iiten
1388 1482 1540 1539 commota

435 1590 530 1657 sunt,
552 1580 713 1658 diximus,
735 1589 773 1647 ut
793 1581 993 1646 manifestius
1011 1581 1223 1655 claresceret,
1254 1578 1423 1659 quomodo
1449 1574 1544 1639 semel

437 1679 584 1747 Christus
606 1690 754 1747 mortuns
774 1692 823 1747 est
837 1691 982 1765 peccato,
1004 1688 1038 1746 et
1058 1681 1144 1745 ultro
1163 1681 1229 1762 jam
1250 1699 1313 1743 non
1335 1680 1477 1743 moritur
1484 1698 1495 1758 3
1512 1684 1541 1739 et

438 1784 526 1864 quta,
544 1785 630 1863 quod
654 1785 744 1859 tivit,
762 1786 842 1849 vivit
862 1784 941 1849 lien.
959 1802 977 1842 ι
992 1780 1082 1848 Unde
1097 1782 1208 1863 explet
1227 1781 1482 1845 confutationem
1501 1796 1542 1841 as·

436 1884 613 1949 serentium
644 1884 763 1950 lutaris
789 1885 926 1961 seculis,
952 1888 984 1950 in
1006 1886 1134 1949 humina
1157 1894 1368 1964 pertenente
1397 1881 1539 1952 erbitrio,

439 1987 509 2051 lore
531 1987 763 2068 utaliquando
784 2006 921 2068 peecare
943 1988 1053 2069 possit,
1073 1989 1222 2068 quamtis
1242 1984 1439 2049 coelestibus
1459 1983 1542 2045 donis

437 2090 635 2155 cumulatae.
657 2089 697 2153 lit
712 2090 795 2154 istud
819 2098 922 2153 totum
943 2097 1004 2167 est,
1019 2090 1108 2172 qnod
1122 2088 1267 2170 exquirit
1287 2086 1489 2167 origenesin
1502 2095 1541 2147 te

439 2190 588 2254 alimonio
603 2191 643 2254 ab
658 2190 778 2255 fluetio
791 2193 892 2255 citato
905 2208 966 2255 con
982 2191 1203 2271 Pelagianismi
1217 2208 1327 2253 semen
1341 2186 1540 2270 praeferenti.

516 2290 562 2355 lle
584 2290 723 2373 reliquo,
749 2294 808 2357 ctsi
834 2293 964 2368 ibidem,
992 2301 1028 2357 ut
1053 2291 1203 2364 vidimus,
1226 2289 1374 2369 Apostoli
1397 2290 1429 2351 in
1445 2282 1539 2352 ῠιιιιι

437 2394 640 2469 charitatem,
662 2412 761 2476 quam
781 2396 812 2458 in
836 2392 899 2460 vita
919 2414 979 2459 suo
1001 2393 1194 2467 excolebat,
1216 2391 1461 2471 inexemplum
1484 2400 1539 2451 tra·

438 2492 493 2554 dat
513 2491 668 2573 Origenes
689 2492 868 2560 dilectionis
889 2492 999 2570 illius,
1033 2511 1097 2575 qua
1120 2493 1204 2557 beati
1227 2490 1411 2556 fervescent
1430 2494 1463 2554 in
1485 2489 1540 2551 rita

438 2593 563 2670 lotura,
590 2603 719 2675 praeter
741 2597 834 2673 illud,
860 2596 947 2677 quod
968 2599 1015 2659 ait
1037 2614 1056 2659 a
1078 2596 1193 2659 minori
1215 2595 1254 2657 ad
1275 2595 1396 2675 majos,
1418 2603 1456 2657 ut
1475 2592 1540 2656 inde

436 2693 637 2771 ostendatur,
661 2696 891 2777 perlectionem
912 2698 1119 2762 christianam
1133 2699 1165 2761 in
1186 2699 1248 2762 lroc
1265 2695 1397 2770 seculo,
1414 2704 1540 2777 quenn-

439 2796 487 2860 vis
508 2798 572 2872 ait,
593 2806 626 2861 ct
647 2801 766 2879 parsit
786 2800 855 2874 illi,
878 2817 942 2880 qno
963 2801 1044 2864 arsit
1064 2801 1132 2879 lpse
1152 2800 1297 2873 Ponlus,
1321 2809 1428 2861 tamen
1447 2799 1540 2859 mino·

438 2916 506 2962 rem
529 2900 640 2963 haberi
664 2902 1017 2983 charitatebeatorum
1033 2903 1064 2965 iu
1085 2903 1197 2967 coelis.
1211 2900 1261 2965 tid
1283 2902 1442 2965 incertum
1461 2900 1537 2962 enin

435 3016 564 3081 semper
591 3002 695 3065 currit
715 3003 813 3065 homo
834 3006 866 3067 in
888 3005 1050 3083 praesenti
1070 3004 1203 3078 seculo,
1225 3013 1259 3067 et
1278 3021 1321 3067 ex
1341 3003 1539 3065 adsertore·

438 3118 536 3165 curos
554 3121 590 3166 ae
622 3104 739 3168 habent
761 3106 862 3167 seneli
885 3106 916 3167 ln
939 3107 1003 3168 rita
1025 3105 1219 3186 sempiterna
1241 3123 1300 3185 per
1330 3104 1446 3183 speciei
1466 3102 1538 3165 diri·

431 3193 498 3266 'nae
520 3204 718 3267 celsitudinis
734 3222 905 3286 perennem
921 3207 1238 3287 contemplationem.
1255 3204 1336 3269 Dein
1349 3214 1384 3268 et
1396 3205 1474 3267 illud
1487 3202 1537 3265 atl-

437 3304 576 3367 deudum
597 3294 658 3381 est,
680 3304 852 3386 Origenem
874 3308 979 3388 ipsunt
1002 3316 1153 3388 tauquam
1176 3308 1395 3388 privilegium,
1418 3320 1537 3367 cunnus·

438 3424 502 3486 que
522 3405 661 3485 speciale
681 3408 868 3471 existimare
889 3409 1038 3490 Apostoli
1059 3410 1274 3474 charitatem:
1295 3426 1359 3489 qua
1384 3407 1472 3472 ralde
1491 3423 1536 3466 ar

439 3507 569 3570 desccns
590 3507 788 3571 confidenter
807 3510 938 3591 ajeltnt,
972 3511 1097 3574 nullam
1127 3518 1312 3575 creaturam
1332 3527 1368 3572 se
1398 3526 1485 3589 posse
1502 3505 1535 3567 alt

439 3608 505 3687 ipsa
528 3610 685 3673 charitate
705 3628 869 3691 soporare.
893 3608 964 3674 lloc
985 3619 1094 3673 auteur
1116 3621 1300 3690 opportune
1320 3605 1534 3671 animadvertit

439 3708 579 3773 Humilia
603 3709 642 3773 ll.
666 3731 695 3774 n.
716 3711 745 3777 3.
770 3703 1127 3777 tortuositatem
1152 3730 1193 3775 ex
1216 3710 1368 3789 praelatis
1403 3704 1532 3788 Apostoli

441 3812 568 3887 vorbis,
590 3813 755 3893 iuquiens:
773 3836 789 3875 r
805 3812 867 3878 Sed
892 3813 1013 3879 l’atrlut
1033 3814 1085 3877 llic
1105 3823 1176 3887 est,
1197 3815 1254 3893 qni
1276 3813 1383 3894 potuit
1403 3809 1531 3873 neceto

442 3913 561 3988 dicere,
584 3916 658 3995 qnia
681 3934 786 3995 nequo
807 3919 1000 3996 praesentio,
1023 3934 1129 3995 nequo
1150 3916 1274 3987 lutura,
1297 3932 1404 3993 neque
1423 3919 1534 3977 creatu·

441 4034 476 4077 ra
498 4016 560 4079 alia
583 4036 657 4081 eum
679 4036 830 4097 separare
852 4028 989 4098 potesta
1013 4018 1173 4081 charitate
1193 4016 1263 4079 net.
1287 4014 1353 4079 Nos
1374 4022 1480 4078 autem
1498 4020 1534 4072 rt·

440 4134 505 4195 qne
527 4119 646 4180 utinam
658 4118 719 4181 nel
742 4120 804 4181 hoc
826 4119 983 4195 dicentes,
998 4119 1075 4199 quia
1097 4134 1202 4197 omae
1216 4133 1348 4194 eurum,
1364 4134 1423 4178 nec
1436 4127 1535 4191 arpen·

441 4227 508 4279 turn
531 4236 589 4281 uec
604 4218 751 4281 voluntas
773 4220 1011 4299 cominusque
1032 4218 1135 4299 gloria
1156 4218 1258 4282 seculi
1273 4228 1336 4281 eto.
1358 4216 1472 4298 poterit
1486 4228 1533 4273 nos

439 4336 591 4397 separare
613 4339 630 4381 a
653 4320 810 4385 charitate
831 4318 937 4383 Dei.»

520 4418 699 4486 Novissime
714 4422 745 4483 iu
763 4419 919 4486 Tractatu
939 4418 1070 4485 XXXV.
1085 4418 1122 4485 ιἰι
1143 4418 1338 4487 Mortuost
1351 4438 1382 4483 n.
1398 4415 1446 4482 st.
1459 4416 1531 4477 iden

439 4520 546 4598 sentit,
562 4524 784 4603 apostolorum
803 4540 1005 4605 responsum:
1023 4514 1531 4604 nemorumnemorum
