3375 5567
436 766 469 819 et
499 756 639 835 gentium
669 759 983 837 argumentationem
1011 772 1103 819 suam
1134 752 1309 819 collocarit
1336 749 1487 832 Origenes
1504 746 1540 813 sd

440 858 601 920 bannense
619 857 794 924 voluntatis
815 858 1050 923 adstruendum
1071 857 1258 929 arbitrium,
1275 871 1354 934 prae
1373 852 1476 917 oculis
1493 850 1541 912 bs·

439 956 528 1030 bens,
544 974 629 1037 quse
644 957 821 1037 Apostolus
841 958 991 1022 discnssit
1005 959 1157 1037 incapite
1172 952 1229 1017 nt.
1252 953 1418 1035 Epistulae
1433 950 1473 1013 nd
1486 948 1542 1013 llo

439 1074 562 1120 manos.

520 1158 614 1223 Hisce
629 1162 753 1241 positis,
769 1162 924 1226 audiatur
937 1161 1028 1241 qnid,
1045 1169 1177 1242 praeter
1197 1158 1357 1237 descripta
1378 1152 1543 1219 secundun

439 1264 564 1322 textum
587 1260 685 1341 bojas
708 1263 912 1340 pericopaea
934 1262 1016 1325 diris
1031 1258 1151 1325 Basilio
1172 1269 1205 1323 et
1219 1257 1425 1322 Nazianzeno
1446 1270 1543 1318 exuo·

437 1358 563 1423 dinibus
584 1364 775 1441 origenianis
796 1372 992 1443 excerptae,
1014 1363 1182 1438 audiatur,
1203 1361 1359 1441 iuquam,
1380 1355 1459 1436 qnid
1479 1352 1544 1418 Hie

439 1479 596 1543 ronymus
617 1481 659 1527 ex
680 1482 740 1527 sno
761 1465 873 1528 codice
894 1482 1011 1544 graeco
1031 1464 1223 1527 locuturum
1249 1460 1375 1523 inducit
1397 1456 1543 1521 Adamas·

442 1564 535 1637 tium,
552 1563 584 1624 in
602 1562 743 1643 Epistola
759 1566 798 1627 ad
817 1565 951 1629 Avitum
966 1584 997 1629 n.
1012 1562 1054 1629 8:
1071 1584 1089 1624 a
1109 1562 1178 1645 Ego
1195 1562 1340 1625 arbitror
1355 1575 1448 1640 posse
1461 1573 1545 1639 qnos

439 1661 513 1725 dem
536 1654 711 1727 hominess
732 1668 841 1747 partis
865 1670 949 1732 vitiis
970 1653 1154 1747 incipientes
1175 1665 1215 1727 sd
1239 1671 1358 1727 tantam
1380 1658 1544 1739 nequitian

441 1766 612 1844 pervenire
633 1766 679 1845 (si
702 1775 807 1830 tameo
830 1768 997 1843 noluerint
1017 1768 1056 1831 ad
1080 1768 1216 1829 meliore
1237 1764 1407 1836 conserti,
1428 1767 1461 1823 et
1481 1776 1545 1837 poe

440 1865 569 1929 nitentia
586 1870 757 1931 emendare
773 1872 925 1949 peecata)
940 1878 977 1933 ut
991 1879 1024 1932 el
1036 1870 1221 1931 contrariae
1235 1864 1443 1930 tortitudines
1459 1860 1544 1939 lisnt;
1597 1941 1599 1946 ,

438 1976 472 2028 et
486 1985 619 2033 mesum
632 1988 673 2033 ux
689 1970 823 2033 inimicis
837 1972 1076 2051 contrariisque
1090 1968 1265 2033 rtrtnstbus
1279 1967 1311 2028 in
1324 1974 1449 2028 tantuna
1460 1980 1545 2043 qnos·
1597 2001 1598 2008 ι

436 2067 511 2131 dem
534 2086 592 2148 per
607 2070 708 2133 multa
732 2079 877 2151 tempora
895 2072 1084 2136 vulneribus
1098 2071 1166 2134 suis
1180 2067 1336 2131 adbibere
1352 2065 1543 2136 medicinam,

437 2179 471 2233 et
492 2167 622 2233 boeotia
644 2171 734 2252 prins
755 2171 872 2235 delicta
894 2174 1126 2253 constringere,
1143 2178 1180 2233 ut
1199 2170 1240 2231 ad
1262 2167 1373 2231 locunt
1395 2169 1546 2227 transeant

437 2270 649 2349 optimorum.
663 2271 797 2352 Saepius
818 2274 961 2337 diximus
980 2275 1011 2335 iu
1031 2271 1162 2335 induitis
1180 2270 1412 2352 perpetuisque
1425 2264 1545 2337 seculis,

442 2371 612 2451 inquibus
633 2373 739 2435 anima
759 2374 926 2451 subsistit,
948 2382 982 2439 et
1005 2374 1096 2448 sivit,
1118 2372 1164 2435 sic
1189 2369 1362 2434 nonnullas
1381 2384 1496 2431 esrum
1513 2362 1546 2427 si

441 2469 554 2553 pejtm
569 2490 739 2548 corruere,
763 2484 799 2538 at
819 2476 973 2540 ultimum
994 2474 1137 2538 malitiae
1151 2474 1261 2537 locum
1283 2476 1435 2549 teneant;
1457 2474 1491 2531 et
1510 2466 1547 2529 sic

441 2571 596 2651 quasdam
613 2572 783 2654 proficere,
801 2582 837 2638 ut
858 2576 898 2639 de
914 2576 1029 2639 ultimo
1044 2572 1185 2637 malitiae
1199 2572 1305 2653 grsdn
1324 2570 1365 2634 ad
1381 2568 1544 2651 perieetsn

443 2672 571 2735 veniant
602 2682 924 2755 consummatamque
947 2676 1144 2737 uirtutem.»
1168 2671 1296 2750 Quibus
1315 2672 1429 2746 dictis,
1451 2666 1547 2733 subdit

442 2767 673 2855 Hieronymus,
695 2783 834 2837 conatur
854 2774 1024 2839 ostendere
1046 2773 1242 2855 (Origenes)
1266 2780 1299 2835 et
1313 2771 1460 2835 bumines
1479 2767 1547 2829 idest
1598 2795 1599 2846 p

441 2872 563 2935 animas
585 2890 676 2951 posse
698 2873 767 2935 deri
789 2874 979 2950 daemones,
1000 2882 1034 2937 et
1054 2891 1169 2936 rursus
1190 2869 1363 2934 daemones
1384 2870 1417 2931 iu
1437 2865 1545 2948 angeli·

439 2990 509 3036 eum
532 2973 633 3054 redigi
654 2975 885 3056 dignitatem.»
906 2974 950 3039 lit
968 2976 1040 3056 unis
1069 2975 1188 3056 poterit
1209 2974 1240 3035 in
1262 2972 1311 3035 isis
1332 2971 1441 3035 serbis
1461 2972 1546 3032 inter·

441 3072 595 3152 polationi
619 3076 757 3151 mentiri,
774 3093 873 3156 qaam
896 3076 1046 3139 malevoli
1069 3084 1102 3137 et
1122 3073 1209 3136 inlidi
1231 3074 1263 3136 in
1288 3072 1390 3134 libros
1411 3067 1545 3149 origenis

443 3173 675 3254 introduxere3
697 3194 715 3237 a
737 3195 801 3257 qua
823 3176 911 3240 baud
932 3177 1009 3239 satis
1029 3183 1146 3240 santus
1178 3172 1400 3257 Hieronymus
1421 3166 1544 3235 doctori

443 3276 667 3355 exprobravit,
690 3278 819 3359 quodie
841 3294 1007 3359 nunqnam
1027 3277 1124 3339 sensit
1146 3292 1205 3337 neo
1219 3275 1349 3353 docuit;
1372 3288 1476 3353 eoque
1490 3286 1546 3331 ms·

445 3375 493 3454 gis
514 3376 601 3457 quod
633 3386 720 3441 totus
752 3379 805 3444 bic
825 3397 935 3443 mrmo
956 3394 1020 3441 noo
1042 3374 1226 3455 reperiatur
1247 3374 1278 3436 iu
1309 3373 1422 3438 oodicc
1442 3384 1545 3453 graeco

449 3472 677 3542 Philocaliae?

524 3577 585 3641 Sed
608 3579 692 3643 dicet
710 3578 840 3660 aliquis,
860 3581 946 3644 bunc
961 3580 1201 3659 paragraphum
1215 3578 1247 3639 in
1266 3574 1413 3655 Epistola
1428 3570 1464 3636 sd
1479 3567 1545 3633 Ari·

448 3686 517 3739 tuna
539 3686 698 3754 notatum,
718 3697 735 3742 a
758 3680 929 3761 praedictis
945 3678 1096 3743 Patribus
1109 3676 1228 3741 Basilio
1249 3685 1281 3739 et
1303 3673 1502 3740 Nesianseno
1518 3686 1545 3729 s·

446 3775 577 3840 bassum
600 3778 720 3855 luisse,
743 3780 830 3861 quod
856 3780 1026 3843 manifesto
1046 3788 1080 3842 et
1099 3779 1250 3842 damnato
1270 3793 1388 3841 errore
1407 3775 1542 3837 scateret.

363 3884 368 3895 '
397 3940 402 3950 ,
446 3872 533 3941 Huic
550 3896 651 3959 porro
668 3880 924 3961 respondendnm
940 3890 989 3944 est
1009 3882 1051 3957 ei,
1070 3880 1157 3961 qnod
1172 3880 1204 3941 in
1225 3876 1357 3942 Litteris
1370 3877 1412 3941 sd
1423 3872 1543 3937 triton

445 3978 599 4045 indicarit
613 3979 831 4067 Hieronymus
845 3989 1082 4062 consequenter
1097 3979 1245 4061 praelato
1264 3974 1442 4041 teslimooio
1457 3975 1487 4035 in
1503 3969 1544 4030 bis

448 4080 554 4150 verbis
574 4083 737 4147 desinente
757 4093 787 4147 et
805 4082 841 4149 s'n
863 4098 952 4145 omne
970 4098 1050 4161 opus
1073 4079 1188 4144 bonum
1203 4087 1378 4160 perstans,
1400 4072 1470 4138 addi
1489 4080 1545 4131 ste·

448 4180 567 4263 simque
589 4184 754 4267 subiungit
774 4181 972 4265 (Origeneslr
995 4200 1050 4262 epu
1072 4179 1211 4245 arbitror
1224 4195 1316 4260 posse
1332 4174 1478 4257 pendan
1490 4178 1544 4233 elt-

446 4286 599 4364 Quocum
619 4284 831 4365 stgnttteatnr,
849 4284 972 4349 unllam
994 4281 1196 4347 intercedere
1216 4280 1412 4347 locutionem
1429 4272 1471 4336 ab
1490 4284 1545 4333 ons

448 4390 488 4451 sd
504 4389 641 4451 alterans
655 4388 869 4465 sententiam
884 4387 967 4451 bano
987 4385 1154 4459 nimirum,
1170 4400 1269 4464 quesn
1285 4374 1467 4459 transgressi
1479 4375 1548 4434 sust

432 4488 647 4554 -l'bilucsliae
664 4488 835 4553 ductores.
859 4485 1032 4552 Praeterea
1053 4485 1149 4562 iidem
1165 4482 1278 4549 l'stres
1300 4482 1333 4545 ia
1347 4472 1544 4547 trumuine
