3375 5567
428 801 529 871 -piana
547 789 582 855 ria
603 789 749 855 srdidae
779 791 848 855 auia
867 791 1078 855 testimoniare
1105 792 1249 855 reddetur
1268 789 1338 855 iilia
1366 786 1562 853 cambuta

438 892 592 973 ipsorum
613 904 643 954 et
669 892 753 957 inter
771 912 803 957 ae
824 892 957 957 inuicem
978 894 1219 973 cogitationibus
1239 892 1475 964 occumtibaa,
1499 899 1563 953 aar

436 994 533 1057 etiosa
556 994 812 1077 defendentibus,
835 995 871 1057 in
891 996 965 1071 die,
990 1014 1062 1059 caui
1079 995 1238 1078 judicabit
1260 994 1413 1059 Drmiam
1431 992 1564 1055 occulto

435 1093 599 1158 bominem
618 1097 793 1159 amandum
813 1094 1026 1176 Euangeliou
1055 1116 1156 1161 neura
1173 1113 1232 1178 per
1249 1093 1356 1159 tesam
1382 1091 1559 1159 coenam.

437 1194 751 1277 Dequibnspariter
768 1199 871 1279 judex
894 1198 1042 1264 Gbristua
1065 1200 1096 1261 ln
1117 1200 1256 1279 ens,qui
1275 1198 1432 1263 adextris
1445 1204 1480 1259 et
1501 1197 1559 1271 iis,

438 1299 495 1378 qui
507 1316 525 1361 a
539 1299 676 1363 sinistris
695 1301 826 1363 omnino
842 1300 967 1363 aarum
988 1301 1214 1382 pronunciabit
1228 1300 1429 1364 seutentiam.
1452 1296 1494 1361 Et
1518 1317 1561 1361 ea

440 1399 587 1479 proiecte
609 1409 656 1463 est
678 1402 904 1479 regeneratio,
926 1403 966 1465 da
986 1421 1050 1483 qua
1073 1403 1225 1468 Salvator
1245 1402 1284 1465 ad
1308 1401 1482 1481 Apostolos
1505 1400 1560 1461 lo·

438 1502 565 1579 unitura
581 1498 617 1561 io
631 1501 861 1580 regeneratione
875 1522 946 1566 cum
966 1501 1079 1567 sederit
1094 1502 1201 1567 Filius
1218 1500 1355 1565 bominis
1375 1512 1452 1575 eic.,·
1467 1518 1562 1582 quae

438 1601 569 1681 quidem
585 1605 697 1665 mortis
711 1613 745 1667 et
758 1605 901 1669 malitiae
912 1606 1118 1685 dissipatione
1133 1604 1201 1679 liet,
1213 1624 1250 1668 ac
1265 1606 1438 1668 novbsimo
1456 1621 1559 1682 prae-

438 1703 531 1765 cedet
547 1703 695 1785 indicina
709 1716 747 1769 ut
761 1706 897 1770 bominis
917 1708 1058 1771 conditio
1074 1706 1328 1786 incorruptibilia
1342 1714 1374 1767 et
1389 1712 1560 1785 perpetuo

440 1805 600 1868 duratura
625 1809 694 1870 sira
715 1809 802 1888 apnd
830 1807 952 1872 inferos
974 1812 1110 1886 misera,
1133 1828 1191 1875 aen
1214 1811 1245 1871 in
1265 1808 1367 1874 coelis
1382 1805 1560 1889 jucunda,

439 1908 645 1983 restituatur,
665 1911 762 1973 sicuti
782 1911 847 1974 init
867 1912 909 1972 ab
929 1912 1031 1975 initio.

517 2008 560 2072 Et
580 2010 622 2072 ob
644 2011 725 2073 banc
751 2014 884 2091 insuper
905 2013 1139 2076 distinctione·
1168 2014 1207 2075 de
1228 2013 1389 2075 bonerum
1413 2026 1451 2073 ac
1478 2026 1561 2090 pra·

437 2130 553 2175 rernm
573 2121 677 2186 sorte,
697 2116 850 2193 quamuis
870 2132 980 2177 omnes
1001 2116 1213 2189 immortales,
1232 2110 1498 2193 incorruptibiles
1522 2122 1560 2175 et

436 2213 595 2293 gloriosus
607 2230 741 2293 qnoque
760 2214 907 2279 simulet
928 2216 1121 2293 indistincte,
1137 2226 1174 2282 ut
1188 2218 1233 2278 ait
1250 2215 1439 2297 Apostolus,
1455 2224 1560 2277 vocet

436 2312 615 2393 Origenes;
637 2314 847 2378 nibilominus
873 2317 935 2379 snb
957 2318 1087 2381 diverso
1114 2319 1146 2381 iu
1167 2317 1266 2392 solis,
1295 2318 1393 2379 lunae
1417 2323 1450 2379 et
1470 2318 1558 2379 stol·

436 2414 544 2476 larum
565 2413 700 2490 iumine,
723 2415 883 2493 claritate,
900 2426 970 2479 tum
984 2436 1116 2493 eorum,
1137 2420 1193 2500 qut
1210 2420 1240 2481 in
1261 2420 1358 2481 animi
1378 2418 1556 2481 inmundi·

438 2515 493 2589 tie,
518 2524 587 2577 tuan
608 2515 751 2579 aliorum
770 2519 828 2596 qui
849 2518 881 2579 in
902 2519 1081 2583 innocentie
1104 2522 1210 2584 cordis
1230 2521 1352 2584 mortni
1374 2528 1473 2595 sunt,
1499 2536 1557 2583 ra·

433 2617 672 2678 surrectionem
693 2616 839 2697 designat
849 2638 862 2697 3
884 2620 1004 2700 quippo
1025 2638 1136 2684 omnes
1156 2622 1225 2685 slva
1248 2620 1321 2685 boni
1335 2623 1404 2684 siue
1424 2620 1505 2684 mali
1524 2620 1561 2683 in

436 2715 539 2795 gloria
566 2714 767 2795 conditoris,
789 2720 847 2800 qui
870 2721 999 2785 eosdem
1023 2723 1055 2784 in
1076 2722 1204 2787 Adsmo
1223 2721 1488 2803 incorruptibiles
1519 2733 1556 2787 et

437 2818 637 2883 immortales
658 2820 699 2882 ab
719 2820 809 2884 initio
831 2826 968 2899 crearit,
993 2833 1174 2903 resurgent,
1196 2824 1255 2887 etsi
1277 2824 1309 2885 ln
1331 2829 1421 2887 sorte
1442 2821 1557 2886 laturi

433 2918 537 2983 mooli
568 2920 662 2983 valde
692 2924 750 2985 nai
777 2922 819 2984 eb
847 2923 919 2987 aliis
948 2922 1061 2987 dissiti.
1084 2923 1228 3004 ideoque
1257 2925 1363 3003 pergit
1388 2924 1419 2987 in
1448 2921 1558 3004 buius

435 3020 608 3101 pericopae
629 3022 755 3086 lincea
778 3022 967 3105 Evangelior
989 3026 1094 3087 lucent
1115 3025 1177 3087 iac
1194 3033 1300 3087 nestro
1320 3042 1427 3086 coron
1447 3022 1562 3085 dorm·

435 3120 540 3197 eoas,
571 3123 880 3199 triturantium,
910 3125 1018 3187 lucem
1039 3123 1275 3205 discipolorum
1295 3125 1408 3188 luceru
1434 3142 1558 3187 corana

432 3224 550 3286 ceteris
572 3224 775 3299 bominibus,
797 3224 992 3287 adamussim
1014 3243 1051 3287 aa
1073 3226 1209 3305 percipit
1229 3244 1268 3289 ac
1289 3226 1456 3307 distinguit
1475 3244 1559 3305 apa·

436 3324 501 3399 tia,
523 3341 609 3405 quac
628 3325 671 3385 ab
691 3326 908 3389 antecedentis
934 3308 1048 3406 capitis
1069 3327 1207 3391 exordio
1233 3328 1354 3401 statui,
1378 3346 1418 3389 ae
1438 3344 1555 3389 neces·

432 3425 520 3487 sario
541 3425 775 3501 praemittenda
795 3425 876 3488 duxi
899 3427 931 3489 in
952 3428 1012 3490 bac
1033 3429 1238 3506 quaestione,
1263 3427 1365 3491 veluti
1389 3428 1475 3489 viam
1510 3429 1558 3491 ad

433 3526 674 3605 ambiguitates,
696 3529 912 3591 obscuritates
933 3538 966 3591 et
993 3530 1187 3608 spbalrnata,
1211 3529 1329 3608 quibus
1350 3529 1417 3609 ipse
1448 3530 1561 3611 irnpe-

435 3626 515 3689 titur
534 3625 704 3706 Origenes,
725 3628 767 3690 ab
783 3628 930 3708 ejusdem
951 3631 1079 3709 scriptis
1096 3628 1250 3704 tollenda,
1271 3630 1348 3691 satis
1364 3646 1560 3695 accommo-

429 3726 550 3788 datam.
582 3727 733 3808 lnquiens
753 3730 858 3791 euim:
876 3750 892 3789 e
908 3731 1007 3792 locem
1029 3729 1263 3810 discipulorum
1290 3727 1410 3793 Chr-isti
1433 3729 1560 3794 lucere

432 3844 531 3902 nnnc,
552 3837 585 3891 et
606 3838 836 3908 postmortem
858 3841 931 3894 ante
954 3834 1225 3895 resurrectionem
1249 3839 1281 3895 et
1305 3838 1377 3911 post
1400 3849 1559 3896 resurr-e·

430 3929 594 4002 ctionem,
615 3931 718 3994 donec
739 3934 962 4013 unnsquisque
984 3934 1034 3994 eir
1057 3933 1220 4012 perlectus
1245 3934 1381 4008 eradat,
1402 3932 1560 4015 dantque

432 4048 543 4093 omnes
565 4050 648 4097 unua
667 4033 732 4109 sol;
746 4042 823 4096 tnnc
842 4034 1017 4113 lnlgebnnt
1030 4051 1140 4097 omnes
1163 4044 1315 4114 tartunam
1330 4034 1379 4097 sol
1404 4036 1433 4096 in
1449 4054 1559 4114 reguo

428 4132 481 4193 sni
503 4130 640 4195 Patris»
663 4134 798 4197 bocsibi
822 4135 906 4209 vult,
922 4134 1021 4197 lucem
1046 4132 1165 4198 Christi
1178 4137 1275 4199 mado
1298 4136 1482 4198 bominibus
1500 4137 1557 4201 lu·

430 4250 528 4312 cere3
550 4235 612 4299 boc
633 4237 738 4315 primo
758 4236 913 4299 nimirum
936 4243 1082 4316 temporo
1104 4236 1181 4298 dnm
1203 4236 1311 4298 adbuc
1335 4236 1367 4297 in
1391 4237 1473 4299 viria
1496 4256 1560 4300 sn·

431 4352 503 4397 mus
523 4334 590 4399 inci
615 4335 780 4416 Evangelii
795 4339 980 4417 participes,
1004 4356 1117 4401 rerum
1139 4338 1239 4401 nostri
1258 4336 1343 4418 juris
1363 4346 1553 4418 competes,

428 4434 510 4497 adeo
522 4444 559 4500 ut
573 4438 687 4500 mentis
705 4447 833 4500 nostrae
851 4438 999 4501 tenebras
1019 4448 1191 4513 excutere,
1210 4439 1261 4501 rel
1281 4438 1457 4501 obfirmare
1472 4458 1553 4519 pos·

428 4536 539 4599 simas.
560 4534 682 4602 lleiade
703 4539 748 4601 ait
767 4548 838 4617 port
860 4547 990 4601 mortarii
1010 4546 1083 4601 erate
1103 4536 1361 4623 namneticam
1374 4538 1554 4621 dbciparto·
