3375 5567
204 795 424 881 Hujusoemodi
445 818 546 883 porro
566 800 606 863 de
633 800 708 863 ture
729 797 885 863 discussio
907 812 1017 879 parem
1041 814 1115 861 enm
1136 694 1232 877 pri?

147 900 243 963 artemi
267 903 405 966 sortitur
433 902 694 966 ittnstrationeso.
721 900 766 962 tbi
789 900 874 962 euim
897 897 1052 978 Origenes
1073 898 1230 961 adversus

146 998 346 1065 hemeleonem
368 1004 488 1076 instat,
509 1003 679 1066 ostendens
702 1000 876 1063 Personam
900 998 1003 1062 Patris
1023 1017 1041 1059 a
1062 995 1161 1061 Verhi
1182 998 1229 1059 di·

145 1102 236 1179 stingni
254 1100 407 1176 Persona,
421 1103 464 1164 ab
482 1120 520 1167 ea
541 1102 676 1176 scilieet,
698 1117 783 1181 onae
803 1101 835 1163 in
858 1101 944 1163 hnuc
961 1098 1118 1161 mnndum
1142 1100 1229 1161 venit

145 1200 247 1265 rPatre
259 1203 352 1267 mbae
372 1204 412 1266 ad
435 1205 524 1267 ittam
550 1203 744 1267 ioeiiabitem
765 1204 947 1265 animarum
972 1209 1160 1264 nostrarum
1182 1218 1232 1262 sa·

144 1302 203 1364 tntis
219 1306 449 1378 oeconomiam,
470 1306 672 1369 humanitate
691 1313 854 1384 suscepta.
879 1302 921 1367 Et
941 1300 1001 1383 per
1021 1303 1104 1365 hauc
1124 1318 1232 1364 susce·

147 1412 215 1481 ptam
234 1405 627 1471 humanitatemtenehras
648 1424 749 1487 snper
762 1424 797 1467 se
812 1405 967 1468 inducens
983 1401 1040 1466 Dei
1057 1401 1171 1478 Filius,
1187 1402 1233 1465 sti·

144 1505 345 1584 stingnehator
359 1525 377 1569 a
392 1508 468 1572 lnce
485 1525 560 1571 vera
577 1506 700 1570 Patrios
718 1515 756 1569 nt
769 1505 843 1568 ideo
859 1512 1033 1585 potaretur
1046 1502 1130 1565 Filio
1141 1520 1234 1584 prae·

143 1608 255 1670 stantior
267 1604 378 1683 Pater,
400 1614 433 1671 et
448 1608 522 1671 hine
535 1605 640 1670 Filius
654 1608 687 1669 in
701 1608 762 1670 hoo
776 1606 958 1671 conditione
976 1604 1122 1667 interior.
1146 1601 1235 1679 Qua·

143 1715 252 1783 propter
271 1724 335 1771 nou
359 1707 488 1773 ridetur
507 1708 666 1787 Origenes
687 1707 925 1788 corripiendus,
947 1715 1099 1770 naturam
1120 1706 1234 1768 huma·

143 1824 198 1868 nan
210 1826 227 1870 a
239 1805 349 1873 Verbo
362 1817 560 1890 assumptam
581 1810 785 1873 considerans
794 1829 806 1887 ;
820 1826 860 1872 ao
874 1825 1056 1872 sermonem
1076 1824 1173 1871 suum
1195 1805 1235 1868 de

142 1926 171 1967 eo
182 1909 440 1974 circumscribens
456 1910 690 1984 tantammodo,
706 1911 794 1991 quoti
809 1914 951 1992 seipsum
966 1909 1156 1982 exinanivit,
1171 1906 1236 1969 ior·

143 2022 208 2067 nan
225 2011 310 2071 sarri
329 2010 490 2091 recipiens
503 2020 537 2073 et
556 2011 669 2073 habitu
691 2010 840 2073 inventus
863 2018 900 2075 ut
918 2010 1026 2073 homo.
1048 2006 1154 2083 Quam
1170 2024 1237 2069 ser·

143 2108 165 2167 rt
181 2108 308 2173 turmam
331 2113 587 2191 repraesentavit
605 2111 668 2175 auh
690 2112 897 2175 tenebrarum
918 2108 1078 2195 symbolo.

203 2206 420 2275 Nihilominus
435 2212 535 2291 panto
556 2219 629 2291 post
643 2230 672 2273 o.
693 2208 745 2275 at.
760 2210 917 2292 Origenes
937 2211 1073 2275 tortasse
1085 2209 1235 2284 sentiens,

142 2310 275 2385 numiam
288 2311 480 2376 motatum
493 2313 561 2391 pati
576 2332 620 2375 ex
634 2312 821 2394 hujusmodi
835 2330 999 2388 sermone,
1012 2312 1234 2393 quaestionem

143 2412 258 2475 ruumit
276 2410 410 2475 dicens:
434 2432 450 2470 ι
472 2410 612 2475 Proinde
633 2418 771 2491 quaeret
794 2413 924 2492 aliquis.
947 2409 980 2475 Si
1002 2411 1042 2474 de
1065 2408 1160 2475 Patre
1182 2428 1240 2491 po-
1330 2464 1332 2471 .

141 2510 219 2573 situm
238 2512 306 2589 astss,
330 2510 418 2592 quoti
442 2512 594 2577 tenebrae
625 2514 737 2576 nnttae
757 2513 872 2577 sintin
892 2532 951 2589 eo,
982 2512 1147 2592 quomodo
1169 2528 1237 2575 rem

142 2610 270 2673 animiam
291 2611 327 2673 in
350 2612 412 2675 hor
433 2612 502 2692 ipso
522 2612 667 2677 disemus
688 2630 783 2686 ease,
804 2630 879 2675 eum
901 2612 941 2675 de
962 2610 1137 2677 Servatore
1157 2630 1237 2691 quo·

143 2726 192 2787 que
209 2709 358 2786 dicatur,
389 2710 478 2791 quoti
499 2713 630 2775 omnino
649 2712 690 2775 sit
711 2711 949 2793 irnpeorabiiis,
971 2716 1014 2775 ita
1037 2720 1075 2777 nt
1094 2713 1240 2777 disemus

141 2826 201 2873 eum
218 2812 432 2887 mentorem,
453 2813 485 2874 in
506 2830 571 2893 qna
593 2814 703 2878 unitae
722 2814 787 2877 sint
808 2811 987 2877 tenebrae?
1002 2812 1160 2893 Exparte
1181 2817 1240 2877 its-

143 2927 193 2986 qre
210 2912 423 2977 diserentium
444 2915 476 2975 iu
495 2914 721 2994 superioribus
741 2915 950 2979 ostendimus.
963 2935 980 2971 u
994 2912 1167 2991 Quomodo
1180 2917 1241 2977 soi·

142 3008 202 3074 lieet
219 3012 395 3078 dicendum
414 3014 468 3091 sit,
492 3015 639 3079 tenebras
655 3014 753 3079 tuisse
774 3016 806 3077 in
828 3012 937 3079 Verbo
959 3014 1038 3093 Dei;
1060 3016 1175 3096 quates
1198 3024 1243 3079 to·

143 3112 238 3176 nehras
251 3114 351 3179 docet
370 3132 441 3179 esse
460 3118 566 3181 earnis
588 3116 710 3196 peoeati
732 3118 1008 3197 assumptionem,
1031 3134 1089 3181 seu
1111 3116 1242 3181 morbos

143 3213 374 3281 etintirmitates
388 3217 513 3279 animae
526 3222 668 3293 nostrae,
692 3226 728 3279 ut
743 3218 774 3279 in
789 3218 906 3280 harum
922 3216 1140 3297 assumptione
1155 3211 1244 3279 riain-

143 3325 217 3378 naret
236 3325 421 3396 peecatum.
438 3316 481 3381 Et
498 3316 541 3380 ob
562 3316 625 3381 hoo
644 3316 772 3381 subdiu
789 3339 805 3377 a
820 3315 890 3381 Neo
912 3336 991 3381 vero
1012 3316 1084 3397 quis
1104 3318 1246 3397 suspiee-

146 3421 200 3491 tnr,
220 3434 277 3481 nos
299 3418 384 3479 haee
397 3416 505 3481 dicero
527 3419 633 3482 miuus
654 3418 705 3498 pie
719 3416 862 3481 colentes
883 3416 1049 3483 Christum
1070 3415 1140 3480 Dei.
1160 3414 1244 3480 Nam

144 3532 196 3593 qua
210 3521 337 3583 ratione
350 3518 441 3582 sotus
456 3518 556 3583 Pater
569 3518 668 3582 hahet
682 3520 976 3593 immortalitatem,
994 3520 1070 3599 qnia
1089 3516 1246 3582 Dominus

145 3624 239 3681 noster
253 3628 395 3682 mortem
416 3618 459 3681 ob
472 3636 617 3681 amorem
638 3636 715 3699 erga
738 3620 915 3683 humanum
932 3636 1032 3698 genus
1052 3618 1245 3699 pertuterit3

145 3712 193 3776 bae
205 3719 330 3784 ratione
347 3716 443 3781 Pater
461 3719 551 3782 sotus
564 3719 673 3793 hahet,
686 3725 724 3781 ut
738 3720 770 3781 in
785 3719 854 3799 ipso
868 3718 979 3782 nullae
993 3718 1055 3780 sint
1072 3719 1242 3781 tenebrae:

145 3832 205 3877 snm
219 3816 383 3895 Christus,
398 3827 437 3882 nt
457 3819 602 3883 homiues
614 3818 770 3883 beoehoio
782 3818 937 3895 afficeret,
955 3819 1101 3882 tenebras
1116 3826 1242 3882 nostras

146 3914 318 3999 iuseipsnm
341 3920 513 4001 receperit,
527 3929 566 3983 ut
587 3922 728 4002 potentia
753 3936 813 3983 sua
836 3928 974 3983 mortem
996 3928 1138 3983 nostram
1160 3919 1248 3982 dele·

145 4026 194 4092 tet,
213 4027 244 4082 et
264 4020 450 4100 expelleret
470 4021 650 4083 animarum
672 4027 860 4084 nostrarum
883 4018 1040 4082 tenebras.
1064 4040 1081 4077 a
1293 4096 1300 4105 ι

209 4118 300 4184 flauo
321 4139 423 4201 porro
449 4121 588 4200 amplios
608 4119 765 4199 Origenes
785 4122 817 4181 in
839 4118 923 4183 Filio
945 4118 1004 4181 Dei
1033 4118 1249 4183 consideravit

148 4212 335 4283 therentius
359 4222 538 4301 apeciema
572 4218 680 4295 Patre,
704 4220 835 4301 quaudo
853 4219 967 4283 Celsos
988 4220 1154 4299 ceterique
1177 4219 1251 4281 bae·

147 4316 222 4379 retici
241 4316 364 4383 Filium
385 4318 444 4381 Dei
468 4318 562 4381 Patre
584 4318 754 4381 fortiorem
777 4326 947 4397 putantes,
970 4318 999 4380 ei
1024 4319 1248 4399 praebuerunt

147 4417 308 4488 trimatum
334 4420 367 4481 iu
394 4420 547 4497 regimine
580 4436 702 4483 rerum.
732 4415 943 4499 Quapropter
967 4420 997 4481 in
1032 4417 1129 4481 Libro
1154 4414 1243 4481 vttt.

148 4528 171 4573 t·
187 4513 233 4589 rt.
254 4520 386 4601 ajebatz
409 4520 502 4585 «ille
522 4526 583 4596 est,
605 4536 703 4601 quem
719 4518 856 4585 dicimus
877 4538 946 4584 esse
962 4518 1080 4584 Filium
1103 4519 1177 4593 Dei,
1192 4515 1250 4581 Dei
