3375 5567
387 630 432 704 ῃ
834 727 977 800 catut
997 728 1053 795 tv.

392 930 558 995 Verborum
572 940 683 997 scam
694 931 893 1015 expendium
906 950 989 1013 quoa
1000 930 1039 992 in
1055 927 1247 995 &metica
1256 949 1288 992 c.
1307 929 1433 995 XXVI.
1446 930 1527 1013 Spe·

423 1030 533 1095 dudm
553 1043 718 1109 mensur,
735 1034 790 1097 uti
804 1028 1214 1107 cenomannicorum
1231 1029 1317 1094 mass
1330 1042 1376 1095 est
1389 1051 1526 1096 messe

428 1131 587 1213 Npssanos
608 1135 646 1199 de
665 1136 849 1199 monum
868 1134 983 1197 seinte.

390 1372 498 1501 Cum
515 1442 626 1499 autem
642 1432 788 1508 Patavi),
812 1433 997 1512 ceterisque
1015 1452 1058 1495 ex
1072 1432 1179 1511 capite
1191 1430 1309 1499 XXVi.
1325 1428 1527 1496 Cotecbetics’

390 1537 580 1614 praesertim
601 1534 709 1595 visum
725 1535 780 1606 sit,
804 1531 985 1614 Nyssauum
1006 1531 1197 1594 erroriasse
1211 1533 1424 1610 obsecutum
1441 1532 1524 1594 inde

390 1636 650 1715 investigationes
670 1634 848 1696 ecordtars
861 1650 971 1712 eoque
992 1634 1092 1712 magis
1112 1650 1190 1695 cnm
1209 1634 1329 1695 ibidem
1350 1634 1525 1712 quaedam

389 1742 544 1797 notentur
569 1734 693 1795 dicendi
724 1732 907 1803 termulae,
930 1731 1008 1792 aiibi
1030 1750 1089 1809 pru
1113 1732 1228 1794 eodem
1248 1741 1460 1810 argumento
1486 1733 1520 1795 in

389 1833 613 1912 quaestionem
633 1831 771 1894 delatae.
794 1831 914 1895 Scribit
926 1831 1023 1891 enim:
1041 1851 1058 1888 s
1073 1829 1134 1892 Sed
1156 1833 1187 1891 in
1208 1832 1441 1907 examinanda,
1458 1832 1521 1904 ait,

390 1932 474 1995 iorte
492 1932 619 2013 justitia
640 1932 870 2011 atramentis,
893 1948 979 2010 quaa
1000 1931 1228 1993 consideratur
1248 1931 1280 1991 iu
1302 1932 1363 1993 bac
1383 1932 1525 2011 dispen-

388 2035 524 2106 satione,
543 2033 720 2096 adducitur
735 2031 1048 2121 iortnsse‘quispiam
1066 2037 1102 2094 ut
1121 2033 1284 2093 existimet
1300 2032 1419 2095 fraude
1433 2034 1523 2095 banc

391 2130 477 2194 viam
498 2144 529 2195 et
550 2134 709 2195 rationem
728 2151 745 2193 a
771 2130 839 2194 Deo
858 2149 920 2210 pro
941 2132 1032 2193 nobis
1053 2130 1153 2192 tuisse
1168 2132 1398 2208 excogitatam.
1415 2128 1520 2205 Quod

387 2235 471 2295 euim
494 2249 557 2294 uon
579 2231 663 2293 nuda
686 2231 866 2304 divinitate,
879 2229 934 2292 sed
952 2235 1037 2292 tecta
1058 2231 1101 2290 ab
1124 2232 1261 2292 bumana
1278 2237 1411 2306 natura,
1426 2228 1521 2294 Dens

389 2332 430 2394 ab
452 2332 580 2394 inimico
601 2332 779 2410 ignoratus,
803 2333 837 2391 in
855 2349 944 2403 aum,
966 2331 1023 2411 qui
1044 2330 1246 2392 dominatum
1268 2330 1459 2403 obtinebat,
1481 2346 1520 2392 se

389 2432 626 2504 insinuaverit,
649 2440 697 2495 est
717 2431 958 2510 quodammodo
978 2430 1075 2494 doius
1100 2431 1232 2510 quidam
1252 2439 1286 2492 et
1305 2430 1543 2494 circumscri'

389 2533 471 2610 pti03
494 2549 570 2595 cnm
590 2530 632 2594 sit
652 2530 821 2610 proprium
836 2548 965 2604 eorum,
982 2532 1038 2609 qui
1059 2530 1243 2609 decipiunt,
1264 2528 1305 2589 nd
1324 2529 1418 2592 atiud
1438 2546 1519 2598 oon·

393 2639 520 2693 sertore
547 2648 636 2709 spem
665 2648 801 2703 eorum,
824 2631 943 2709 quibus
967 2637 1144 2693 struuntur
1170 2629 1328 2707 insidiae3
1356 2635 1390 2691 et
1419 2627 1518 2692 aliud

389 2728 530 2803 afficere,
553 2748 653 2807 quam
673 2729 759 2808 quod
783 2729 847 2791 init
865 2737 1043 2809 speratum.
1065 2729 1126 2793 Sed
1149 2730 1205 2808 qui
1226 2730 1339 2808 aspicit
1361 2729 1401 2789 ad
1427 2729 1516 2791 seri-

391 2836 501 2901 tatem,
523 2830 585 2890 hoo
609 2848 742 2908 quoque
763 2830 977 2902 assentietur,
1000 2831 1146 2892 omnium
1168 2830 1308 2890 maxime
1329 2845 1398 2889 asso
1417 2829 1518 2908 justi·

393 2930 455 2990 tiae
476 2936 509 2991 et
529 2930 717 3005 sapientiae.
739 2928 821 2992 Nam
839 2930 919 3009 iusti
941 2930 1072 3007 quidem
1094 2940 1142 2990 ast
1164 2946 1223 3007 pro
1245 2929 1368 2990 meritis
1385 2928 1518 2990 unicui·

392 3045 457 3106 que
478 3026 638 3105 tribuera3
651 3031 802 3106 sapientis
824 3036 935 3091 autem
950 3046 1057 3109 oeque
1075 3028 1201 3108 iustum
1223 3038 1516 3107 eventorumque

392 3126 513 3189 bouum
536 3128 738 3205 benignitatis
758 3145 895 3206 scopum
921 3146 1074 3208 separare
1095 3146 1114 3189 a
1132 3128 1282 3208 judicio,
1302 3128 1389 3206 quod
1413 3127 1451 3190 nt
1471 3144 1516 3188 en

389 3227 530 3307 justitia3
545 3227 600 3287 sed
622 3234 696 3304 apte
717 3234 748 3287 et
761 3236 982 3315 'congruenter
997 3237 1137 3305 utraque
1152 3229 1285 3290 interae
1298 3228 1516 3308 conjungere,

387 3328 535 3407 justitiae
555 3328 687 3405 quidem
711 3327 882 3389 tribuendo
904 3330 991 3408 quod
1011 3328 1110 3389 datur
1131 3346 1190 3407 pro
1212 3328 1355 3391 meritisz
1377 3328 1516 3398 bonitati

392 3435 515 3502 autem,
539 3426 626 3505 quod
649 3444 712 3489 uon
732 3425 909 3489 recedatur
929 3446 948 3488 a
968 3445 1068 3506 scopo
1090 3428 1302 3506 benignitatis.

472 3546 488 3585 u
506 3524 809 3587 Animadvertamus
831 3527 943 3603 igitur,
959 3544 999 3588 an
1021 3544 1085 3589 uon
1098 3528 1179 3588 baec
1195 3526 1292 3588 ambo
1309 3527 1516 3591 consideren-

393 3632 448 3687 tur
469 3626 500 3686 in
521 3624 571 3699 iis,
595 3642 679 3703 quae
704 3625 788 3688 tacta
807 3635 893 3688 suut.
912 3624 993 3688 Nam
1017 3643 1076 3704 par
1095 3627 1167 3703 pari
1189 3643 1247 3704 pro
1271 3627 1392 3691 maritis
1412 3626 1517 3690 scier·

393 3742 442 3798 ra,
465 3741 523 3803 per
543 3725 630 3803 quod
655 3724 791 3788 vicissim
813 3724 974 3806 decipitur
994 3726 1162 3805 deceptor,
1185 3728 1324 3789 ostendit
1340 3728 1512 3808 justitiam.

393 3822 474 3903 Ejus
488 3834 611 3900 autem,
627 3825 713 3903 qaod
733 3824 767 3885 fit
788 3842 920 3905 scopus,
934 3836 984 3888 cst
1004 3827 1222 3889 testimonium
1245 3828 1395 3890 bonitatis
1409 3829 1513 3899 itlius,

391 3926 447 4001 qui
464 3932 632 4002 operatur.
646 3922 728 3988 Nam
746 3924 892 4004 justitiae
913 3926 1045 4005 quidem
1065 3935 1114 3988 ost
1135 3928 1514 4006 proprium,unicuique

393 4022 450 4083 illa
473 4023 641 4098 tribuere,
663 4024 758 4103 cujus
780 4026 935 4105 principia
958 4035 991 4087 at
1011 4043 1125 4087 causas
1147 4028 1238 4104 prius
1260 4026 1407 4106 jecerat,
1429 4044 1514 4107 quo

394 4120 490 4184 modo
514 4130 598 4184 terra
620 4122 849 4187 convenienter
868 4124 1055 4197 seminibus,
1076 4142 1161 4203 quae
1182 4127 1215 4187 iu
1232 4142 1305 4187 eam
1321 4124 1408 4204 jacta
1422 4133 1512 4193 sunt,

314 4300 319 4309 Ι
392 4216 520 4281 tructus
543 4219 657 4283 reddit.
680 4220 863 4301 Sapientiae
884 4232 995 4285 autem
1015 4235 1064 4286 est
1084 4226 1117 4289 in
1135 4225 1232 4287 modo
1252 4226 1404 4287 reddendi
1425 4226 1513 4287 simi·

393 4320 452 4391 iia,
472 4320 512 4381 ab
534 4339 585 4395 eo,
608 4321 695 4401 quod
717 4330 766 4384 est
788 4323 927 4398 metius,
950 4342 1012 4386 nou
1033 4324 1218 4387 discedere:
1235 4324 1510 4403 quemadmodum

396 4419 480 4483 euim
501 4420 575 4484 cibo
594 4421 808 4501 pharmacum
827 4422 977 4487 similiter
1004 4424 1159 4490 admiscet
1187 4424 1298 4503 etqui
1320 4426 1509 4495 insidiatur,
