3375 5567
415 782 571 846 decorum
584 781 782 848 adulterium
795 779 1010 863 equicumqur
1020 779 1104 844 inim
1119 779 1293 857 dimiserit,
1309 782 1420 863 ttnqntt
1432 781 1516 848 Cbri

414 884 496 964 stus)
516 901 648 947 «comm
660 901 752 946 mem
772 893 801 946 et
821 881 922 946 ctiam
936 881 1079 960 decuit,
1094 883 1296 946 moechetur.-
1314 901 1371 946 nec
1390 899 1458 947 eam
1476 883 1517 945 dl·

416 985 499 1047 mitti
519 989 638 1062 sinens,
659 985 755 1066 cnjus
768 984 943 1064 virginitati
965 983 1060 1048 finem
1077 985 1149 1064 quis
1171 987 1338 1068 imposuit,
1353 1001 1411 1048 nec
1430 985 1517 1048 aliam

417 1086 551 1166 insuper
570 1086 659 1162 duci,
674 1097 735 1150 etc.
752 1105 772 1144 e

494 1184 642 1252 Clemens
662 1185 894 1250 alexandrinus
914 1185 1001 1250 idem
1021 1187 1136 1250 statuit
1155 1188 1187 1248 in
1210 1185 1308 1250 Libro
1329 1186 1370 1249 ll.
1394 1184 1519 1250 Strenu-

415 1299 523 1351 tumc.
537 1285 660 1350 XXlilz
679 1286 805 1363 «Quot
827 1295 938 1378 antem
959 1289 1101 1351 consulit
1121 1285 1291 1366 Scriptura
1314 1305 1452 1352 uxorem
1470 1289 1521 1352 dn·

418 1407 511 1465 cere,
524 1395 558 1452 et
569 1407 629 1452 nec
649 1407 668 1452 a
690 1389 842 1471 conjugio
857 1405 1002 1468 nuquam
1017 1389 1174 1468 permittit
1188 1389 1355 1453 discedere
1374 1390 1475 1470 legem
1493 1404 1521 1451 a·

419 1498 511 1571 perte
531 1489 720 1554 constituite
742 1508 806 1554 non
826 1489 960 1552 dimittis
985 1505 1125 1552 uxorem
1145 1497 1378 1569 praeterquam
1405 1490 1447 1552 ob
1466 1489 1521 1553 ior

420 1592 623 1655 nicatiouem.
645 1591 855 1655 Adulterium
879 1597 990 1654 entem
1012 1591 1174 1653 existimat
1195 1591 1347 1670 conjungi
1369 1591 1522 1652 matrimo-

419 1693 487 1768 nio,
510 1693 585 1755 riro
605 1693 712 1755 altero
730 1709 772 1754 ea
788 1693 967 1771 separetis.
983 1733 991 1753 .
1006 1733 1037 1754 ..
1058 1687 1122 1765 Qui
1138 1697 1247 1753 antem
1270 1689 1433 1753 dimissam
1450 1691 1523 1752 aeci·

420 1793 468 1873 pit
488 1779 648 1866 uxorem,
670 1791 882 1863 moechatur,
905 1793 1030 1871 inquit:
1050 1788 1137 1872 siqui
1163 1788 1247 1852 roim
1268 1789 1428 1854 dimiserit
1454 1809 1524 1853 aco

418 1912 505 1969 rent,
526 1891 709 1956 moechetur
728 1890 845 1970 iprum,
862 1891 925 1954 boc
947 1902 997 1956 est
1017 1893 1103 1971 cogit
1120 1907 1190 1954 eam
1212 1891 1377 1954 meecirari
1393 1899 1454 1954 etc.
1466 1908 1481 1948 s
1493 1887 1523 1952 in

420 2011 484 2075 qna
506 1994 708 2073 expositione
722 1991 878 2083 ‚Clemens
899 1992 1017 2056 incedit
1036 1994 1133 2054 sicuti
1153 2001 1266 2072 aperie
1294 2010 1375 2056 suus
1395 1994 1524 2073 discipu·

420 2093 473 2157 lus
492 2092 649 2173 Origenes
670 2095 703 2155 in
717 2091 871 2173 praelatis
894 2093 1001 2156 verbis
1015 2092 1211 2172 amplissime
1233 2093 1358 2170 docuit,
1375 2111 1439 2158 non
1457 2093 1525 2156 iice-

422 2211 458 2258 re
476 2211 685 2274 quacumque
699 2211 740 2256 ex
762 2210 861 2256 cansa
882 2192 1039 2256 secundas
1054 2192 1136 2256 inire
1151 2196 1291 2273 nuptias,
1306 2195 1413 2258 altero
1429 2195 1527 2259 risen·

421 2305 453 2360 te
472 2313 514 2359 ex
536 2293 737 2374 coningibus.

499 2393 680 2458 iliaautem
702 2394 850 2468 testibus,
873 2397 1023 2474 quamvls
1037 2393 1187 2476 Oriqenia
1208 2411 1290 2458 aevo
1303 2395 1406 2474 panio
1427 2411 1525 2458 recen·

422 2498 500 2568 tius,
513 2495 781 2559 accommodatur
799 2495 925 2559 dictum
939 2496 970 2557 in
988 2495 1131 2574 Epistola
1138 2515 1149 2574 3
1165 2511 1264 2575 qnam
1285 2511 1397 2558 omnes
1417 2497 1526 2577 episco

424 2597 455 2677 pi
476 2597 662 2676 congregati
683 2598 715 2660 in
736 2594 867 2680 synodo
881 2595 1039 2660 adversus
1058 2595 1198 2662 l'rninm
1215 2604 1465 2672 samosatenum,
1480 2597 1529 2659 mi·

421 2705 537 2762 serunt
549 2697 590 2759 ad
606 2694 795 2780 Dionysium
808 2696 995 2761 Pontiiicem
1012 2696 1210 2773 Romanum,
1225 2705 1258 2760 et
1271 2697 1311 2760 ad
1328 2705 1455 2761 ceteros
1468 2697 1527 2761 lon

423 2798 558 2878 pinques
579 2799 758 2875 antiatiiea;
785 2797 839 2860 nbi
861 2799 947 2859 inter
970 2797 1033 2859 alia
1049 2796 1195 2877 eiusdem
1216 2797 1356 2872 scelera,
1377 2795 1529 2860 istudne

424 2909 492 2963 tant
512 2897 692 2977 (Eusebius
713 2896 795 2961 llist.
814 2895 941 2961 Euclea.
965 2895 1063 2961 Libro
1076 2896 1146 2960 vti.
1164 2915 1192 2961 c.
1214 2897 1265 2964 Ed.
1277 2898 1287 2976 i
1301 2919 1311 2960 ε
1325 2917 1342 2958 r
1356 2897 1431 2974 Quo
1446 2905 1529 2978 pacto

423 3001 508 3064 enim
528 2999 643 3074 alium,
658 3007 716 3061 ant
738 2997 976 3076 reprehendere
997 3005 1124 3078 poterat
1139 3006 1197 3061 ant
1217 2987 1406 3074 admonere,
1429 2989 1527 3062 ut'de

425 3103 533 3180 inceps
554 3118 589 3162 se
603 3099 750 3163 mulieris
770 3098 1004 3162 consuetudine
1025 3099 1212 3174 abstineret,
1228 3099 1466 3179 diligenterque
1484 3115 1528 3162 ea·

427 3209 530 3276 reret,
551 3217 592 3263 ne
605 3200 678 3280 eina
698 3199 873 3274 illecebris,
888 3200 973 3262 sicut
993 3199 1150 3278 scriptum
1172 3209 1232 3271 est,
1255 3199 1449 3263 illaberetur
1469 3207 1527 3262 tnr-

424 3301 602 3382 pitudiuem
614 3301 697 3380 ,qni
719 3318 782 3362 uua
802 3299 984 3378 repudiata,
1007 3300 1088 3362 duas
1109 3308 1215 3362 aetate
1230 3299 1382 3363 docentes
1404 3308 1435 3363 et
1450 3319 1528 3380 rape

424 3412 481 3468 ctu
504 3411 654 3466 venustas
673 3415 784 3462 secum
806 3398 947 3464 babuit?
971 3399 1052 3462 nEn
1076 3401 1251 3463 universim
1272 3400 1350 3478 quid
1376 3409 1451 3464 tunc
1468 3419 1527 3463 sen·

426 3503 585 3570 tiebaldo
606 3501 748 3564 divortio
776 3501 808 3561 in
831 3499 974 3563 Ecclesia
1004 3501 1180 3564 christiana
1205 3499 1420 3580 Episcopatus
1441 3502 1528 3582 paulo

426 3610 498 3684 post
508 3601 656 3680 Origenis
670 3601 808 3671 obitum,
821 3599 907 3679 quod
933 3601 1008 3661 item
1023 3599 1208 3662 omnimode
1227 3602 1430 3680 reprobavit:
1441 3619 1528 3682 quan·

427 3705 545 3769 tnrnris
566 3710 678 3765 eontra
699 3718 747 3776 se,
768 3701 837 3763 sire
859 3707 971 3762 contra
994 3701 1153 3780 ejusmodi
1176 3698 1342 3764 Ecclesiae
1364 3702 1528 3766 ordinatio

426 3825 497 3870 nem
518 3810 641 3868 starent
660 3819 843 3885 synagogae
858 3809 891 3864 et
911 3802 1078 3879 gentilium
1098 3802 1186 3882 jura.

504 3903 599 3978 Sane,
615 3904 759 3982 inquam,
781 3909 894 3964 conire
918 3902 999 3964 benc
1015 3899 1178 3966 Ecclesiae
1199 3903 1460 3968 constitutionem
1481 3905 1526 3964 be·

426 4009 624 4079 braeornm,
647 4018 865 4081 graecorum,
889 4009 919 4065 et
943 4021 1150 4066 romanorum
1172 4005 1261 4082 leges
1283 4005 1471 4068 militabant,
1495 4001 1530 4066 lit
1604 4001 1605 4066 Ῑ

428 4107 504 4190 qnid
526 4107 589 4168 boc
605 4104 724 4168 Christi
745 4105 896 4165 mandere
917 4111 949 4167 et
968 4106 1036 4185 juri
1049 4106 1222 4185 episcopali
1245 4105 1389 4170 nocuit?
1410 4105 1529 4184 Nequa-

428 4224 527 4289 quam
548 4206 588 4268 ad
611 4203 765 4268 lsraelem
793 4205 857 4284 jam
889 4206 1099 4284 reprobatum
1122 4207 1301 4285 pertinebat
1311 4227 1323 4286 3
1355 4226 1415 4270 nec
1435 4205 1529 4268 multo
1604 4253 1605 4256 ,

430 4312 534 4373 minua
554 4306 701 4374 Caesaris
723 4307 924 4386 beneplacito
945 4309 1104 4372 commisit
1123 4307 1272 4373 Christus
1294 4303 1434 4390 conjugii
1455 4309 1528 4370 cbri-
1604 4291 1605 4356 l

429 4411 524 4473 atiani
537 4407 758 4470 oeconomiam
773 4427 782 4469 r
798 4407 853 4468 sed
869 4408 1023 4485 apostolis
1036 4419 1067 4470 et
1085 4409 1228 4472 ecclesiis
1243 4411 1285 4470 ab
1300 4408 1451 4489 apostolis
1467 4407 1527 4469 iun·

430 4509 512 4571 datia
534 4506 665 4571 tradidit
684 4503 780 4568 lesus
813 4506 912 4586 bujus
938 4511 1129 4573 sacramenti
1155 4509 1467 4573 administrationem.
1490 4501 1524 4564 Et
