3375 5567
176 799 365 878 mecanicum
379 800 655 870 commentarium
678 807 794 873 vertit:
819 805 947 874 «lianc
964 814 1075 873 autem
1095 812 1164 874 sisa
1179 828 1253 890 pro·

173 907 228 980 pter
243 903 429 984 scriptorum
448 909 666 986 quorumdam
688 909 932 990 indiligentiam,
953 912 1023 975 sire
1043 920 1179 992 propter
1199 930 1254 976 ae·

173 1001 261 1064 iuriam
288 1005 473 1086 aliquarum
495 1008 680 1090 Scripturas
710 1013 949 1076 emendantium
979 1013 1171 1089 audaciam,
1193 1032 1251 1078 seu

172 1113 279 1184 propter
297 1125 362 1183 eos,
377 1111 434 1190 qui
456 1109 533 1174 dum
549 1113 731 1191 emendant,
750 1132 811 1196 pro
829 1114 966 1179 arbitrio
987 1114 1111 1178 addunt
1126 1115 1177 1176 rel
1198 1115 1253 1179 de·

171 1206 298 1286 trabunt;
329 1213 548 1300 magnaeaim
570 1231 649 1278 sero
671 1201 908 1297 exemplarium
929 1216 1040 1280 existit
1060 1215 1250 1280 dilierentia.

171 1303 293 1372 Proiecto
312 1311 557 1394 discrepantiae,
572 1333 658 1396 quac
679 1317 711 1379 iu
732 1315 859 1381 Veteris
872 1315 1067 1382 Testamenti
1088 1319 1254 1398 exempta·

169 1407 235 1472 ribus
252 1413 391 1477 occurrit
405 1423 438 1478 et
453 1422 570 1480 cetera.
587 1435 603 1475 a
627 1417 787 1499 bquibus
802 1419 1018 1484 describendis
1037 1420 1250 1501 supersedeo,

167 1529 223 1572 cau
246 1517 430 1580 eorumdem
459 1536 572 1582 sensas
593 1521 695 1583 reteri
726 1519 986 1603 interpretationi
1016 1523 1248 1604 aequipolleat.

168 1608 219 1675 Nisi
236 1617 315 1695 quad
335 1619 368 1680 in
391 1619 491 1701 buius
508 1623 680 1702 pericopae
703 1624 839 1686 termino
860 1623 977 1701 (sicuti
998 1623 1038 1687 de
1062 1623 1253 1706 Septuagin-

169 1723 192 1775 ta
210 1713 349 1782 versione
371 1721 539 1801 perspicue
559 1721 692 1788 locutas
713 1724 782 1801 est)
803 1725 863 1788 sibi
884 1726 927 1790 ob
947 1726 1058 1789 initam
1081 1729 1251 1808 paritatem

165 1819 297 1897 agendum
318 1819 431 1885 luisset
452 1824 491 1886 de
506 1824 557 1898 iis,
580 1842 666 1905 quae
687 1827 813 1906 putarit
828 1825 985 1907 Origenes
1006 1828 1037 1889 iu
1052 1828 1251 1892 consulendo

168 1921 351 1984 serietatibus
371 1923 533 1987 librorum
548 1923 634 1989 Nori
650 1924 857 2002 Testamenti,
878 1928 979 1991 relati
1000 1937 1074 2007 apte
1094 1927 1251 2007 signitica-

167 2025 201 2084 rit
220 2031 301 2088 retus
317 2024 490 2106 interpres.
507 2024 600 2102 Qaac
615 2029 720 2090 omnia
742 2029 799 2092 ille
818 2049 860 2092 ex
882 2029 1020 2092 adverso
1034 2039 1252 2111 praetergres-

163 2145 216 2201 sus,
234 2127 357 2208 expleta
378 2126 574 2191 discussione
590 2128 629 2193 de
644 2128 854 2211 Septuaginta
871 2129 1117 2213 interpretibus,
1130 2138 1164 2194 et
1178 2133 1251 2212 qui·

163 2225 221 2290 deu
243 2229 428 2292 detruncata
463 2233 743 2310 argumentatione
768 2232 906 2315 ejusque
931 2233 1179 2314 consequentia,
1199 2223 1250 2296 'uti

162 2346 245 2392 nesus
263 2330 411 2411 exigebat
431 2331 603 2406 orationis,
632 2337 663 2395 et
685 2331 787 2395 instar
810 2334 928 2396 veteris
948 2332 1068 2396 latinae
1091 2331 1252 2412 iuterpre-

163 2431 283 2507 tatiouis,
303 2433 451 2514 protinus
471 2432 591 2494 subdit:
608 2452 697 2513 quem
711 2441 817 2497 autem
832 2435 960 2516 offendit
973 2433 1069 2513 iilud,
1086 2435 1122 2497 de
1142 2452 1176 2497 co
1195 2435 1251 2498 ad·
1376 2482 1380 2488 -

160 2531 302 2609 sitiendo,
315 2551 372 2596 nce
395 2551 446 2605 aa,
458 2551 518 2613 pro
539 2531 671 2597 arbitrio
684 2535 815 2598 statuat.
839 2533 934 2612 Quae
946 2537 1086 2611 incutio,
1106 2537 1132 2600 si
1147 2549 1252 2617 gram·

161 2634 275 2697 urticae
298 2634 426 2715 legibus
446 2640 534 2698 stare
564 2635 721 2712 velimus,
744 2653 803 2700 uec
827 2635 1094 2718 praecedentibus
1123 2655 1182 2699 nec
1202 2655 1251 2701 so·

159 2738 309 2814 questibus
335 2737 573 2800 accommodari
600 2735 753 2801 ridetur=
781 2755 799 2801 e
824 2739 943 2819 quibus
970 2737 1069 2818 magis
1091 2737 1253 2802 indicatur

161 2835 298 2924 Anonymi
321 2839 428 2920 graeci
450 2839 566 2919 partim
590 2840 706 2920 glossa,
727 2840 844 2920 partim
867 2840 1004 2904 incuria.
1029 2837 1250 2915 Quamobrem

159 2940 252 3004 inbac
272 2946 338 3003 tnta
357 2937 511 3020 -Origeais
543 2940 760 3017 discussione,
782 2941 840 3004 uisi
862 2946 1051 3022 suppeteret
1074 2947 1170 3032 setus
1201 2939 1252 3003 in·

157 3048 273 3123 terpres,
288 3043 345 3124 qai
367 3059 384 3104 a
401 3059 485 3124 pura
508 3041 597 3106 innte
612 3042 723 3107 bibens
737 3043 885 3107 ordinate
897 3051 930 3106 et
943 3043 1129 3107 luculenter
1143 3043 1250 3106 omuia

157 3141 240 3208 latiae
252 3143 429 3220 transtulit,
445 3143 586 3208 arduam
600 3161 676 3209 sane
692 3144 796 3222 tieret,
810 3162 938 3210 sensum
957 3144 1094 3208 illoram
1109 3145 1250 3225 assequi,

157 3262 225 3324 quae
243 3245 273 3309 in
293 3244 381 3308 edito
402 3261 520 3325 paean
535 3241 643 3308 Texta
656 3245 827 3326 leguntur,
849 3245 999 3327 quamvis
1019 3244 1162 3310 studiosa
1180 3261 1251 3308 ser·

157 3347 230 3411 sione
249 3349 289 3411 ab
308 3343 432 3411 liuetio
450 3346 618 3410 adornato.

219 3445 339 3510 iliram
361 3447 500 3527 denique
521 3453 590 3523 est,
613 3445 700 3525 qaod
723 3443 865 3509 fluetins
885 3444 970 3508 iuter
989 3445 1076 3520 aila,
1097 3463 1183 3527 qaae
1203 3447 1250 3510 ait

157 3549 269 3613 ahane
283 3549 393 3612 iocum
416 3547 454 3609 ad
472 3549 589 3611 veteris
606 3544 793 3628 interpretis
807 3547 1035 3609 auctoritatem
1057 3546 1249 3611 imminuen-

157 3649 224 3728 dam,
234 3649 404 3725 addiderit,
417 3650 523 3729 ipsum
537 3649 689 3712 nimirum
701 3647 741 3711 de
753 3666 815 3711 sao
826 3653 858 3711 et
869 3665 932 3709 non
944 3665 986 3711 ex
995 3645 1249 3728 Origene,prae·

158 3753 250 3816 tulisse
264 3751 482 3814 testimouium
508 3769 549 3814 ex
571 3747 748 3829 Evangelio
767 3751 955 3834 apocrypho
974 3750 1075 3830 juata
1095 3746 1248 3815 Hebraeos

157 3851 185 3916 ie
202 3873 262 3934 qun
277 3852 350 3916 silet
364 3849 487 3916 Textus
504 3867 650 3930 graecus.
674 3849 735 3914 Sed
753 3851 813 3914 boc
829 3849 908 3912 nibil
922 3851 987 3930 agit
1002 3856 1114 3914 contra
1132 3855 1248 3916 veteris

158 3951 326 4036 interpretis
356 3953 598 4028 sinceritatem,
622 3953 800 4034 quinimmo
831 3970 892 4033 pro
913 3971 953 4016 eo
972 3959 1058 4028 stat,
1080 3960 1113 4016 et
1143 3953 1247 4034 ipsum

157 4053 292 4124 Raetiam
313 4056 493 4135 redarguit.
517 4053 622 4130 Quem
645 4057 728 4118 euim
751 4055 842 4128 latet,
865 4051 1039 4134 Origenem
1060 4054 1248 4134 saepiusiu·

156 4159 272 4222 seruisse
290 4155 384 4219 libris
406 4155 583 4218 testimonia
607 4173 648 4218 ex
670 4171 708 4219 eo
733 4153 913 4234 Evangelio
934 4152 1073 4226 deiecta,
1097 4154 1168 4229 etsi,
1194 4173 1246 4216 se·

155 4255 202 4321 lati
219 4260 248 4322 ia
269 4259 369 4323 citato
388 4256 476 4330 loco,
500 4255 614 4318 minori
636 4257 832 4320 auctoritate
860 4245 997 4343 munita,
1019 4270 1116 4334 quam
1137 4261 1245 4317 cetera

157 4359 307 4424 auisersim
328 4362 361 4423 iu
384 4355 526 4438 ecclesiis
547 4356 653 4420 dirina
670 4355 825 4438 probata'?
848 4353 987 4420 iiuetius
1002 4354 1086 4418 idem
1108 4354 1169 4418 boc
1183 4373 1245 4418 non

158 4457 269 4534 ignorat.
