3375 5567
473 793 582 856 tamin,
600 780 702 845 omnis
724 783 780 861 qui
801 781 920 848 exierit
934 780 979 845 dc·
995 783 1055 846 hac
1083 783 1159 857 rita,
1187 799 1256 845 nou·
1275 789 1379 864 potest
1400 801 1462 848 esse
1476 803 1549 850 mun

465 885 579 948 diss.»

552 983 692 1067 ideoque
712 985 739 1048 si
761 1002 877 1048 eornm
900 983 1039 1048 velimus
1052 983 1193 1064 probare
1211 983 1392 1064 opinionem
1405 983 1550 1066 origenem

471 1086 750 1166 exprobrantium,
766 1084 854 1166 quod
871 1085 1029 1164 reprobos
1042 1083 1218 1165 aliquando
1238 1104 1256 1148 a
1277 1085 1385 1165 poenis
1398 1085 1476 1167 apud
1490 1083 1553 1148 iuis·

471 1207 529 1250 ros
547 1197 734 1268 ezcmptnm
764 1186 805 1250 iri
827 1184 1010 1262 docuisset,
1032 1192 1066 1248 et
1087 1187 1150 1250 hoc
1179 1205 1221 1250 ex
1243 1186 1413 1267 praedictis
1430 1185 1552 1269 eiusdem

471 1290 671 1365 testimoniis,
694 1288 813 1368 quihus
833 1288 1019 1368 saepissime
1042 1289 1107 1354 huc
1137 1289 1232 1365 iiiuc,
1252 1291 1301 1352 uti
1325 1289 1468 1363 vidimus,
1492 1305 1554 1350 suos

470 1392 573 1456 titiam
588 1391 751 1474 inspersit,
765 1390 973 1454 statuendum
988 1410 1032 1454 ex
1043 1391 1184 1470 legitima
1200 1391 1345 1456 illatione
1357 1391 1450 1467 toret,
1464 1404 1554 1452 omues

469 1501 503 1556 et
522 1492 666 1572 singulos
688 1492 832 1556 hominos
854 1493 1031 1559 universim
1054 1492 1294 1574 postjudicinm
1314 1491 1556 1558 novissimnmiu

471 1595 618 1660 iecorum
639 1595 702 1675 igni
733 1611 808 1658 cnm
830 1592 1042 1658 doemonibus
1071 1594 1274 1658 destinandos
1295 1613 1389 1671 esse,
1409 1595 1507 1674 ibique
1524 1591 1555 1654 ad

471 1696 675 1778 praefinitum
693 1705 818 1777 tempus
840 1698 1017 1776 perignem
1033 1705 1246 1773 transeuntes,
1259 1698 1446 1779 capiundos.
1460 1695 1497 1760 Et
1509 1694 1556 1758 etsi

468 1801 551 1862 aiios
572 1799 610 1860 ad
634 1799 795 1862 modicum
818 1799 984 1878 temporis,
1006 1799 1218 1879 quosdamad
1237 1800 1442 1876 diuturnum,
1455 1798 1557 1861 sitcros

469 1902 508 1964 ad
532 1903 670 1983 tongins,
693 1910 726 1964 et
745 1911 871 1964 ceteros
892 1900 933 1964 sd
962 1917 1080 1964 sevum
1102 1901 1336 1982 longissimum,
1362 1901 1499 1982 singulos
1523 1908 1559 1961 ts·

471 2005 624 2068 mensise
645 2003 859 2084 patriarchas,
873 2003 943 2065 sive
962 2001 1141 2083 apostotos,
1154 2003 1223 2066 sive
1246 2013 1420 2088 martyres,
1438 2009 1559 2065 ceteros

468 2125 533 2186 que
555 2105 616 2170 tide
637 2114 668 2167 et
688 2105 859 2167 sanctitate
879 2104 1168 2185 praestantissimos
1189 2121 1229 2167 eo
1249 2104 1394 2184 indigere
1415 2105 1494 2185 igne,
1513 2117 1560 2182 per

464 2209 562 2272 ilium
585 2206 734 2279 transire,
756 2223 795 2268 ac
816 2205 847 2268 in
869 2223 910 2268 eo
930 2205 1049 2286 degere
1071 2206 1270 2286 torquendos
1289 2206 1359 2269 sire
1386 2224 1497 2287 param
1514 2221 1560 2266 seu

468 2308 623 2386 muitum,
639 2325 812 2387 quousque
827 2309 953 2385 penitus
963 2308 1094 2372 lustrati
1104 2308 1144 2372 ad
1160 2308 1333 2372 coelestem
1344 2308 1482 2389 pieriam
1492 2315 1562 2369 tran·

467 2408 634 2472 cierentur
653 2425 764 2470 coram
793 2405 862 2471 Deo
881 2417 915 2472 et
931 2409 1053 2490 sugetis
1072 2408 1155 2489 ejus.
1172 2407 1269 2485 Quod
1289 2410 1424 2489 quidem
1445 2413 1565 2471 tantum·

470 2510 566 2574 modo
587 2513 731 2590 cogitare
752 2511 931 2574 absurdum
953 2521 1011 2575 cst.

548 2609 614 2677 Nos
635 2630 714 2694 erge
735 2621 830 2692 urget
855 2613 1025 2678 necessitas
1045 2611 1305 2694 aiiterOrigsnis
1326 2622 1466 2679 mentem
1483 2612 1566 2675 iuter·

466 2713 632 2794 pretendi3
648 2720 681 2776 et
703 2714 834 2795 quidem
858 2715 973 2780 merito
995 2716 1096 2780 stium
1110 2716 1316 2780 admittentes
1342 2718 1466 2798 ignem,
1482 2731 1563 2795 quem

465 2815 533 2895 ipse
555 2816 774 2894 metaphorice
796 2833 834 2878 ac
864 2816 996 2901 mystice
1017 2816 1106 2894 dicit,
1129 2819 1302 2882 humanam
1325 2829 1489 2895 naturam,
1503 2834 1566 2896 pro·

468 2918 682 2996 topiastornm
706 2919 785 2982 vttio
804 2926 993 2998 corruptam
1017 2937 1057 2982 ac
1077 2919 1315 3000 pessumdatam
1328 2965 1338 2997 ,
1350 2922 1523 3006 'detergere
1540 2923 1566 2978 et

465 3035 580 3084 sanare
601 3027 838 3102 postmortem,
859 3027 898 3083 ut
917 3019 949 3082 in
971 3021 1212 3086 resurreetione
1226 3041 1336 3085 omnes
1356 3024 1390 3084 iu
1411 3032 1568 3086 aeternum

469 3121 583 3184 vivant.
592 3121 856 3202 incorruptibiles
870 3128 903 3184 et
917 3122 1117 3187 immortates
1132 3123 1224 3202 prohi
1245 3124 1457 3206 reprohique.
1474 3121 1570 3203 ignea

466 3219 540 3286 dico
560 3217 726 3286 diversum
747 3223 788 3285 ah
809 3222 930 3296 altero,
949 3223 1007 3302 qui
1030 3241 1143 3286 revera
1165 3224 1320 3288 divinitus
1340 3226 1513 3300 immissus,
1531 3221 1572 3284 di·

468 3323 587 3388 vinitus
608 3323 746 3401 ardens,
781 3324 989 3388 vehementer
1007 3332 1042 3386 et
1062 3325 1258 3388 incessanter
1278 3344 1317 3389 ac
1337 3343 1504 3408 nunquam
1523 3343 1573 3387 ex·

468 3422 672 3503 tinguendas,
695 3423 783 3505 apud
804 3424 926 3488 interos
946 3441 1084 3506 corpora
1116 3427 1321 3490 excruciabit
1340 3427 1572 3491 damnatorum.

468 3523 516 3589 De
531 3525 593 3590 hoc
613 3525 776 3600 consutas,
790 3543 877 3604 quae
892 3525 958 3605 ipse
971 3525 1084 3587 scribit
1101 3524 1243 3588 Humilia
1260 3524 1314 3588 tv.
1328 3527 1359 3588 in
1372 3526 1490 3591 isaiam
1503 3544 1534 3588 o.
1545 3520 1573 3588 5.

464 3645 506 3693 ex
530 3625 654 3689 veihis:
678 3624 720 3688 m
738 3624 854 3688 missus
873 3634 918 3688 est
936 3626 980 3687 od
998 3645 1046 3687 ms
1064 3643 1152 3689 nens
1172 3628 1209 3688 ds
1229 3624 1415 3708 Seraphim,
1436 3638 1466 3690 st
1486 3644 1576 3688 meso

462 3725 530 3807 ejus
543 3725 671 3788 emesae
681 3726 858 3802 cerdonem,
873 3743 964 3806 quem
976 3737 1136 3807 occeperat
1148 3726 1267 3808 forcipe
1282 3729 1322 3791 de
1340 3728 1444 3794 uttam
1452 3751 1463 3794 a
1479 3751 1496 3788 a
1511 3725 1578 3792 Noc

466 3845 689 3908 quocumque,
702 3829 808 3909 inquit
829 3828 999 3909 propheta,
1017 3830 1208 3910 simpliciter
1221 3839 1253 3894 et
1268 3830 1405 3894 fortuito
1418 3835 1494 3912 igno
1508 3846 1579 3910 pur·

464 3939 573 4012 pater,
594 3930 650 3994 sed
671 3931 730 4010 qui
750 3939 798 3993 est
819 3929 860 3993 de
880 3931 976 3994 atteri
998 3929 1069 3994 Dei.
1093 3931 1125 3996 Si
1148 3941 1307 4012 purgatus
1327 3951 1391 3996 noc
1413 3933 1519 3997 tueris
1538 3929 1580 3992 ai-

464 4032 542 4096 taris
563 4032 656 4112 igne,
679 4031 799 4096 residet
823 4030 878 4094 tihi
899 4031 969 4108 illc,
990 4032 1031 4095 de
1051 4051 1119 4113 qno
1139 4034 1263 4097 dictum
1283 4043 1352 4098 est:
1375 4033 1422 4098 ite
1443 4055 1466 4097 n
1483 4053 1531 4095 nse
1548 4029 1580 4092 is

461 4130 566 4213 iponem
586 4141 767 4206 ostensum,
799 4130 859 4211 qni
873 4143 1089 4213 praeparetur
1109 4143 1155 4196 cst
1175 4132 1296 4197 Zohuio
1315 4145 1344 4197 ct
1363 4133 1492 4216 sepelis
1511 4135 1583 4214 eins.

463 4233 539 4302 Non
558 4241 607 4298 est
628 4233 701 4297 tuiis
722 4233 802 4313 iguis
824 4233 864 4296 de
885 4235 992 4298 attari.
1008 4235 1129 4300 Omnes
1149 4236 1214 4316 igni
1238 4236 1383 4300 tradendi
1403 4245 1486 4301 snut
1496 4258 1509 4317 3
1529 4232 1582 4298 sci

459 4353 523 4400 non
544 4351 655 4399 omnes
669 4335 724 4396 uui
746 4336 822 4415 igni,
841 4335 923 4398 aiios
936 4335 976 4400 de
992 4337 1088 4400 citari
1110 4336 1190 4416 ignis
1204 4347 1366 4418 expectat,
1382 4339 1469 4403 atios
1491 4337 1582 4419 ignis,

462 4437 518 4517 qni
541 4444 756 4517 prosperatus
777 4444 826 4500 est
846 4434 972 4500 Zahuio
993 4446 1026 4500 ct
1046 4438 1168 4518 augetis
1189 4439 1261 4520 eius
1285 4459 1315 4501 s.
