3375 5567
1164 731 1223 782 ιιι

174 830 245 903 inter
267 829 385 905 ambos
407 831 503 919 illos,
529 834 788 932 aspectabilem
814 833 952 911 scilicet
973 848 1012 909 et
1039 857 1139 918 eum,
1157 838 1220 934 qui

173 958 257 1052 aspici
286 960 429 1057 nequit,
462 961 706 1053 interjectum.
742 986 761 1032 a
798 959 1073 1049 Marcionistae,
1105 964 1222 1060 inquit

172 1084 322 1170 Clemens,
347 1088 484 1163 Christi
503 1087 649 1163 Patrem
677 1088 811 1163 bonnm
832 1087 947 1163 lienus
972 1090 1134 1188 ignotum
1154 1114 1223 1165 no-

171 1225 250 1300 runt3
272 1215 445 1313 Opilicem
471 1239 558 1293 rero
585 1215 701 1293 mom
729 1216 877 1291 malum.
900 1214 956 1289 to
983 1216 1039 1291 bis
1064 1220 1223 1316 peregri-

170 1341 211 1413 nis
229 1342 447 1438 opinionibus
471 1366 544 1418 non
567 1343 672 1442 longe
691 1344 804 1419 distat
831 1343 1021 1430 Basilides,
1041 1368 1150 1443 quem
1169 1346 1221 1422 ait

169 1467 320 1555 irenaeus,
351 1470 522 1546 aberrare
542 1474 579 1544 in
610 1471 825 1569 quaerendis
854 1494 976 1546 rerum
1010 1474 1221 1570 principiis:

105 1585 106 1610 ³
169 1618 231 1669 cum
248 1600 363 1672 omnia
392 1600 437 1672 ad
461 1622 575 1673 unum
609 1597 832 1699 Principiam
858 1600 952 1675 idest
977 1597 1092 1674 Deum
1112 1601 1223 1675 omni-

104 1809 105 1812 ,
167 1739 324 1819 patrumm
352 1727 557 1802 reducenda
591 1728 680 1811 sint,
713 1740 752 1801 et
780 1750 890 1801 unum
920 1750 1068 1801 necesse
1100 1750 1222 1804 rerum
1256 1800 1259 1805 .

104 1853 105 1860 ’
166 1852 299 1927 omnium
328 1851 554 1954 Principiam
581 1876 625 1929 ac
656 1852 850 1928 Dominum
880 1853 1057 1929 confiteri.
1088 1853 1219 1929 Simili·

168 1978 429 2055 terllalcntinus
457 1982 593 2065 varias,
621 1981 733 2055 falsas
761 1994 800 2055 et
827 1981 1222 2075 contusas-hujusmodi

104 2205 105 2212 ἵ
166 2123 366 2186 commentus
399 2123 458 2183 est
485 2107 538 2184 Dc
567 2110 748 2209 Principio
775 2109 1028 2184 fabulationes.

103 2229 104 2246 ¹
248 2234 458 2313 Deinde-ab
488 2234 545 2311 bis
565 2234 617 2311 Dc
640 2236 832 2335 Principiis
859 2236 1167 2325 aberrationibus,
1185 2238 1223 2310 in

103 2421 104 2450 ,
165 2384 234 2459 quas
253 2364 457 2439 inciderunt
485 2378 561 2439 tres
587 2363 876 2451 haeresiarchae,
902 2375 1076 2461 tanquam
1101 2386 1224 2439 neces·

164 2492 257 2567 sanae
283 2492 478 2578 illationes,
498 2492 558 2567 alii
586 2491 771 2567 subsecuti
799 2503 885 2566 sunt
912 2512 1067 2565 errores.
1089 2488 1138 2565 Et
1160 2514 1225 2590 po·

103 2625 104 2668 ³
162 2618 318 2695 tissimum
338 2620 435 2717 qnod
463 2634 629 2695 asserant
657 2619 781 2694 mundi
804 2618 981 2716 Opilicem
1001 2616 1117 2693 Deum
1145 2640 1225 2693 rna·

164 2742 221 2818 lum
250 2761 287 2821 et
318 2746 456 2831 lerum,
488 2757 528 2821 et
553 2745 737 2819 diversum
769 2768 790 2819 a
823 2744 900 2821 Deo
930 2742 1069 2819 Christi
1101 2741 1223 2827 Patre,

102 2843 103 2864 Χ
163 2874 208 2967 qui
229 2889 283 2948 est
305 2874 425 2950 bonus
449 2872 570 2958 lleus3
590 2872 653 2971 qni
678 2872 767 2945 nihil
786 2871 946 2946 condidit
970 2894 1112 2956 eorum,
1131 2894 1224 2969 quae

162 3003 335 3079 inmundo
366 3016 464 3078 sunt.
491 3000 546 3075 Ex
576 3002 645 3075 lroc
664 3022 834 3098 namque,
863 3001 957 3087 dico,
989 2999 1127 3074 directe
1160 3022 1226 3074 sen

162 3127 312 3207 indirecte
331 3131 500 3207 cumulus
518 3128 578 3204 illc
597 3132 831 3225 consequitur
850 3126 1103 3212 absurdarum
1134 3148 1228 3223 quae

161 3273 381 3333 numerantur
405 3259 618 3356 praesertim
643 3280 665 3329 a
689 3255 879 3331 Clemente
896 3252 1156 3339 Alexandrino,
1177 3252 1224 3326 ab

161 3380 302 3470 irenaeo,
331 3410 353 3460 a
372 3384 599 3459 Tertulliano
617 3397 656 3457 et
675 3382 904 3480 Epiphanio:
924 3395 963 3456 et
988 3396 1113 3455 eontra
1133 3403 1227 3477 quae

161 3510 308 3588 alacriter
325 3512 513 3586 dimicarit
530 3510 706 3607 Origenes
726 3511 763 3583 in
782 3510 851 3586 boc
871 3509 923 3585 De
944 3507 1134 3607 Principiis
1152 3521 1227 3583 tra·

164 3652 259 3716 ctatu.

250 3768 299 3843 Ut
317 3782 443 3843 antem
458 3768 517 3841 laic
534 3766 728 3864 quoddam,
745 3766 878 3839 nostris
893 3764 1085 3840 admodum
1100 3764 1231 3862 disqui-

102 3911 103 3924 ’
162 3892 334 3969 titionibus
352 3894 456 3979 utile,
475 3895 670 3991 praebeam
701 3893 842 3968 illorum
863 3892 1047 3989 specimen
1067 3912 1113 3967 ex
1135 3889 1228 3963 llar-

162 4020 266 4111 oione,
293 4025 356 4122 qui
384 4023 703 4121 praedecessorum
732 4043 882 4095 suornm
904 4018 1080 4095 Valentini
1101 4032 1140 4093 ct
1157 4016 1228 4091 Bn-

163 4148 256 4226 silidis
282 4153 454 4251 dogmata
483 4151 687 4243 hujusmodi
716 4150 886 4246 collegit,
915 4146 1224 4243 instauravitque,

165 4292 301 4366 ronam,
330 4280 444 4376 ipsius
471 4277 646 4363 scholam,
666 4290 812 4376 praeter
837 4300 896 4362 ea,
914 4297 1008 4373 quae
1037 4294 1151 4369 nuper
1168 4294 1227 4345 re·

164 4402 257 4479 citata
275 4418 362 4482 sunt
380 4406 613 4492 contendere,
640 4401 827 4479 Christum
850 4410 955 4496 juxta
983 4402 1141 4477 divinam
1160 4420 1228 4471 na·

166 4540 268 4609 ltrmn
294 4556 341 4608 ex
371 4532 480 4608 Maria
510 4545 634 4607 natum
669 4556 739 4607 non
766 4552 877 4617 essc3
903 4552 969 4603 nec
1001 4527 1158 4603 animam
1188 4537 1227 4597 et
