3375 5567
422 767 513 829 osani
522 804 535 839 ,
560 780 662 829 annm
682 780 758 829 oum
775 779 813 827 ea
834 778 956 844 corpus
985 765 1017 827 in
1046 763 1180 831 libidine
1198 760 1340 829 edicitur
1361 767 1395 826 et
1420 777 1543 827 omou-

421 854 582 946 piseentiis
603 864 685 947 ejus.
707 862 741 928 Si
763 880 843 927 toro
863 883 898 928 ae
927 865 1055 945 spiritui
1075 865 1272 939 sociaverit,
1294 882 1380 928 uuus
1398 881 1475 928 num
1493 878 1535 925 ea

417 966 551 1044 spiritns
571 967 644 1029 erit.
660 982 678 1022 s
693 962 750 1027 iiis
771 964 901 1027 duobus
919 965 1078 1029 consentit
1093 982 1227 1045 quoque
1247 964 1400 1027 irenaeus
1419 962 1476 1026 ut.
1490 959 1535 1022 V.

419 1084 448 1130 o.
471 1062 526 1129 tx.
548 1062 579 1130 1.
604 1066 702 1129 verba
722 1066 899 1145 apostoliea
920 1066 1118 1148 expendens,
1139 1064 1291 1147 qnoniam
1317 1082 1393 1128 eoro
1411 1070 1439 1126 at
1457 1078 1538 1125 sno·

417 1164 491 1245 puis
504 1182 638 1246 reponat
651 1162 709 1227 tet
721 1164 883 1246 possidere
892 1184 958 1228 nott
974 1174 1131 1248 possunt:
1146 1168 1167 1227 κ’
1180 1166 1216 1229 id
1231 1174 1293 1242 est,
1306 1164 1432 1241 soribit,
1443 1162 1536 1243 quod

419 1267 461 1328 ab
480 1266 630 1329 omnibus
651 1266 822 1329 haereticis
842 1267 1014 1349 protertur
1026 1269 1059 1330 in
1078 1270 1252 1331 amentiam
1271 1282 1365 1330 snam
1375 1285 1388 1344 3
1404 1283 1444 1329 ex
1465 1280 1538 1343 quo

417 1375 450 1431 ot
470 1385 527 1431 uos
549 1366 720 1429 retardare
740 1373 774 1430 et
793 1368 964 1431 ostendero
984 1376 1156 1443 conantur,
1179 1386 1243 1430 uon
1256 1367 1377 1429 saltari
1396 1364 1540 1445 pissms·

419 1469 540 1530 tionem
561 1466 638 1529 iiei:
660 1484 724 1529 uon
744 1468 999 1549 conspicientes,
1035 1469 1111 1548 quis
1132 1468 1314 1544 sanitato,
1336 1464 1536 1545 exquibus,

418 1568 692 1648 quemadmodum
712 1567 930 1646 ostendimus,
953 1570 1117 1649 perieetus
1132 1569 1228 1632 homo
1247 1575 1392 1643 onustat,
1413 1583 1537 1639 arno,

418 1669 523 1729 anima
544 1675 575 1731 et
590 1668 728 1749 spiritu:
751 1674 784 1729 et
804 1667 912 1731 altero
932 1669 1063 1749 quidem
1077 1670 1223 1732 saltante
1243 1666 1460 1747 stigmate,
1474 1664 1538 1746 qui

417 1774 467 1830 est
485 1767 619 1847 spiritns
628 1785 640 1844 3
655 1766 774 1843 attero,
796 1767 885 1846 quod
900 1769 1015 1832 unitur
1027 1776 1060 1832 et
1080 1769 1258 1842 formatur,
1272 1767 1360 1847 quod
1375 1773 1423 1829 est
1442 1783 1538 1827 earo.

419 1867 454 1930 id
477 1867 672 1947 sero3quod
694 1867 779 1930 inter
793 1868 875 1953 haee
893 1876 943 1933 est
964 1870 1043 1945 duo,
1060 1871 1148 1950 quod
1168 1878 1219 1933 est
1232 1870 1356 1932 anima:
1372 1883 1456 1947 quae
1474 1865 1540 1926 sii·

416 1968 545 2049 quando
560 1968 692 2048 quidem
707 1967 908 2051 subsequens
920 1971 1085 2050 spiritum,
1098 1970 1250 2034 elevatur
1263 1969 1304 2031 att
1317 1986 1377 2047 eo3
1388 1966 1541 2048 aliquan-

416 2070 459 2131 do
479 2076 590 2132 autem
624 2070 825 2133 consentiens
859 2071 975 2147 narni,
1007 2072 1127 2135 decidit
1146 2074 1178 2133 iu
1208 2078 1353 2133 terrenas
1380 2066 1539 2145 eoncupi-

417 2171 554 2233 soeutiss
573 2175 634 2231 eto.
657 2188 674 2227 s
1458 2216 1466 2229 .

497 2268 652 2348 Exposita
674 2270 798 2333 interea
815 2270 934 2350 tripiici
951 2271 1088 2335 hominis
1107 2268 1284 2334 substantia
1307 2276 1377 2333 tum
1397 2263 1540 2351 exNys-

414 2386 506 2444 seno,
530 2379 599 2432 tum
619 2388 663 2433 ex
686 2368 819 2433 irenaeo
839 2379 872 2434 et
885 2371 1040 2451 Origene,
1063 2372 1144 2435 iiind
1166 2372 1210 2433 iti
1228 2371 1370 2434 maximo
1389 2366 1541 2431 conside·

417 2474 493 2531 ratu
512 2467 645 2548 dignum
659 2476 719 2544 est,
742 2470 828 2549 quod
851 2471 911 2551 ipsi
924 2473 965 2534 do
980 2474 1084 2535 anima
1106 2473 1222 2535 docent
1240 2472 1341 2534 satuti
1360 2468 1466 2532 media
1487 2467 1541 2529 in·

416 2576 467 2633 ter
480 2569 629 2649 spiritum
646 2577 679 2633 et
692 2588 823 2635 earnem
835 2572 973 2654 ejusque
987 2572 1275 2653 concupiscentias,
1288 2589 1373 2635 nuno
1383 2569 1431 2633 itii
1447 2584 1541 2631 nuno

415 2670 487 2733 aliis
507 2670 648 2734 obnoxia
658 2690 670 2751 3
692 2689 709 2733 a
733 2672 852 2751 quibus
872 2673 988 2737 deiude
1008 2674 1040 2736 iu
1060 2682 1167 2738 morte
1187 2675 1315 2757 ponitus
1329 2673 1426 2735 homo
1439 2668 1539 2732 exot-

381 2839 385 2845 .
417 2769 539 2833 sendus
560 2772 635 2847 erit,
659 2772 706 2835 nti
728 2770 810 2834 inira
834 2773 975 2853 patefiet.
998 2770 1099 2836 Modo
1120 2774 1161 2835 sd
1183 2773 1314 2836 citatam
1333 2790 1359 2835 s.
1382 2769 1539 2834 Dootoris

417 2872 602 2950 pericopam
632 2882 858 2949 revertamur,
886 2891 984 2953 quam
1009 2872 1160 2938 Petavius
1188 2876 1357 2954 ceterique
1378 2880 1537 2950 tanquam

417 2969 559 3051 dogmati
581 2972 742 3037 oothoiioo
763 2974 803 3037 de
817 2977 1010 3039 aeternitate
1031 2991 1210 3055 poenarum
1225 2974 1380 3037 intensam
1395 2971 1536 3034 iaciunt.

418 3069 541 3134 ibidem
562 3090 702 3153 namque
732 3082 903 3155 postquam
924 3076 1061 3139 Sanetus
1093 3076 1190 3157 ptura
1220 3074 1374 3139 disseruit
1391 3072 1432 3135 de
1451 3087 1541 3150 qus·

419 3170 493 3235 dam
506 3173 634 3237 animae
654 3175 814 3238 humanae
828 3179 1125 3257 contemperatione
1138 3194 1215 3249 oum
1230 3180 1338 3245 terrae
1350 3172 1538 3247 elementis,

419 3272 564 3354 eiusdem
584 3292 601 3335 n
623 3292 763 3355 corpore
783 3283 899 3340 exonia
920 3280 1124 3358 separatione
1155 3278 1217 3355 (de
1237 3294 1304 3355 qno
1332 3290 1396 3335 non
1416 3280 1465 3335 est
1486 3271 1540 3333 di·

420 3375 512 3439 oeudi
533 3375 637 3453 lnous)
654 3377 767 3440 transit
780 3378 819 3439 ad
841 3381 1064 3458 quaestionem
1084 3378 1125 3442 de
1139 3375 1272 3441 interno
1291 3375 1361 3439 site
1374 3373 1415 3435 de
1428 3370 1537 3447 Oreo,

418 3493 458 3539 ao
477 3472 665 3554 Magistrum
681 3487 774 3556 rogat
796 3478 852 3542 nbi
873 3481 913 3541 sit
934 3481 1056 3560 etquid
1077 3480 1128 3543 sit.
1151 3477 1194 3541 Et
1213 3478 1247 3540 in
1268 3477 1330 3538 troo
1349 3470 1539 3553 expenden-

420 3574 475 3650 do,
497 3574 644 3655 Apostoli
679 3577 775 3639 verbu
795 3578 836 3641 ad
860 3576 1080 3660 Philippenses
1099 3580 1193 3652 citat,
1216 3576 1382 3656 iuquiens:
1405 3594 1430 3632 e.
1443 3569 1536 3646 Quid

358 3722 361 3727 -
418 3695 497 3757 ergo
518 3676 622 3741 dicam
643 3676 790 3757 Apostoli
812 3681 1054 3758 requirentibus
1071 3694 1202 3742 sensum
1221 3677 1306 3740 iniis
1326 3674 1441 3737 dietis:
1464 3668 1539 3750 Ipsi

419 3795 508 3841 omns
526 3778 748 3858 peoeflsotetar
767 3778 955 3850 emiastt'um,
976 3779 1191 3852 immeritem,
1210 3787 1239 3839 et
1258 3776 1540 3839 mtnnammm

419 3877 485 3942 sios
504 3876 734 3959 infernorum?
755 3899 771 3937 a

498 3977 535 4041 in
551 3980 662 4060 primis
682 3988 792 4042 autom
810 3979 956 4049 divinum
967 3979 1107 4045 i‘sutum
1129 3978 1285 4042 exaltato
1307 3971 1489 4039 testimonio
1500 3973 1535 4034 in

419 4098 459 4144 eo
478 4097 563 4155 esse,
581 4079 632 4145 uti
648 4100 689 4147 ex
704 4086 874 4154 contextu,
896 4089 996 4161 patet,
1017 4088 1056 4143 ut
1074 4077 1193 4143 Christi
1214 4076 1412 4137 divinitatem
1425 4072 1539 4135 ostoi-

419 4182 466 4245 iat
485 4198 585 4262 supra
606 4190 731 4245 oeteras
753 4192 934 4255 creaturas,
949 4182 1030 4242 adeo
1044 4186 1082 4241 ut
1102 4186 1135 4241 et
1153 4175 1259 4255 anqoii
1279 4183 1313 4237 et
1333 4172 1480 4236 homines
1500 4180 1537 4233 ot

421 4282 516 4347 interi
537 4283 617 4363 (sito
630 4283 803 4347 doemones
822 4282 893 4345 sire
903 4280 1133 4345 doinnotorum
1143 4274 1348 4340 -animassuit
1361 4270 1536 4350 tsooinseri

422 4384 550 4447 nomine
578 4383 727 4465 accipere
748 4382 838 4461 veiis)
873 4388 906 4446 et
927 4382 1029 4444 omnis
1056 4379 1167 4459 linqua
1193 4374 1420 4449 confiteantur,
1453 4370 1537 4449 quio

422 4480 577 4547 [domim
603 4480 694 4547 lesus
718 4478 860 4547 (iduatus
889 4480 926 4544 in
944 4479 1051 4560 piorio
1080 4489 1124 4543 est
1146 4476 1203 4541 oet
1226 4473 1345 4543 Petris.
1372 4472 1475 4539 Sicuti
1499 4480 1535 4534 et
