3375 5567
425 727 593 804 pectamur
605 727 643 785 ut
663 735 680 782 a
702 717 834 784 dieboin
854 735 1059 798 accusemur,
1081 719 1247 786 cecuastio
1266 718 1323 784 itta
1344 718 1427 786 cadit
1447 719 1534 785 uobis

423 821 464 886 ad
486 839 634 904 poenam.
663 817 804 885 Habebit
821 821 908 886 enim
927 825 1032 887 socios
1052 823 1084 885 iu
1106 823 1264 903 gebenna,
1285 840 1371 903 quos
1390 824 1533 887 convice-

424 926 468 988 rit
488 923 659 989 criminum
680 924 796 988 socios.
819 943 836 982 e

504 1026 584 1089 item
605 1025 745 1089 Humilia
762 1025 799 1090 X.
823 1024 859 1088 iu
873 1023 1026 1092 Numeros
1047 1046 1077 1088 n.
1094 1024 1124 1091 t.
1149 1025 1196 1090 De
1216 1045 1256 1091 en
1271 1026 1360 1107 quod
1381 1025 1532 1108 scriptum

423 1137 492 1191 est:
515 1136 543 1190 ct
556 1127 641 1192 dieis
662 1126 816 1190 Domim
835 1130 879 1191 cd
892 1127 1022 1202 darom
1042 1136 1079 1191 trs
1098 1136 1127 1189 ct
1144 1126 1208 1207 ,titt
1224 1126 1286 1202 tei,
1307 1137 1337 1190 ct
1356 1127 1466 1192 mer
1480 1145 1534 1206 pc·

422 1230 481 1294 tris
501 1228 551 1292 tui
577 1237 678 1293 tecam
696 1229 825 1292 sumetis
853 1241 984 1310 peccota
1012 1239 1217 1304 enectorum,
1239 1229 1327 1292 varie
1351 1237 1532 1292 sanctorum

424 1348 540 1412 genera
563 1331 758 1411 distinguens
772 1332 803 1392 in
826 1328 983 1405 Ecctesia,
998 1348 1206 1411 nequaqnam
1227 1339 1355 1394 sanctos
1376 1329 1530 1393 habendos

422 1433 479 1506 eit,
502 1432 611 1512 quiin
633 1435 772 1511 pcccatis
790 1434 858 1496 suis
880 1433 1088 1497 moriuntur:
1116 1453 1134 1493 c
1156 1431 1221 1509 Qui
1241 1433 1344 1496 suncti
1366 1441 1454 1508 aunt,
1475 1448 1530 1510 pro

422 1535 561 1613 peccatis
581 1534 821 1614 poenitudinem
842 1543 978 1614 gerunt,
1003 1535 1138 1599 vulnera
1165 1551 1225 1599 sua
1245 1535 1401 1611 sentiunt,
1423 1533 1532 1597 inteili-

423 1647 502 1715 gont
522 1634 645 1716 iepsns,
669 1637 842 1716 requirunt
855 1637 1069 1712 sacerdotem,
1091 1637 1260 1700 sanitatem
1273 1636 1463 1718 deposcunt,
1476 1653 1528 1716 pu·

423 1737 634 1801 ridentioncm
657 1756 716 1818 per
736 1737 923 1804 Pontidcem
945 1746 1120 1820 quaeruut.
1143 1737 1267 1803 »neue
1287 1737 1479 1814 concludas,
1499 1755 1528 1798 o·

424 1840 508 1901 mnia
530 1842 707 1919 generatim
729 1840 799 1904 tuiti
814 1849 945 1920 peccate
970 1858 1030 1922 per
1051 1840 1284 1906 contessionem
1299 1857 1413 1904 coram
1431 1855 1527 1902 sacer·

423 1941 554 2004 dotibus
574 1943 700 2005 sincere
719 1952 867 2005 exactam
877 1962 888 2023 3
907 1943 1007 2006 vetuti
1024 1949 1133 2022 postea
1151 1940 1300 2028 Synodns
1315 1940 1480 2006 tridentina
1500 1942 1527 2003 io

423 2042 571 2107 &ssione
593 2040 681 2106 XIV.
703 2042 921 2107 confirmavit.

506 2141 738 2208 Verumtamen
753 2144 847 2207 vulda
868 2154 1060 2227 argumento
1074 2147 1354 2222 accommodatur,
1370 2144 1455 2228 qnod
1469 2145 1526 2226 ipse

424 2247 580 2328 Origenes
593 2247 728 2326 exponit
738 2246 771 2308 in
785 2244 927 2311 Humilia
941 2245 965 2310 1.
988 2258 1020 2312 et
1033 2249 1075 2314 li.
1092 2268 1134 2314 cx
1152 2250 1258 2314 serbis
1274 2247 1392 2314 Psstmt
1412 2245 1461 2314 st.
1474 2244 1523 2309 [in

424 2349 507 2412 mine
526 2366 565 2410 oc
583 2346 619 2410 ie
636 2346 748 2426 lurore
767 2354 823 2410 tae
842 2366 964 2429 arguor
985 2367 1053 2414 mc:
1079 2351 1135 2416 nbi
1157 2358 1311 2415 accursta
1331 2351 1371 2414 de
1391 2348 1452 2413 boc
1470 2346 1525 2428 agit

422 2457 637 2522 sacramento,
655 2449 792 2528 ejusque
809 2449 1086 2515 administratione
1107 2469 1207 2533 prope
1229 2451 1318 2515 iliius
1332 2451 1445 2515 aetatis
1463 2467 1526 2514 con·

422 2551 639 2616 suetudinem.
663 2548 722 2614 Ubi
737 2551 892 2615 nimirum
906 2553 1150 2633 ccemoiepemer
1164 2553 1360 2617 delictorum
1375 2555 1469 2616 etism
1482 2567 1527 2613 nc·
1598 2633 1599 2642 ἦ

424 2653 591 2718 cultorum
610 2652 725 2716 statuit
754 2654 998 2716 necessitatem:
1028 2671 1172 2734 qnorum
1204 2653 1272 2717 uita
1305 2653 1429 2734 absque
1448 2649 1526 2716 muli·
1598 2689 1599 2720 ,

424 2758 489 2820 tiae
508 2753 688 2818 differentis
711 2754 837 2816 reniam
859 2771 877 2813 a
897 2750 966 2816 Deo
988 2753 1126 2824 obtineri
1147 2755 1235 2830 dicit,
1258 2753 1398 2835 expietis
1420 2761 1523 2826 tamcm
1598 2819 1599 2850 1

423 2875 510 2937 qnae
527 2864 605 2919 tuuc
618 2852 763 2918 Ecclesia
777 2853 964 2934 postulabat
978 2873 995 2918 a
1009 2855 1258 2935 poenitentibus.
1275 2853 1322 2919 lte
1338 2871 1475 2936 namque
1487 2869 1528 2916 ra·
1598 2921 1599 2928 ,

424 2958 618 3039 pientissime
636 2953 995 3020 exordituriiomiliam
1011 2954 1217 3021 destineatur
1239 2957 1454 3020 bumanorum
1468 2969 1527 3018 eor·
1598 2957 1599 3046 p

425 3075 545 3140 porum
560 3054 648 3120 Deus
670 3055 805 3131 sciebat,
829 3055 918 3136 qnod
944 3055 1017 3118 talia
1041 3065 1125 3118 esset
1150 3053 1308 3136 tregttttes
1323 3056 1452 3120 hnmani
1466 3069 1526 3118 cor·
1598 3049 1599 3126 i

426 3160 527 3242 paris,
543 3175 627 3239 quae
641 3157 815 3236 languores
828 3157 973 3233 diversos
988 3166 1095 3238 posset
1109 3157 1269 3238 recipere,
1284 3163 1317 3220 et
1333 3155 1523 3232 vulneribus,

426 3261 565 3340 aliisque
584 3257 804 3322 debilitatibus
823 3265 909 3322 esset
928 3258 1141 3322 obnoxiaest
1159 3257 1233 3322 ideo
1256 3259 1401 3321 venturis
1422 3254 1525 3337 possin
1598 3251 1599 3308 Ὗ

424 3362 520 3426 nibus
540 3359 725 3442 providens,
748 3360 845 3425 etiam
867 3359 1097 3424 medicamenta
1121 3360 1310 3439 procrearit
1328 3378 1373 3422 ex
1395 3367 1488 3432 terra,
1501 3362 1527 3419 et

426 3462 605 3525 medicinae
619 3459 751 3524 tradidit
763 3459 980 3541 disciplinam,
996 3469 1045 3536 ut,
1060 3461 1087 3523 si
1102 3460 1257 3524 acciderit
1276 3458 1448 3541 aegritudo
1469 3474 1527 3522 eor·

425 3566 512 3645 pori,
529 3581 592 3626 non
605 3562 730 3627 deesset
744 3563 880 3626 medeia.
897 3560 973 3640 Quo
988 3563 1079 3627 nobis
1102 3563 1202 3626 tendit
1216 3565 1276 3626 ista
1290 3562 1450 3642 praedatio
1460 3560 1475 3626 i
1487 3557 1528 3626 tt

426 3666 566 3728 animam
586 3665 654 3727 siue
674 3664 774 3727 dnbio
796 3653 993 3728 revocatur:
1008 3665 1164 3744 qnoniam
1179 3672 1213 3728 et
1233 3668 1334 3745 ipsam
1355 3683 1432 3728 eum
1445 3663 1528 3729 Crar·

428 3774 482 3832 tor
501 3765 647 3830 omnium
667 3765 872 3842 condidisset,
895 3766 1016 3831 sciebat
1037 3764 1124 3847 quod
1148 3766 1260 3831 tuton
1281 3773 1367 3830 esset
1388 3767 1528 3831 vitiorum

427 3883 544 3948 capax,
566 3872 599 3928 et
616 3865 661 3928 ob
683 3866 744 3928 boc
763 3865 891 3929 subdite
914 3875 1012 3946 atque
1034 3865 1209 3930 obuncrata
1233 3866 1383 3947 peccatis.
1598 3873 1599 3924 ξ

507 3965 578 4031 «Et
591 3965 664 4030 ideo
679 3967 775 4030 sicuti
789 3967 920 4047 corpori
934 3967 1168 4031 medicamenta
1182 3967 1392 4047 praepararit
1409 3984 1449 4031 ex
1468 3965 1532 4028 ber·
1598 3969 1599 4020 1

427 4065 477 4131 bis
497 4074 569 4130 arte
589 4075 622 4130 et
641 4066 807 4145 disciplina
836 4069 1043 4149 compositis:
1066 4069 1111 4131 ita
1141 4069 1237 4132 etiam
1258 4066 1385 4131 animae
1406 4065 1530 4130 medior·

429 4176 537 4232 menta
559 4169 768 4251 prosperavit
788 4169 820 4232 io
833 4169 884 4232 hia
904 4169 1120 4244 sermonibus,
1137 4187 1219 4249 quos
1241 4185 1301 4247 per
1321 4165 1532 4232 divinaaScri·

431 4280 545 4351 ptores
563 4255 791 4333 seminarit'ac
811 4269 982 4350 dispersit:
1008 4278 1043 4333 nt
1065 4270 1109 4346 ii,
1131 4271 1187 4349 qui
1209 4269 1318 4350 aliqua
1340 4265 1529 4349 aegritudine

430 4370 554 4435 inerim
573 4371 731 4452 oppressi,
745 4371 854 4434 stetim
877 4379 913 4435 nt
932 4373 997 4434 rim
1012 4371 1117 4436 morbi
1137 4371 1307 4448 senserint,
1325 4378 1423 4452 atqua
1440 4368 1529 4432 aiicu-

428 4471 484 4554 jus
506 4472 651 4537 vulneris
670 4470 841 4536 stimulum
862 4469 1075 4554 doloremque
1096 4472 1342 4554 perspexerint:
1368 4470 1446 4534 idest
1463 4479 1527 4546 cnm
