3375 5567
449 651 511 721 33ss

873 762 1012 830 catut
1034 760 1133 830 XXV.

447 957 577 1034 Quanto
584 963 659 1044 iure
671 963 870 1046 disputetur,
881 967 1063 1048 reprobatus
1076 971 1118 1032 ait
1135 969 1285 1052 Origenes
1299 989 1321 1034 c
1336 966 1493 1050 Theophila
1501 989 1540 1043 ,a

483 1079 510 1126 s.
535 1062 719 1144 Epiphanio
737 1068 869 1144 eliisos,
890 1070 975 1149 guod
993 1088 1156 1134 amaram
1177 1069 1414 1152 scripturorum
1433 1087 1541 1134 muas

489 1163 657 1230 litteralem
681 1170 731 1231 cel
750 1170 930 1248 sustulerit,
945 1173 994 1234 cel
1009 1172 1202 1253 deprecarit.

446 1414 571 1536 Attus
586 1475 779 1555 culpationis
793 1493 895 1556 genus
910 1477 951 1539 ah
971 1477 1166 1542 adversariis
1180 1478 1363 1543 institutum
1385 1483 1432 1540 eat
1445 1482 1541 1538 contra

405 1617 410 1626 ·
447 1572 635 1655 ‚Origenem3
657 1584 691 1639 et
711 1578 774 1649 hoc
793 1587 855 1656 est,
871 1579 958 1659 quud
982 1581 1095 1660 ipsein
1117 1581 1300 1644 divinarum
1314 1578 1543 1659 scriptuarum

447 1674 725 1755 interpretatione,
741 1680 838 1744 aliter
853 1697 950 1761 quam
973 1681 1014 1742 ab
1028 1679 1193 1744 Ecclesiae
1213 1681 1367 1746 Patribus
1380 1677 1541 1742 Bibliornm

445 1791 575 1839 sensnm
595 1778 831 1858 consideratu,
855 1781 953 1855 idest,
970 1781 1017 1843 uti
1040 1780 1114 1844 dicit
1135 1799 1161 1843 s.
1179 1779 1403 1862 Epiphanius:
1419 1799 1436 1836 c
1450 1773 1541 1840 ilisto

447 1875 515 1937 riae
531 1877 699 1941 veritatem
724 1877 903 1960 allegorico
928 1880 1107 1960 depravans
1122 1881 1302 1957 mendacio,
1323 1875 1540 1954 intinitarerba

446 1976 653 2056 multiplicat.
677 1978 753 2043 »Et
773 1979 973 2061 Theophilus
989 1979 1024 2043 ia
1049 1979 1194 2062 Epistula
1212 1980 1364 2045 Pescbuli
1386 1978 1444 2043 lte
1464 1976 1542 2054 Quae

446 2078 543 2152 cuim,
558 2080 683 2156 scribit,
706 2080 800 2146 illum
813 2084 911 2160 ratio,
927 2084 1000 2162 quis
1019 2083 1273 2162 disputationum
1294 2084 1380 2147 ordo
1395 2079 1542 2162 perduxit,

395 2213 401 2223 ·
446 2188 485 2242 ut
501 2180 680 2259 allegoriae
701 2184 837 2261 umbris,
855 2193 887 2250 et
908 2187 1004 2249 cassis
1020 2185 1224 2266 imaginihus,
1237 2184 1481 2265 Scripturarum
1495 2180 1544 2244 tol·

445 2281 531 2345 leret
552 2283 769 2349 veritatemi»
787 2283 867 2350 ltem
889 2305 915 2350 s.
939 2285 1129 2351 Eustathius
1152 2285 1389 2362 Antiochenus,
1403 2303 1428 2348 s.
1448 2281 1544 2346 llicro

445 2400 574 2464 nymus,
597 2385 731 2466 aliique.

526 2482 576 2548 Da
590 2487 650 2550 bac
666 2505 702 2550 ro
716 2488 775 2575 etsi
795 2487 938 2552 fluetius
953 2488 1048 2569 plura
1064 2485 1220 2551 edisserat
1235 2504 1293 2568 pru
1308 2485 1451 2566 Origene
1464 2485 1543 2562 (quae

447 2586 562 2650 lectori
584 2590 862 2667 commendantur)
884 2591 1104 2665 nihilominus,
1127 2597 1163 2652 ut
1186 2597 1311 2652 rectum
1334 2591 1367 2652 ia
1383 2590 1442 2651 hac
1460 2601 1542 2666 quae

445 2689 549 2752 stione
567 2687 728 2768 judicium
750 2689 817 2768 ilat,
838 2694 970 2756 semotis
991 2692 1040 2767 ils,
1063 2708 1144 2771 quas
1166 2690 1381 2754 Adamantius
1403 2691 1464 2752 huc
1477 2686 1543 2750 illue

446 2789 610 2871 inspersit,
630 2794 794 2855 sententiis
821 2793 978 2872 singulari
1000 2800 1192 2872 argumento
1215 2791 1477 2865 accommodatis,
1497 2788 1543 2849 ho·

446 2893 608 2967 minibus,
631 2895 900 2972 circumstantiis,
924 2903 957 2956 et
977 2894 1193 2974 disputatione
1214 2891 1394 2973 praecipue
1413 2888 1542 2972 inspeetis

446 2993 544 3070 (unde
564 2995 741 3075 aliquando
755 3013 884 3060 sensnm
906 2996 1080 3060 litteralem
1100 2995 1265 3075 transegit,
1288 2994 1467 3075 allegorico
1483 3007 1543 3071 pru·

448 3095 536 3171 bato,
559 3107 592 3159 et
613 3116 631 3159 a
652 3099 778 3176 contra)
799 3115 899 3177 quam
922 3099 1062 3160 maxime
1075 3095 1219 3159 studium
1240 3101 1391 3158 nostrum
1406 3112 1445 3157 eo
1462 3094 1544 3154 inteu-

446 3195 588 3261 dendum
610 3205 679 3272 est,
702 3198 757 3260 ubi
779 3199 911 3277 speciali
936 3203 1080 3260 tractatu
1100 3196 1140 3259 de
1161 3195 1275 3259 divinis
1297 3193 1405 3261 Libris
1433 3209 1543 3259 eornm·

447 3315 513 3377 que
529 3317 624 3363 seusu
636 3316 733 3362 snum
754 3299 780 3361 is'
793 3301 902 3379 exegit
917 3316 1009 3380 opus.
1028 3296 1176 3379 Cumque
1196 3300 1306 3380 itaque
1328 3301 1362 3362 iu
1386 3287 1540 3362 Librati.

446 3395 492 3460 be
523 3396 702 3478 Principiis
729 3399 792 3462 hoc
822 3399 1028 3463 elucubrarit
1056 3409 1306 3480 argumentum,
1339 3401 1459 3464 idcirco
1485 3392 1543 3460 inde

449 3507 589 3563 mentem
617 3519 711 3564 suam
731 3501 851 3564 elicere
875 3501 981 3582 iuvat.
1006 3499 1052 3564 lbi
1080 3519 1221 3582 namque
1244 3502 1330 3566 hand
1357 3501 1479 3573 obiter,
1497 3511 1543 3559 nec

448 3599 598 3678 specialia
630 3601 779 3680 dogmata
801 3602 962 3664 sanciendi
994 3618 1091 3664 causa
1113 3601 1298 3682 Scripturas
1319 3603 1399 3666 citat
1409 3621 1421 3679 ;
1441 3599 1491 3665 sed
1510 3615 1541 3658 εἰ

447 3701 594 3779 protesso
614 3708 648 3776 et
667 3710 821 3764 accurate
837 3701 923 3780 leges
945 3701 1043 3763 tradit
1063 3701 1102 3763 de
1117 3698 1297 3765 Bibliornm
1321 3699 1542 3780 interpretatio·

449 3819 501 3877 uc,
524 3803 566 3865 ita
588 3821 619 3863 n.
639 3797 670 3866 8.
691 3802 848 3865 scribens:

529 3925 547 3964 a
570 3902 743 3984 Postquam
768 3902 868 3966 veluti
890 3904 1011 3966 cursim
1032 3901 1241 3982 probavimus
1262 3902 1416 3967 divinitus
1429 3900 1546 3981 inspira·

450 4013 498 4067 tas
518 4023 587 4068 osse
607 4004 792 4086 Scripturas
807 4021 928 4082 sacras,
947 4021 1076 4068 necesse
1090 4011 1150 4079 est,
1165 4011 1204 4066 ut
1223 4019 1337 4066 earnm
1351 4001 1545 4082 legendarum

447 4115 481 4170 et
501 4106 782 4186 intelligendarum
805 4109 961 4169 rationem
985 4112 1231 4187 pertractemus:
1254 4123 1330 4168 cum
1352 4105 1445 4168 multi
1466 4119 1544 4166 erro·

449 4226 502 4272 res
522 4215 556 4271 et
574 4208 684 4289 lapsus
699 4225 740 4272 ex
755 4227 795 4270 cn
809 4211 1013 4290 contigerint,
1031 4207 1117 4288 quod
1136 4207 1219 4270 riam
1235 4205 1331 4270 multi
1350 4223 1413 4269 uon
1431 4207 1544 4266 insane

449 4310 515 4374 mut
533 4316 694 4391 quaesset
714 4312 746 4372 iu
766 4319 875 4374 sancta
890 4310 1028 4374 lectione
1049 4308 1268 4372 insistendum.
1292 4305 1374 4370 Duri
1388 4307 1467 4369 enim
1485 4319 1545 4366 cor·

448 4410 489 4474 de
510 4416 544 4474 et
562 4408 693 4487 idiotae,
708 4411 765 4490 qui
787 4427 806 4473 e
826 4411 1072 4474 circumcisione
1088 4415 1175 4484 suut,
1198 4407 1453 4487 prophetiarum,
1473 4419 1545 4483 quac

451 4511 491 4575 de
511 4509 641 4576 Christo
654 4511 839 4592 loquuntur
860 4511 1030 4576 dictionem
1045 4510 1138 4588 sequi
1151 4527 1186 4572 se
1201 4507 1433 4582 existimantes,
1447 4505 1475 4566 ia
1487 4499 1544 4567 sat-
