3375 5567
435 791 513 856 dnm
529 789 560 850 in
575 788 762 868 gravissima
779 787 863 852 mala
879 787 1084 864 descendant,
1098 787 1194 870 unius
1208 789 1331 868 primus
1351 785 1462 867 gratius
1478 801 1526 848 su·

434 892 565 973 perbis:
582 909 641 971 per
654 909 752 971 quam
773 894 896 971 primus
913 892 1009 954 bomo
1022 891 1151 954 decidit.
1171 888 1211 952 Et
1226 891 1257 952 iu
1278 891 1326 952 bis
1340 887 1525 970 praeclarum

434 994 490 1057 tibi
513 993 688 1056 exhibetur
708 992 896 1071 exemplum
918 1001 950 1056 ei
970 994 1130 1071 expositio
1151 983 1308 1066 ninnium,
1330 1007 1411 1070 quae
1430 988 1528 1050 docuit

429 1095 587 1174 Origenes
606 1095 646 1156 de
667 1096 849 1157 animarum
875 1095 1030 1158 descensu
1048 1105 1081 1156 et
1102 1111 1236 1158 ascensu
1252 1102 1285 1156 ei
1301 1092 1466 1165 similibus,
1480 1091 1526 1151 ad·

436 1216 548 1260 versus
562 1196 659 1268 iliud,
674 1196 761 1276 qnod
783 1196 823 1258 de
843 1198 913 1276 ipso
936 1196 1020 1260 baud
1041 1196 1118 1276 inre
1140 1196 1312 1259 commenti
1326 1203 1399 1259 suot
1419 1202 1528 1256 veteres

430 1318 469 1362 ae
484 1300 679 1362 recentiores
700 1299 787 1361 eirca
806 1299 988 1360 animarum
1010 1317 1027 1360 e
1048 1299 1147 1362 coelis
1168 1296 1368 1378 dejectarum
1384 1295 1530 1359 iabulnsss

432 1402 644 1474 narrationes,
667 1418 750 1478 quas
770 1399 954 1462 omnimode
977 1401 1176 1480 reprobarit.

508 1499 655 1582 Denique
675 1501 715 1563 de
735 1500 894 1581 ejusmodi
918 1503 1046 1564 notione
1067 1500 1228 1581 gradnnm
1250 1499 1482 1565 ascendentium
1501 1505 1528 1560 et

430 1603 714 1679 descendentium,
737 1623 819 1684 quos
840 1605 1051 1683 designarunt
1070 1623 1111 1667 ss.
1142 1603 1334 1668 Benedictus
1354 1611 1390 1666 el
1409 1599 1531 1664 Bernar-

289 1705 296 1722 ‘
430 1705 491 1766 dus
513 1705 615 1767 relate
629 1705 668 1765 ad
692 1707 798 1768 varios
819 1707 851 1767 in
876 1705 936 1768 bac
958 1707 1020 1766 rita
1043 1709 1146 1768 slatus
1167 1707 1292 1767 animae
1313 1705 1471 1766 humanae
1488 1721 1530 1763 er·

429 1822 468 1886 ga
490 1803 608 1878 Deum,
630 1805 796 1869 considera
819 1823 905 1885 qnae
926 1806 1053 1886 scripsit
1073 1804 1230 1886 Origenes
1252 1804 1288 1868 io
1311 1803 1470 1868 Psnimsrn
1487 1799 1529 1868 ἢ

428 1923 460 1968 u.
481 1905 514 1969 2·
536 1904 694 1968 iicoltobo
714 1916 743 1968 te
758 1904 900 1981 Domina,
922 1907 1072 1986 quoniam
1087 1904 1254 1984 suscepisti
1272 1925 1329 1968 ms.
1347 1904 1383 1968 in
1406 1923 1444 1968 eo
1456 1906 1528 1968 enim

428 2007 604 2087 aliqnando
624 1997 703 2071 dicit
723 2008 887 2082 bomiues,
909 2009 1106 2087 quaudoque
1127 2012 1265 2071 animam
1294 2008 1359 2070 iabi
1381 2016 1416 2069 et
1436 2023 1530 2070 resur·

429 2127 527 2188 gere,
549 2110 689 2173 exaltari
711 2118 744 2172 et
764 2108 930 2188 demergi:
956 2130 972 2169 a
996 2109 1045 2172 Ex
1068 2127 1202 2189 persona
1232 2109 1350 2174 Christi
1373 2109 1436 2173 dici
1458 2109 1531 2170 bunc

429 2210 605 2284 Perimam,
628 2230 669 2274 ex
691 2211 740 2272 bis
760 2201 965 2273 manifestum
987 2219 1053 2276 est:
1076 2218 1105 2271 et
1121 2207 1263 2274 'eduxisti
1277 2209 1314 2272 ob
1334 2207 1532 2289 inseroooai-

428 2326 513 2373 nsass
530 2329 640 2374 meum.
666 2311 802 2402 Possunt
821 2312 919 2373 etiem
941 2330 982 2375 ex
1004 2329 1140 2393 persone
1162 2312 1263 2374 sancti
1287 2313 1348 2375 riri
1370 2313 1450 2376 baec
1466 2313 1529 2385 diei,

428 2428 504 2474 cum
526 2411 650 2490 tropice
669 2420 799 2474 sauctus
819 2412 970 2490 quilibet,
993 2429 1059 2492 quo
1083 2421 1227 2491 tempore
1250 2414 1281 2475 in
1303 2423 1438 2494 peccato
1457 2421 1530 2486 arat,

429 2531 489 2576 cen
517 2512 550 2573 iu
570 2512 698 2597 iuierno
728 2512 856 2593 inerit3
879 2525 911 2577 et
940 2515 1013 2576 inde
1033 2531 1051 2575 a
1073 2511 1143 2577 Deo
1164 2513 1303 2578 eductus
1329 2515 1391 2590 sit,
1415 2515 1532 2596 quenda

430 2609 542 2689 Verbi,
558 2613 644 2692 qnod
659 2621 791 2676 secutus
806 2624 867 2690 est,
884 2615 1008 2678 auxilio
1023 2613 1188 2695 perlectus
1199 2618 1312 2678 evasit.
1328 2613 1445 2696 Neque
1458 2617 1530 2679 euin

430 2719 535 2792 potest
554 2713 703 2776 exaltare
732 2711 919 2790 Dominum,
942 2715 1000 2777 nisi
1022 2715 1062 2776 ab
1084 2715 1152 2794 ipso
1174 2713 1311 2777 Domino
1336 2715 1530 2796 suscipiatur.

428 2812 512 2878 Nam
526 2814 656 2894 qnando
671 2815 806 2879 exaltati
820 2831 967 2879 sumusa
986 2823 1071 2880 terra
1089 2817 1119 2877 iu
1140 2816 1243 2879 altum
1258 2817 1380 2879 sublati
1400 2835 1460 2898 per
1471 2835 1533 2880 eru·

428 2933 498 2979 oens
513 2914 633 2979 Cbristi
647 2917 792 2980 dicentisz
808 2935 880 2980 enas
900 2917 1058 2982 enatemus
1071 2917 1173 2996 fuero,
1188 2935 1291 2980 omnes
1304 2919 1429 2980 notan
1441 2920 1483 2981 nd
1494 2935 1533 2980 ors

428 3016 556 3096 ipsam,
578 3020 762 3082 exaltamus
785 3017 976 3094 Dominum,
999 3021 1055 3098 qui
1077 3029 1110 3082 et
1131 3019 1197 3098 ipse
1217 3019 1376 3082 exaltarit
1392 3019 1531 3096 Putrem

384 3194 387 3201 .
428 3127 463 3181 et
482 3129 639 3199 qnantum
661 3121 739 3182 inse
760 3120 835 3195 init,
853 3121 1039 3183 altissimam
1062 3119 1102 3182 ds
1118 3117 1214 3182 Patre
1235 3120 1399 3184 notionem
1412 3121 1533 3183 creden·

429 3219 514 3284 tibus
536 3221 696 3300 praebuit.
712 3217 815 3283 Docet
834 3229 944 3284 antem
959 3219 1116 3300 quosdam
1138 3237 1206 3282 esse
1228 3221 1402 3284 invisibiles
1417 3221 1531 3283 animae

429 3322 589 3384 humanae
610 3324 730 3398 bostes,
752 3326 808 3402 qui
829 3323 970 3386 salutem
992 3341 1010 3382 a
1033 3319 1101 3383 Deo
1116 3321 1280 3396 traditam,
1303 3322 1351 3383 iiii
1366 3323 1530 3396 invideant,

428 3423 476 3486 ilii
497 3425 710 3487 insidienturt
733 3433 765 3489 et
786 3424 901 3486 deinde
921 3424 1107 3498 observent,
1128 3441 1206 3486 uum
1227 3424 1300 3502 quis
1315 3425 1344 3486 ei
1366 3441 1471 3498 error,
1490 3423 1530 3484 la·

428 3541 504 3604 psas
525 3535 584 3588 ant
604 3545 699 3590 casus
719 3527 868 3604 aecidat3
890 3543 1033 3605 quorum
1055 3524 1161 3605 siquid
1184 3526 1372 3604 eontigerit,
1395 3527 1530 3606 protinus

429 3646 491 3691 ceu
519 3627 611 3691 maiia
631 3629 734 3691 laetos
755 3629 845 3692 iiiam
868 3627 1006 3690 irridere
1017 3645 1029 3704 ;
1051 3645 1069 3689 e
1093 3634 1207 3688 contra
1229 3629 1375 3705 graviter
1395 3627 1529 3701 ierre,si

427 3745 498 3790 eam
521 3726 660 3790 viderint
679 3727 795 3790 divinis
816 3727 1041 3808 progressibus
1060 3727 1268 3790 illustratam.
1292 3723 1422 3792 Gratias
1441 3729 1530 3807 igitur

428 3827 496 3892 Deo
517 3831 594 3908 agit,
616 3829 703 3909 qnod
726 3847 788 3892 nou
810 3831 993 3911 permiserit
1015 3829 1159 3892 inimicos
1174 3829 1266 3890 maiis
1286 3830 1358 3909 ejus
1374 3828 1528 3900 delectari,

427 3928 481 3993 sed
500 3931 603 4010 ipsum
619 3933 720 4010 gratia
736 3950 794 3994 sua
810 3949 828 3993 a
842 3932 934 4011 lapsu
949 3931 1101 3994 erexerit.
1122 3927 1151 3992 is
1168 3947 1246 3992 vero
1263 3928 1435 3993 Dominum
1453 3929 1530 3994 ersi·

431 4039 489 4106 tat,
513 4032 569 4110 qni
583 4033 752 4111 praeclare
765 4040 799 4094 et
811 4029 996 4095 sublimiter
1017 4029 1128 4093 delita
1145 4030 1253 4109 seutit;
1269 4047 1309 4093 sc
1330 4028 1400 4094 lieo
1414 4031 1527 4110 dignam

430 4131 516 4213 spnd
543 4150 578 4194 se
598 4133 777 4195 doctrinam
807 4138 927 4194 servat.
951 4130 1030 4194 item
1061 4131 1260 4211 quicumque
1286 4131 1427 4193 eulmen
1449 4147 1528 4194 surm

429 4232 581 4296 omnibns
612 4233 809 4310 virtutibus,
831 4233 1050 4315 prudentique
1071 4250 1110 4296 ac
1133 4233 1267 4313 sepienti
1290 4235 1355 4297 sila
1377 4233 1488 4313 erigit,
1506 4231 1528 4291 is

428 4336 527 4398 simoi
548 4335 673 4399 exaltat
692 4354 780 4413 eum,
803 4337 859 4416 qni
882 4337 913 4398 iu
936 4337 1001 4415 ipsa
1024 4335 1181 4398 rotabitur
1202 4345 1265 4399 etc.
1280 4355 1297 4394 s
1314 4334 1378 4399 iste
1400 4331 1527 4399 mute

432 4446 524 4515 rato3
546 4437 662 4502 deinde
682 4457 810 4503 meeum
833 4439 932 4501 transi
953 4439 1184 4519 adaequantia.

778 4575 1203 4632 ——vwmffl-
