3375 5567
153 802 193 863 sis
207 800 278 864 neii
295 820 353 866 sen
371 799 540 865 doemonis
559 799 703 881 omnibs
717 800 759 862 ab
776 799 923 882 ejusdem
944 797 1064 865 Christi
1085 803 1251 883 extirpan-

152 906 182 964 ds
194 906 250 968 erit
268 921 375 983 reguo.
395 900 438 965 Et
457 901 541 967 iilud
555 920 633 965 saue
652 908 714 978 est,
735 902 777 965 de
792 916 860 983 quo
882 904 927 966 ait
953 902 996 967 ibi
1013 901 1245 969 Adamantius:

150 1003 257 1067 exiiens
274 1004 380 1085 onpeii
399 1012 428 1063 et
451 1000 597 1082 coitipent
617 1020 718 1083 prava
739 1003 890 1083 dogmata
912 1003 953 1066 sb
974 1002 1105 1067 inimico
1127 1006 1251 1071 bomine

152 1106 293 1169 immenso
313 1107 399 1169 bono
413 1104 497 1167 idest
516 1108 643 1168 animae
664 1113 849 1186 superius,
870 1124 929 1169 sen
952 1106 1041 1169 illem
1059 1125 1158 1186 quam
1180 1127 1249 1171 sae·

152 1224 182 1283 pe
200 1216 285 1269 voest
303 1201 427 1277 miae
449 1206 650 1285 nequitiam,
674 1207 781 1269 omnia
803 1206 888 1269 mala
915 1206 946 1269 in
976 1206 1105 1271 bomine
1131 1226 1249 1288 provo·

152 1313 271 1377 erotem,
292 1316 330 1371 ut
350 1310 415 1389 igni
438 1310 661 1391 metaphorice
683 1308 800 1371 tradita
822 1308 1043 1373 comburenda
1066 1310 1096 1371 in
1118 1310 1250 1390 dissipa·

151 1406 261 1479 tionem,
276 1410 406 1486 penitus
422 1412 582 1473 totiantnr
595 1428 613 1470 a
628 1427 690 1472 suo
705 1427 823 1489 regn03
836 1418 869 1471 et
881 1408 1057 1489 implentur
1068 1411 1155 1490 quod
1171 1414 1251 1474 scri·

151 1504 187 1566 bit
203 1507 398 1587 Apostolus:
420 1520 541 1589 oportet
559 1520 664 1573 antem
685 1508 780 1571 iitssm
800 1526 934 1589 repnnre
956 1510 1052 1571 donec
1068 1520 1169 1589 ponas
1188 1528 1252 1573 ons·

150 1604 342 1669 mininicos
362 1609 420 1672 sssd
435 1609 568 1689 pedibus
588 1610 669 1690 ejsss,
685 1626 847 1673 evacuans
867 1627 996 1672 omnem
1019 1610 1249 1689 principatum,

147 1716 173 1768 et
189 1717 398 1786 potestatem,
427 1720 462 1775 et
489 1713 659 1783 virtutem,
682 1719 716 1773 et
737 1712 943 1773 novissimam
968 1729 1071 1791 usqne
1097 1721 1247 1775 mortem.

146 1808 265 1873 beideo
278 1808 317 1873 in
329 1810 457 1875 sensisse
476 1812 544 1894 ejus
565 1830 655 1875 omne
674 1829 759 1891 pense
777 1810 924 1890 flectatur
943 1812 1134 1889 coeternum,
1156 1822 1251 1876 terre-

146 1912 241 1973 strisss
259 1922 289 1973 et
309 1911 534 1994 infernorum,
555 1922 585 1975 et
604 1911 707 1976 omnis
727 1910 841 1992 tinans
861 1914 1045 1993 confitentur
1056 1958 1069 1989 ‚
1089 1915 1167 1995 quio
1189 1914 1251 1977 Do·

146 2009 235 2073 nisus
252 2010 346 2075 lesus
364 2011 509 2077 estesse
527 2013 681 2095 inpiorio
693 2024 738 2076 est
754 2013 812 2076 bei
833 2013 954 2079 Patris.
978 2014 1074 2092 Quod
1096 2034 1172 2079 sane
1194 2016 1250 2079 flet

144 2113 267 2177 muodo
285 2123 362 2194 pust
380 2117 549 2180 bominum
571 2117 674 2180 iatum
695 2134 778 2179 aero
797 2126 897 2196 atquo
919 2118 950 2180 in
972 2117 1033 2181 bus
1055 2135 1181 2193 rerum,
1205 2119 1251 2179 iu·

144 2222 231 2277 stsnte
251 2218 367 2281 mundi
387 2221 572 2298 perignem
593 2219 887 2292 consummatione,
903 2228 936 2281 et
956 2225 1030 2281 aute
1051 2224 1247 2297 postremam

144 2312 247 2381 ludicii
261 2318 362 2380 diem.
386 2317 420 2381 iu
439 2338 505 2399 qua
526 2319 802 2382 consummatione
823 2320 966 2398 nequitia
990 2322 1115 2382 animae
1136 2337 1252 2399 super·

142 2424 210 2491 seis,
229 2419 421 2499 expiabitur
441 2422 639 2500 perignem,
663 2422 784 2483 virtute
804 2420 912 2483 divina
934 2438 1118 2497 accensum,
1138 2431 1172 2484 et
1194 2422 1249 2484 ubi

144 2534 256 2597 segue
274 2519 462 2596 cessabunt,
484 2523 633 2586 iuimicus
652 2522 750 2585 bomo
771 2521 974 2598 destruetur,
994 2532 1032 2585 ut
1051 2540 1163 2585 omues
1182 2524 1251 2586 site

143 2620 220 2696 probi
238 2621 313 2686 sire
334 2622 428 2702 prasi
449 2642 466 2686 o
488 2623 625 2703 putrere
645 2622 887 2703 expergefacti,
918 2625 1195 2687 immortalitatem
1217 2636 1251 2689 et

145 2720 477 2804 incorruptibilitatem
498 2726 530 2787 in
549 2724 669 2790 Christi
691 2743 793 2806 regno
813 2731 1043 2805 assequantur,
1066 2743 1104 2789 ac
1125 2726 1156 2788 iu
1179 2744 1251 2805 per-

144 2831 265 2900 petuum
289 2825 411 2889 sisaut.

205 2923 376 3003 Ceterum,
390 2930 431 3003 si,
453 2938 553 3010 prout
574 2930 630 2993 alii
651 2937 878 3010 praesumunt,
892 2929 1042 3010 Origenis
1065 2930 1163 2993 sorba
1186 2947 1251 2993 nnn

141 3024 172 3085 sd
188 3026 270 3092 iilud
296 3030 438 3093 medium
454 3049 514 3111 pro
531 3032 890 3095 noimaedeioecatioue
905 3031 1095 3095 deierantur
1116 3048 1248 3105 aevum,

143 3145 244 3193 serum
266 3130 311 3192 ad
332 3132 489 3196 ultimum
504 3139 643 3214 tompus,
667 3134 699 3197 in
719 3152 799 3213 qno,
821 3134 916 3215 ajunt
939 3154 981 3197 ex
997 3133 1143 3215 ejusdcm
1167 3131 1252 3195 Scri·

141 3233 228 3307 psoris
248 3244 373 3309 mente,
391 3235 547 3315 reprobos
567 3236 735 3315 suppliciis
758 3236 944 3311 mulctatos,
957 3236 1064 3299 denuo
1080 3239 1111 3297 in
1127 3235 1248 3299 bonum

143 3334 350 3397 restituendos
361 3354 444 3415 esse,
466 3355 528 3398 cur
539 3340 607 3416 ipse
621 3335 780 3416 Origenes
795 3337 910 3400 ibidem
934 3346 1073 3400 testatur
1085 3338 1246 3415 iuquiens,

138 3440 203 3492 tere
217 3432 340 3511 flebunt
359 3433 408 3509 ii,
429 3420 486 3516 p'ssi
505 3455 614 3501 somno
633 3434 793 3516 impediti,
815 3428 958 3501 sentiunt
974 3438 1010 3499 iss
1031 3457 1061 3501 se
1080 3438 1251 3518 suscepisse

140 3530 206 3593 nats·
223 3534 362 3610 seusina,
383 3556 423 3598 ne
442 3536 587 3598 dentibus
604 3540 817 3617 frendescens,
835 3542 972 3602 scientes
994 3542 1117 3618 pariter
1136 3558 1171 3603 se
1192 3540 1251 3603 sii·

140 3636 257 3710 quaudo
280 3656 359 3701 curo
368 3637 466 3718 justis
486 3640 563 3702 luce
583 3640 690 3703 divine
709 3640 869 3703 fruituros
881 3638 899 3704 ‘i
919 3638 992 3705 Nou
1013 3659 1091 3720 crgo
1108 3643 1169 3705 boc
1189 3642 1250 3703 sibi

142 3735 200 3795 snit
219 3736 460 3814 Adamantius,
488 3758 547 3801 nec
569 3740 640 3803 ulto
663 3741 759 3803 modo
789 3742 832 3805 ibi
863 3742 1009 3804 futurem
1039 3742 1169 3822 respicit
1190 3744 1249 3803 im·

141 3836 256 3910 piorum
279 3839 438 3913 salntem,
458 3859 517 3903 nec
539 3843 657 3921 potnit,
680 3844 812 3921 praesia
832 3843 1006 3905 sententia:
1028 3840 1070 3905 ite
1090 3841 1251 3905 maledicti

139 3930 277 4015 {sunem
297 3952 472 4002 ueternum.
495 3938 682 4016 Quinimmo
697 3952 786 4005 retro
805 3962 840 4005 se
860 3944 956 4005 vertit
977 3943 1016 4003 ad
1031 3942 1249 4007 universalem

141 4041 269 4100 sunium
282 4039 315 4101 in
328 4041 511 4120 pristinum,
524 4041 565 4103 do
576 4059 641 4121 qna
650 4042 727 4106 dicit
737 4042 849 4117 lesus,
860 4045 1149 4123 regenerationem,
1163 4042 1248 4122 ejus-

144 4152 196 4212 que
213 4158 366 4217 cansam,
388 4142 547 4205 medianto
567 4144 724 4218 matitise,
739 4154 772 4207 et
786 4146 900 4207 mortis
921 4148 952 4207 iu
969 4143 1152 4208 bominibus
1173 4142 1250 4204 abo·

144 4234 255 4311 titione,
273 4243 403 4323 institia
428 4251 533 4305 tsmeu
553 4262 592 4307 ac
613 4246 773 4324 probitate
793 4248 921 4310 sicutie
942 4256 1053 4311 contra
1077 4245 1247 4323 iniquitute

142 4346 168 4398 et
187 4340 397 4422 improbitate
423 4346 556 4423 proprio
578 4347 675 4406 animi
691 4347 837 4422 ,arbitrio
864 4348 996 4427 patratis
1024 4356 1058 4409 et
1083 4344 1245 4418 excultis,

143 4440 248 4520 tuique
268 4463 389 4507 eornm
409 4445 610 4508 adstantibus
630 4465 669 4509 ac
690 4446 905 4521 manentibus,
923 4447 1023 4510 veluti
1045 4445 1139 4509 docnt
1161 4443 1248 4525 Apo·

143 4543 230 4609 scotos
248 4548 295 4609 od
314 4544 476 4609 Romanos
495 4565 525 4610 c.
551 4545 589 4609 ΙΙ.
611 4545 661 4613 15.
696 4546 761 4625 (issi
782 4550 951 4612 ostendunt
971 4566 1050 4629 opus
1071 4544 1148 4625 lepis
1168 4542 1247 4607 scri-

257 4646 320 4710 Vtsi.
345 4646 374 4711 Ι.
1109 4647 1130 4711 9
