<?xml version="1.0" encoding="UTF-8"?>
<!DOCTYPE html PUBLIC "-//W3C//DTD XHTML 1.0 Transitional//EN"
    "http://www.w3.org/TR/xhtml1/DTD/xhtml1-transitional.dtd">
<html xmlns="http://www.w3.org/1999/xhtml" xml:lang="en" lang="en">
 <head>
  <title>
</title>
<meta http-equiv="Content-Type" content="text/html;charset=utf-8" />
  <meta name='ocr-system' content='tesseract 3.04.00' />
  <meta name='ocr-capabilities' content='ocr_page ocr_carea ocr_par ocr_line ocrx_word'/>
</head>
<body>
  <div class='ocr_page' id='page_1' title='image "./insgregoriinyss02vincgoog/insgregoriinyss02vincgoog_0510.png"; bbox 0 0 3375 5567; ppageno 0'>
   <div class='ocr_carea' id='block_1_1' title="bbox 457 717 1136 888">
    <p class='ocr_par' dir='ltr' id='par_1_1' title="bbox 457 717 1136 888">
     <span class='ocr_line' id='line_1_1' title="bbox 457 717 519 785; baseline 0.032 -2"><span class='ocrx_word' id='word_1_1' title='bbox 457 717 519 785; x_wconf 79' lang='lat'><strong>168</strong></span> 
     </span>
     <span class='ocr_line' id='line_1_2' title="bbox 885 819 1136 888; baseline -0.016 0"><span class='ocrx_word' id='word_1_2' title='bbox 885 819 1025 888; x_wconf 76' lang='lat' dir='ltr'>CAPUT</span> <span class='ocrx_word' id='word_1_3' title='bbox 1047 819 1136 885; x_wconf 88' lang='lat' dir='ltr'><strong>lllll.</strong></span> 
     </span>
    </p>
   </div>
   <div class='ocr_carea' id='block_1_2' title="bbox 453 998 1541 1181">
    <p class='ocr_par' dir='ltr' id='par_1_2' title="bbox 453 998 1541 1181">
     <span class='ocr_line' id='line_1_3' title="bbox 453 998 1541 1085; baseline 0.002 -22"><span class='ocrx_word' id='word_1_4' title='bbox 453 998 530 1063; x_wconf 76' lang='lat' dir='ltr'><strong>Atta</strong></span> <span class='ocrx_word' id='word_1_5' title='bbox 546 1000 766 1067; x_wconf 77' lang='lat' dir='ltr'><strong>discutiuntur</strong></span> <span class='ocrx_word' id='word_1_6' title='bbox 781 999 931 1082; x_wconf 76' lang='lat' dir='ltr'><strong>origenis</strong></span> <span class='ocrx_word' id='word_1_7' title='bbox 951 1001 1193 1076; x_wconf 65' lang='lat' dir='ltr'><strong>testimoninm</strong></span> <span class='ocrx_word' id='word_1_8' title='bbox 1213 1001 1325 1085; x_wconf 81' lang='lat' dir='ltr'><strong>guidus</strong></span> <span class='ocrx_word' id='word_1_9' title='bbox 1343 1001 1541 1084; x_wconf 75' lang='lat' dir='ltr'><strong>ltnptemnn</strong></span> 
     </span>
     <span class='ocr_line' id='line_1_4' title="bbox 491 1101 1116 1181; baseline -0.003 -15"><span class='ocrx_word' id='word_1_10' title='bbox 491 1103 713 1181; x_wconf 70' lang='lat' dir='ltr'><strong>praesumitur</strong></span> <span class='ocrx_word' id='word_1_11' title='bbox 730 1104 883 1168; x_wconf 72' lang='lat' dir='ltr'><strong>adversm</strong></span> <span class='ocrx_word' id='word_1_12' title='bbox 907 1101 963 1167; x_wconf 81' lang='lat' dir='ltr'><strong>liri</strong></span> <span class='ocrx_word' id='word_1_13' title='bbox 985 1103 1116 1168; x_wconf 81' lang='lat' dir='ltr'><strong>Filium.</strong></span> 
     </span>
    </p>
   </div>
   <div class='ocr_carea' id='block_1_3' title="bbox 444 1268 1544 2820">
    <p class='ocr_par' dir='ltr' id='par_1_3' title="bbox 444 1268 1544 2820">
     <span class='ocr_line' id='line_1_5' title="bbox 451 1268 1543 1412; baseline 0.002 -25"><span class='ocrx_word' id='word_1_14' title='bbox 451 1268 552 1392; x_wconf 85' lang='lat' dir='ltr'><strong>Post</strong></span> <span class='ocrx_word' id='word_1_15' title='bbox 572 1329 652 1392; x_wconf 91' lang='lat' dir='ltr'><strong>baec</strong></span> <span class='ocrx_word' id='word_1_16' title='bbox 673 1346 789 1392; x_wconf 90' lang='lat' dir='ltr'><strong>rursus</strong></span> <span class='ocrx_word' id='word_1_17' title='bbox 808 1329 1037 1394; x_wconf 87' lang='lat' dir='ltr'><strong>obtestationes</strong></span> <span class='ocrx_word' id='word_1_18' title='bbox 1052 1347 1224 1412; x_wconf 88' lang='lat' dir='ltr'><strong>pergamus</strong></span> <span class='ocrx_word' id='word_1_19' title='bbox 1241 1327 1472 1412; x_wconf 66' lang='lat' dir='ltr'><strong>investigantes,</strong></span> <span class='ocrx_word' id='word_1_20' title='bbox 1486 1329 1543 1408; x_wconf 80' lang='lat' dir='ltr'><strong>qui·</strong></span> 
     </span>
     <span class='ocr_line' id='line_1_6' title="bbox 450 1429 1543 1520; baseline 0.004 -30"><span class='ocrx_word' id='word_1_21' title='bbox 450 1429 512 1493; x_wconf 92' lang='lat' dir='ltr'><strong>bus</strong></span> <span class='ocrx_word' id='word_1_22' title='bbox 531 1431 670 1495; x_wconf 85' lang='lat' dir='ltr'><strong>invicem</strong></span> <span class='ocrx_word' id='word_1_23' title='bbox 690 1429 926 1496; x_wconf 89' lang='lat' dir='ltr'><strong>contenderunt</strong></span> <span class='ocrx_word' id='word_1_24' title='bbox 949 1431 1096 1520; x_wconf 80' lang='lat' dir='ltr'><strong>Rudinus</strong></span> <span class='ocrx_word' id='word_1_25' title='bbox 1117 1442 1149 1496; x_wconf 89' lang='lat' dir='ltr'><strong>et</strong></span> <span class='ocrx_word' id='word_1_26' title='bbox 1163 1430 1383 1517; x_wconf 76' lang='lat' dir='ltr'><strong>Hieronymus</strong></span> <span class='ocrx_word' id='word_1_27' title='bbox 1403 1433 1481 1495; x_wconf 87' lang='lat' dir='ltr'><strong>circs</strong></span> <span class='ocrx_word' id='word_1_28' title='bbox 1500 1447 1543 1508; x_wconf 88' lang='lat' dir='ltr'><strong>pe·</strong></span> 
     </span>
     <span class='ocr_line' id='line_1_7' title="bbox 451 1530 1544 1614; baseline 0 -20"><span class='ocrx_word' id='word_1_29' title='bbox 451 1530 595 1612; x_wconf 85' lang='lat' dir='ltr'><strong>ricopem</strong></span> <span class='ocrx_word' id='word_1_30' title='bbox 618 1530 705 1594; x_wconf 84' lang='lat' dir='ltr'><strong>Libri</strong></span> <span class='ocrx_word' id='word_1_31' title='bbox 734 1531 760 1596; x_wconf 90' lang='lat'><strong>1.</strong></span> <span class='ocrx_word' id='word_1_32' title='bbox 783 1530 978 1597; x_wconf 79' lang='lat' dir='ltr'><strong>Periereboo</strong></span> <span class='ocrx_word' id='word_1_33' title='bbox 1004 1553 1034 1596; x_wconf 87' lang='lat' dir='ltr'><strong>u.</strong></span> <span class='ocrx_word' id='word_1_34' title='bbox 1059 1532 1084 1597; x_wconf 89' lang='grc' dir='ltr'><strong>Ι.</strong></span> <span class='ocrx_word' id='word_1_35' title='bbox 1107 1552 1138 1596; x_wconf 90' lang='lat' dir='ltr'><strong>u.</strong></span> <span class='ocrx_word' id='word_1_36' title='bbox 1159 1531 1199 1613; x_wconf 85' lang='lat'><strong>83</strong></span> <span class='ocrx_word' id='word_1_37' title='bbox 1222 1551 1322 1614; x_wconf 86' lang='lat' dir='ltr'><strong>quam</strong></span> <span class='ocrx_word' id='word_1_38' title='bbox 1344 1551 1426 1597; x_wconf 91' lang='lat' dir='ltr'><strong>unus</strong></span> <span class='ocrx_word' id='word_1_39' title='bbox 1448 1550 1544 1595; x_wconf 86' lang='lat' dir='ltr'><strong>eorru-</strong></span> 
     </span>
     <span class='ocr_line' id='line_1_8' title="bbox 451 1631 1543 1714; baseline -0.005 -19"><span class='ocrx_word' id='word_1_40' title='bbox 451 1639 540 1712; x_wconf 91' lang='lat' dir='ltr'><strong>ptam</strong></span> <span class='ocrx_word' id='word_1_41' title='bbox 570 1631 783 1711; x_wconf 84' lang='lat' dir='ltr'><strong>ialsatamque</strong></span> <span class='ocrx_word' id='word_1_42' title='bbox 806 1641 913 1709; x_wconf 87' lang='lat' dir='ltr'><strong>tenet,</strong></span> <span class='ocrx_word' id='word_1_43' title='bbox 936 1635 1021 1699; x_wconf 86' lang='lat' dir='ltr'><strong>alter</strong></span> <span class='ocrx_word' id='word_1_44' title='bbox 1049 1634 1222 1714; x_wconf 89' lang='lat' dir='ltr'><strong>genuinum</strong></span> <span class='ocrx_word' id='word_1_45' title='bbox 1244 1631 1395 1714; x_wconf 89' lang='lat' dir='ltr'><strong>Origenis</strong></span> <span class='ocrx_word' id='word_1_46' title='bbox 1422 1639 1543 1713; x_wconf 87' lang='lat' dir='ltr'><strong>partum.</strong></span> 
     </span>
     <span class='ocr_line' id='line_1_9' title="bbox 451 1728 1542 1814; baseline -0.006 -17"><span class='ocrx_word' id='word_1_47' title='bbox 451 1730 482 1797; x_wconf 89' lang='lat' dir='ltr'><strong>S.</strong></span> <span class='ocrx_word' id='word_1_48' title='bbox 499 1728 623 1796; x_wconf 82' lang='lat' dir='ltr'><strong>Ductor</strong></span> <span class='ocrx_word' id='word_1_49' title='bbox 640 1732 796 1796; x_wconf 81' lang='lat' dir='ltr'><strong>adsersus</strong></span> <span class='ocrx_word' id='word_1_50' title='bbox 811 1731 969 1796; x_wconf 82' lang='lat' dir='ltr'><strong>loannem</strong></span> <span class='ocrx_word' id='word_1_51' title='bbox 982 1730 1314 1814; x_wconf 75' lang='lat' dir='ltr'><strong>Hierosolymitanum</strong></span> <span class='ocrx_word' id='word_1_52' title='bbox 1332 1751 1363 1795; x_wconf 90' lang='lat' dir='ltr'><strong>n.</strong></span> <span class='ocrx_word' id='word_1_53' title='bbox 1377 1731 1407 1796; x_wconf 83' lang='grc'><strong>7.</strong></span> <span class='ocrx_word' id='word_1_54' title='bbox 1425 1732 1496 1794; x_wconf 84' lang='lat' dir='ltr'><strong>brec</strong></span> <span class='ocrx_word' id='word_1_55' title='bbox 1511 1747 1542 1790; x_wconf 82' lang='lat' dir='ltr'><strong>er</strong></span> 
     </span>
     <span class='ocr_line' id='line_1_10' title="bbox 448 1830 1542 1913; baseline -0.003 -19"><span class='ocrx_word' id='word_1_56' title='bbox 448 1832 642 1911; x_wconf 69' lang='lat' dir='ltr'><strong>origenianis</strong></span> <span class='ocrx_word' id='word_1_57' title='bbox 661 1832 826 1896; x_wconf 85' lang='lat' dir='ltr'><strong>codicibus</strong></span> <span class='ocrx_word' id='word_1_58' title='bbox 847 1851 881 1895; x_wconf 87' lang='lat' dir='ltr'><strong>se</strong></span> <span class='ocrx_word' id='word_1_59' title='bbox 902 1830 1017 1913; x_wconf 86' lang='lat' dir='ltr'><strong>legisse</strong></span> <span class='ocrx_word' id='word_1_60' title='bbox 1037 1831 1171 1896; x_wconf 82' lang='lat' dir='ltr'><strong>latetur:</strong></span> <span class='ocrx_word' id='word_1_61' title='bbox 1196 1853 1213 1892; x_wconf 82' lang='lat' dir='ltr'><strong>s</strong></span> <span class='ocrx_word' id='word_1_62' title='bbox 1234 1831 1326 1896; x_wconf 89' lang='lat' dir='ltr'><strong>Siout</strong></span> <span class='ocrx_word' id='word_1_63' title='bbox 1347 1833 1430 1895; x_wconf 89' lang='lat' dir='ltr'><strong>euim</strong></span> <span class='ocrx_word' id='word_1_64' title='bbox 1451 1831 1542 1894; x_wconf 85' lang='lat' dir='ltr'><strong>lucon-</strong></span> 
     </span>
     <span class='ocr_line' id='line_1_11' title="bbox 449 1931 1543 2014; baseline -0.001 -21"><span class='ocrx_word' id='word_1_65' title='bbox 449 1949 569 2014; x_wconf 86' lang='lat' dir='ltr'><strong>gruum</strong></span> <span class='ocrx_word' id='word_1_66' title='bbox 590 1941 639 1997; x_wconf 87' lang='lat' dir='ltr'><strong>sat</strong></span> <span class='ocrx_word' id='word_1_67' title='bbox 657 1933 779 2010; x_wconf 84' lang='lat' dir='ltr'><strong>dicere,</strong></span> <span class='ocrx_word' id='word_1_68' title='bbox 801 1933 889 2013; x_wconf 84' lang='lat' dir='ltr'><strong>quod</strong></span> <span class='ocrx_word' id='word_1_69' title='bbox 912 1933 1011 2013; x_wconf 78' lang='lat' dir='ltr'><strong>possit</strong></span> <span class='ocrx_word' id='word_1_70' title='bbox 1031 1931 1134 1996; x_wconf 79' lang='lat' dir='ltr'><strong>Filius</strong></span> <span class='ocrx_word' id='word_1_71' title='bbox 1157 1933 1266 1996; x_wconf 84' lang='lat' dir='ltr'><strong>videre</strong></span> <span class='ocrx_word' id='word_1_72' title='bbox 1282 1932 1429 1998; x_wconf 83' lang='lat' dir='ltr'><strong>Patrem:</strong></span> <span class='ocrx_word' id='word_1_73' title='bbox 1450 1933 1488 1995; x_wconf 90' lang='lat' dir='ltr'><strong>ita</strong></span> <span class='ocrx_word' id='word_1_74' title='bbox 1507 1931 1543 1992; x_wconf 89' lang='lat' dir='ltr'><strong>in·</strong></span> 
     </span>
     <span class='ocr_line' id='line_1_12' title="bbox 447 2032 1543 2117; baseline -0.005 -20"><span class='ocrx_word' id='word_1_75' title='bbox 447 2034 640 2098; x_wconf 74' lang='lat' dir='ltr'><strong>conueniens</strong></span> <span class='ocrx_word' id='word_1_76' title='bbox 661 2041 709 2098; x_wconf 91' lang='lat' dir='ltr'><strong>cst</strong></span> <span class='ocrx_word' id='word_1_77' title='bbox 729 2035 877 2116; x_wconf 86' lang='lat' dir='ltr'><strong>opinari,</strong></span> <span class='ocrx_word' id='word_1_78' title='bbox 900 2034 987 2115; x_wconf 86' lang='lat' dir='ltr'><strong>quod</strong></span> <span class='ocrx_word' id='word_1_79' title='bbox 1009 2034 1148 2117; x_wconf 82' lang='lat' dir='ltr'><strong>Spiritus</strong></span> <span class='ocrx_word' id='word_1_80' title='bbox 1169 2035 1305 2100; x_wconf 83' lang='lat' dir='ltr'><strong>Sanctus</strong></span> <span class='ocrx_word' id='word_1_81' title='bbox 1327 2033 1427 2115; x_wconf 89' lang='lat' dir='ltr'><strong>possit</strong></span> <span class='ocrx_word' id='word_1_82' title='bbox 1450 2032 1543 2094; x_wconf 76' lang='lat' dir='ltr'><strong>nidere</strong></span> 
     </span>
     <span class='ocr_line' id='line_1_13' title="bbox 449 2129 1542 2200; baseline -0.002 -4"><span class='ocrx_word' id='word_1_83' title='bbox 449 2131 581 2199; x_wconf 77' lang='lat' dir='ltr'><strong>Filium.</strong></span> <span class='ocrx_word' id='word_1_84' title='bbox 602 2133 722 2199; x_wconf 79' lang='lat' dir='ltr'><strong>»llaec</strong></span> <span class='ocrx_word' id='word_1_85' title='bbox 743 2134 855 2199; x_wconf 89' lang='lat' dir='ltr'><strong>eadem</strong></span> <span class='ocrx_word' id='word_1_86' title='bbox 879 2136 1036 2200; x_wconf 78' lang='lat' dir='ltr'><strong>adversus</strong></span> <span class='ocrx_word' id='word_1_87' title='bbox 1059 2133 1224 2200; x_wconf 82' lang='lat' dir='ltr'><strong>Rudinum</strong></span> <span class='ocrx_word' id='word_1_88' title='bbox 1239 2135 1270 2196; x_wconf 93' lang='lat' dir='ltr'><strong>in</strong></span> <span class='ocrx_word' id='word_1_89' title='bbox 1285 2133 1386 2198; x_wconf 89' lang='lat' dir='ltr'><strong>Libro</strong></span> <span class='ocrx_word' id='word_1_90' title='bbox 1409 2131 1447 2197; x_wconf 94' lang='lat' dir='ltr'><strong>ll.</strong></span> <span class='ocrx_word' id='word_1_91' title='bbox 1463 2129 1542 2195; x_wconf 77' lang='lat' dir='ltr'><strong>nll-</strong></span> 
     </span>
     <span class='ocr_line' id='line_1_14' title="bbox 448 2235 1542 2319; baseline -0.002 -23"><span class='ocrx_word' id='word_1_92' title='bbox 448 2235 557 2313; x_wconf 90' lang='lat' dir='ltr'><strong>iterat,</strong></span> <span class='ocrx_word' id='word_1_93' title='bbox 579 2236 752 2319; x_wconf 88' lang='lat' dir='ltr'><strong>Origeuem</strong></span> <span class='ocrx_word' id='word_1_94' title='bbox 773 2236 955 2318; x_wconf 78' lang='lat' dir='ltr'><strong>increpans,</strong></span> <span class='ocrx_word' id='word_1_95' title='bbox 975 2236 1085 2318; x_wconf 80' lang='lat' dir='ltr'><strong>lingon</strong></span> <span class='ocrx_word' id='word_1_96' title='bbox 1106 2236 1263 2317; x_wconf 87' lang='lat' dir='ltr'><strong>sacrilega</strong></span> <span class='ocrx_word' id='word_1_97' title='bbox 1285 2237 1542 2314; x_wconf 76' lang='lat' dir='ltr'><strong>blasphemantem</strong></span> 
     </span>
     <span class='ocr_line' id='line_1_15' title="bbox 447 2332 1541 2417; baseline -0.004 -19"><span class='ocrx_word' id='word_1_98' title='bbox 447 2336 531 2417; x_wconf 78' lang='lat' dir='ltr'><strong>quod</strong></span> <span class='ocrx_word' id='word_1_99' title='bbox 541 2333 649 2398; x_wconf 82' lang='lat' dir='ltr'><strong>Filius</strong></span> <span class='ocrx_word' id='word_1_100' title='bbox 663 2335 792 2400; x_wconf 87' lang='lat' dir='ltr'><strong>Putrem</strong></span> <span class='ocrx_word' id='word_1_101' title='bbox 803 2354 869 2399; x_wconf 79' lang='lat' dir='ltr'><strong>noa</strong></span> <span class='ocrx_word' id='word_1_102' title='bbox 884 2334 999 2400; x_wconf 84' lang='lat' dir='ltr'><strong>uideat.</strong></span> <span class='ocrx_word' id='word_1_103' title='bbox 1018 2334 1264 2412; x_wconf 78' lang='lat' dir='ltr'><strong>Verumtamen,</strong></span> <span class='ocrx_word' id='word_1_104' title='bbox 1274 2335 1373 2398; x_wconf 87' lang='lat' dir='ltr'><strong>sicuti</strong></span> <span class='ocrx_word' id='word_1_105' title='bbox 1387 2337 1418 2397; x_wconf 92' lang='lat' dir='ltr'><strong>in</strong></span> <span class='ocrx_word' id='word_1_106' title='bbox 1433 2332 1541 2414; x_wconf 80' lang='lat' dir='ltr'><strong>prusia·</strong></span> 
     </span>
     <span class='ocr_line' id='line_1_16' title="bbox 447 2434 1542 2519; baseline -0.005 -21"><span class='ocrx_word' id='word_1_107' title='bbox 447 2435 499 2513; x_wconf 91' lang='lat' dir='ltr'><strong>tis,</strong></span> <span class='ocrx_word' id='word_1_108' title='bbox 521 2442 692 2500; x_wconf 83' lang='lat' dir='ltr'><strong>contextus</strong></span> <span class='ocrx_word' id='word_1_109' title='bbox 704 2437 746 2500; x_wconf 87' lang='lat' dir='ltr'><strong>sit</strong></span> <span class='ocrx_word' id='word_1_110' title='bbox 766 2454 880 2500; x_wconf 88' lang='lat' dir='ltr'><strong>norma</strong></span> <span class='ocrx_word' id='word_1_111' title='bbox 898 2438 1084 2519; x_wconf 87' lang='lat' dir='ltr'><strong>principalis</strong></span> <span class='ocrx_word' id='word_1_112' title='bbox 1104 2436 1319 2501; x_wconf 85' lang='lat' dir='ltr'><strong>discussionis.</strong></span> <span class='ocrx_word' id='word_1_113' title='bbox 1341 2436 1460 2500; x_wconf 80' lang='lat' dir='ltr'><strong>ibidem</strong></span> <span class='ocrx_word' id='word_1_114' title='bbox 1473 2434 1542 2497; x_wconf 88' lang='lat' dir='ltr'><strong>euim</strong></span> 
     </span>
     <span class='ocr_line' id='line_1_17' title="bbox 445 2533 1543 2617; baseline -0.003 -19"><span class='ocrx_word' id='word_1_115' title='bbox 445 2533 595 2616; x_wconf 86' lang='lat' dir='ltr'><strong>Origeuis</strong></span> <span class='ocrx_word' id='word_1_116' title='bbox 624 2543 852 2617; x_wconf 88' lang='lat' dir='ltr'><strong>argumentum</strong></span> <span class='ocrx_word' id='word_1_117' title='bbox 882 2544 1031 2602; x_wconf 79' lang='lat' dir='ltr'><strong>versatur</strong></span> <span class='ocrx_word' id='word_1_118' title='bbox 1059 2538 1099 2601; x_wconf 91' lang='lat' dir='ltr'><strong>de</strong></span> <span class='ocrx_word' id='word_1_119' title='bbox 1123 2537 1345 2600; x_wconf 82' lang='lat' dir='ltr'><strong>invisibilitate</strong></span> <span class='ocrx_word' id='word_1_120' title='bbox 1371 2536 1450 2612; x_wconf 80' lang='lat' dir='ltr'><strong>Dei,</strong></span> <span class='ocrx_word' id='word_1_121' title='bbox 1471 2551 1543 2598; x_wconf 86' lang='lat' dir='ltr'><strong>sum·</strong></span> 
     </span>
     <span class='ocr_line' id='line_1_18' title="bbox 445 2637 1544 2721; baseline -0.002 -22"><span class='ocrx_word' id='word_1_122' title='bbox 445 2643 502 2717; x_wconf 91' lang='lat' dir='ltr'><strong>pto</strong></span> <span class='ocrx_word' id='word_1_123' title='bbox 524 2638 664 2702; x_wconf 85' lang='lat' dir='ltr'><strong>themate</strong></span> <span class='ocrx_word' id='word_1_124' title='bbox 693 2659 736 2702; x_wconf 82' lang='lat' dir='ltr'><strong>ex</strong></span> <span class='ocrx_word' id='word_1_125' title='bbox 759 2640 865 2704; x_wconf 81' lang='lat' dir='ltr'><strong>verbis</strong></span> <span class='ocrx_word' id='word_1_126' title='bbox 885 2638 1134 2721; x_wconf 80' lang='lat' dir='ltr'><strong>Evangelistaer</strong></span> <span class='ocrx_word' id='word_1_127' title='bbox 1161 2637 1259 2702; x_wconf 81' lang='lat' dir='ltr'><strong>Deum</strong></span> <span class='ocrx_word' id='word_1_128' title='bbox 1279 2656 1371 2702; x_wconf 79' lang='lat' dir='ltr'><strong>nemo</strong></span> <span class='ocrx_word' id='word_1_129' title='bbox 1401 2637 1479 2702; x_wconf 84' lang='lat' dir='ltr'><strong>cidit</strong></span> <span class='ocrx_word' id='word_1_130' title='bbox 1495 2654 1544 2698; x_wconf 82' lang='lat' dir='ltr'><strong>sa·</strong></span> 
     </span>
     <span class='ocr_line' id='line_1_19' title="bbox 444 2739 1544 2820; baseline -0.003 -19"><span class='ocrx_word' id='word_1_131' title='bbox 444 2757 553 2818; x_wconf 80' lang='lat' dir='ltr'><strong>geom,</strong></span> <span class='ocrx_word' id='word_1_132' title='bbox 576 2741 743 2805; x_wconf 81' lang='lat' dir='ltr'><strong>manifeste</strong></span> <span class='ocrx_word' id='word_1_133' title='bbox 764 2739 976 2805; x_wconf 83' lang='lat' dir='ltr'><strong>declarantis:</strong></span> <span class='ocrx_word' id='word_1_134' title='bbox 1000 2761 1017 2800; x_wconf 83' lang='lat' dir='ltr'><strong>u</strong></span> <span class='ocrx_word' id='word_1_135' title='bbox 1038 2741 1186 2805; x_wconf 86' lang='lat' dir='ltr'><strong>omnibus</strong></span> <span class='ocrx_word' id='word_1_136' title='bbox 1208 2742 1264 2820; x_wconf 89' lang='lat' dir='ltr'><strong>qui</strong></span> <span class='ocrx_word' id='word_1_137' title='bbox 1287 2739 1467 2820; x_wconf 88' lang='lat' dir='ltr'><strong>intelligere</strong></span> <span class='ocrx_word' id='word_1_138' title='bbox 1485 2752 1544 2818; x_wconf 88' lang='lat' dir='ltr'><strong>pos·</strong></span> 
     </span>
    </p>
   </div>
   <div class='ocr_carea' id='block_1_4' title="bbox 445 2835 1590 2921">
    <p class='ocr_par' dir='ltr' id='par_1_4' title="bbox 445 2835 1590 2921">
     <span class='ocr_line' id='line_1_20' title="bbox 445 2835 1590 2921; baseline -0.008 -17"><span class='ocrx_word' id='word_1_139' title='bbox 445 2845 534 2915; x_wconf 79' lang='lat' dir='ltr'><strong>aunt,</strong></span> <span class='ocrx_word' id='word_1_140' title='bbox 557 2841 632 2921; x_wconf 82' lang='lat' dir='ltr'><strong>quie</strong></span> <span class='ocrx_word' id='word_1_141' title='bbox 654 2843 744 2906; x_wconf 89' lang='lat' dir='ltr'><strong>nulla</strong></span> <span class='ocrx_word' id='word_1_142' title='bbox 767 2850 884 2905; x_wconf 87' lang='lat' dir='ltr'><strong>nutura</strong></span> <span class='ocrx_word' id='word_1_143' title='bbox 906 2850 967 2916; x_wconf 81' lang='lat' dir='ltr'><strong>est,</strong></span> <span class='ocrx_word' id='word_1_144' title='bbox 983 2843 1036 2907; x_wconf 89' lang='lat' dir='ltr'><strong>cui</strong></span> <span class='ocrx_word' id='word_1_145' title='bbox 1060 2841 1193 2905; x_wconf 78' lang='lat' dir='ltr'><strong>visibilis</strong></span> <span class='ocrx_word' id='word_1_146' title='bbox 1206 2841 1248 2904; x_wconf 90' lang='lat' dir='ltr'><strong>sit</strong></span> <span class='ocrx_word' id='word_1_147' title='bbox 1268 2837 1371 2904; x_wconf 83' lang='lat' dir='ltr'><strong>Deus:</strong></span> <span class='ocrx_word' id='word_1_148' title='bbox 1387 2858 1449 2904; x_wconf 91' lang='lat' dir='ltr'><strong>non</strong></span> <span class='ocrx_word' id='word_1_149' title='bbox 1468 2835 1545 2917; x_wconf 82' lang='lat' dir='ltr'><strong>quasi</strong></span> <span class='ocrx_word' id='word_1_150' title='bbox 1587 2849 1590 2860; x_wconf 93' lang='lat'><em>·</em></span> 
     </span>
    </p>
   </div>
   <div class='ocr_carea' id='block_1_5' title="bbox 442 2941 1548 4640">
    <p class='ocr_par' dir='ltr' id='par_1_5' title="bbox 442 2941 1548 4640">
     <span class='ocr_line' id='line_1_21' title="bbox 446 2941 1545 3025; baseline -0.003 -21"><span class='ocrx_word' id='word_1_151' title='bbox 446 2941 505 3019; x_wconf 83' lang='lat' dir='ltr'><strong>qui</strong></span> <span class='ocrx_word' id='word_1_152' title='bbox 522 2943 654 3008; x_wconf 84' lang='lat' dir='ltr'><strong>visibilis</strong></span> <span class='ocrx_word' id='word_1_153' title='bbox 668 2945 709 3008; x_wconf 89' lang='lat' dir='ltr'><strong>sit</strong></span> <span class='ocrx_word' id='word_1_154' title='bbox 723 2944 856 3025; x_wconf 86' lang='lat' dir='ltr'><strong>quidem</strong></span> <span class='ocrx_word' id='word_1_155' title='bbox 877 2962 936 3024; x_wconf 89' lang='lat' dir='ltr'><strong>per</strong></span> <span class='ocrx_word' id='word_1_156' title='bbox 949 2951 1112 3019; x_wconf 87' lang='lat' dir='ltr'><strong>naturam,</strong></span> <span class='ocrx_word' id='word_1_157' title='bbox 1128 2950 1162 3006; x_wconf 92' lang='lat' dir='ltr'><strong>ct</strong></span> <span class='ocrx_word' id='word_1_158' title='bbox 1178 2941 1267 3006; x_wconf 84' lang='lat' dir='ltr'><strong>velut</strong></span> <span class='ocrx_word' id='word_1_159' title='bbox 1281 2941 1457 3022; x_wconf 87' lang='lat' dir='ltr'><strong>iragilioris</strong></span> <span class='ocrx_word' id='word_1_160' title='bbox 1470 2953 1545 3002; x_wconf 85' lang='lat' dir='ltr'><strong>ores·</strong></span> 
     </span>
     <span class='ocr_line' id='line_1_22' title="bbox 446 3043 1545 3127; baseline -0.001 -23"><span class='ocrx_word' id='word_1_161' title='bbox 446 3051 541 3107; x_wconf 90' lang='lat' dir='ltr'><strong>turae</strong></span> <span class='ocrx_word' id='word_1_162' title='bbox 561 3046 678 3109; x_wconf 81' lang='lat' dir='ltr'><strong>evadat</strong></span> <span class='ocrx_word' id='word_1_163' title='bbox 698 3057 796 3127; x_wconf 82' lang='lat' dir='ltr'><strong>atque</strong></span> <span class='ocrx_word' id='word_1_164' title='bbox 817 3046 954 3110; x_wconf 80' lang='lat' dir='ltr'><strong>excedat</strong></span> <span class='ocrx_word' id='word_1_165' title='bbox 975 3053 1153 3126; x_wconf 83' lang='lat' dir='ltr'><strong>aspectum3</strong></span> <span class='ocrx_word' id='word_1_166' title='bbox 1175 3043 1230 3108; x_wconf 89' lang='lat' dir='ltr'><strong>sed</strong></span> <span class='ocrx_word' id='word_1_167' title='bbox 1252 3045 1409 3126; x_wconf 88' lang='lat' dir='ltr'><strong>qnoniam</strong></span> <span class='ocrx_word' id='word_1_168' title='bbox 1430 3051 1545 3106; x_wconf 83' lang='lat' dir='ltr'><strong>naturu-</strong></span> 
     </span>
     <span class='ocr_line' id='line_1_23' title="bbox 445 3141 1544 3228; baseline -0.005 -23"><span class='ocrx_word' id='word_1_169' title='bbox 445 3143 523 3208; x_wconf 89' lang='lat' dir='ltr'><strong>liter</strong></span> <span class='ocrx_word' id='word_1_170' title='bbox 538 3144 638 3210; x_wconf 82' lang='lat' dir='ltr'><strong>videri</strong></span> <span class='ocrx_word' id='word_1_171' title='bbox 657 3148 853 3228; x_wconf 88' lang='lat' dir='ltr'><strong>impossibile</strong></span> <span class='ocrx_word' id='word_1_172' title='bbox 874 3156 931 3211; x_wconf 87' lang='lat' dir='ltr'><strong>est.</strong></span> <span class='ocrx_word' id='word_1_173' title='bbox 951 3145 1046 3224; x_wconf 88' lang='lat' dir='ltr'><strong>Quod</strong></span> <span class='ocrx_word' id='word_1_174' title='bbox 1068 3147 1094 3210; x_wconf 89' lang='lat' dir='ltr'><strong>si</strong></span> <span class='ocrx_word' id='word_1_175' title='bbox 1111 3147 1259 3227; x_wconf 89' lang='lat' dir='ltr'><strong>requiras</strong></span> <span class='ocrx_word' id='word_1_176' title='bbox 1273 3164 1291 3209; x_wconf 88' lang='lat' dir='ltr'><strong>a</strong></span> <span class='ocrx_word' id='word_1_177' title='bbox 1306 3163 1360 3209; x_wconf 88' lang='lat' dir='ltr'><strong>me</strong></span> <span class='ocrx_word' id='word_1_178' title='bbox 1373 3143 1450 3225; x_wconf 84' lang='lat' dir='ltr'><strong>guid</strong></span> <span class='ocrx_word' id='word_1_179' title='bbox 1463 3141 1544 3205; x_wconf 88' lang='lat' dir='ltr'><strong>etiam</strong></span> 
     </span>
     <span class='ocr_line' id='line_1_24' title="bbox 443 3243 1545 3329; baseline -0.006 -22"><span class='ocrx_word' id='word_1_180' title='bbox 443 3245 484 3308; x_wconf 89' lang='lat' dir='ltr'><strong>de</strong></span> <span class='ocrx_word' id='word_1_181' title='bbox 505 3247 573 3327; x_wconf 92' lang='lat' dir='ltr'><strong>ipso</strong></span> <span class='ocrx_word' id='word_1_182' title='bbox 594 3244 763 3328; x_wconf 84' lang='lat' dir='ltr'><strong>Unigenito</strong></span> <span class='ocrx_word' id='word_1_183' title='bbox 783 3249 930 3325; x_wconf 88' lang='lat' dir='ltr'><strong>seutiam,</strong></span> <span class='ocrx_word' id='word_1_184' title='bbox 949 3247 977 3311; x_wconf 84' lang='lat' dir='ltr'><strong>si</strong></span> <span class='ocrx_word' id='word_1_185' title='bbox 996 3267 1035 3310; x_wconf 82' lang='lat' dir='ltr'><strong>ne</strong></span> <span class='ocrx_word' id='word_1_186' title='bbox 1055 3245 1118 3329; x_wconf 87' lang='lat' dir='ltr'><strong>ipsi</strong></span> <span class='ocrx_word' id='word_1_187' title='bbox 1138 3246 1263 3328; x_wconf 82' lang='lat' dir='ltr'><strong>quidem</strong></span> <span class='ocrx_word' id='word_1_188' title='bbox 1283 3245 1442 3310; x_wconf 77' lang='lat' dir='ltr'><strong>visibilem</strong></span> <span class='ocrx_word' id='word_1_189' title='bbox 1454 3243 1545 3307; x_wconf 84' lang='lat' dir='ltr'><strong>dicun</strong></span> 
     </span>
     <span class='ocr_line' id='line_1_25' title="bbox 446 3343 1546 3427; baseline -0.002 -22"><span class='ocrx_word' id='word_1_190' title='bbox 446 3354 599 3409; x_wconf 79' lang='lat' dir='ltr'><strong>notorem</strong></span> <span class='ocrx_word' id='word_1_191' title='bbox 621 3345 688 3423; x_wconf 83' lang='lat' dir='ltr'><strong>ilci,</strong></span> <span class='ocrx_word' id='word_1_192' title='bbox 711 3366 797 3427; x_wconf 88' lang='lat' dir='ltr'><strong>quae</strong></span> <span class='ocrx_word' id='word_1_193' title='bbox 817 3348 1013 3412; x_wconf 80' lang='lat' dir='ltr'><strong>naturaliter</strong></span> <span class='ocrx_word' id='word_1_194' title='bbox 1033 3349 1200 3413; x_wconf 79' lang='lat' dir='ltr'><strong>invisibilis</strong></span> <span class='ocrx_word' id='word_1_195' title='bbox 1221 3355 1290 3423; x_wconf 84' lang='lat' dir='ltr'><strong>est,</strong></span> <span class='ocrx_word' id='word_1_196' title='bbox 1314 3367 1355 3411; x_wconf 90' lang='lat' dir='ltr'><strong>ne</strong></span> <span class='ocrx_word' id='word_1_197' title='bbox 1379 3347 1434 3412; x_wconf 88' lang='lat' dir='ltr'><strong>tibi</strong></span> <span class='ocrx_word' id='word_1_198' title='bbox 1453 3343 1546 3410; x_wconf 87' lang='lat' dir='ltr'><strong>statim</strong></span> 
     </span>
     <span class='ocr_line' id='line_1_26' title="bbox 447 3447 1546 3528; baseline 0 -20"><span class='ocrx_word' id='word_1_199' title='bbox 447 3447 498 3509; x_wconf 86' lang='lat' dir='ltr'><strong>rel</strong></span> <span class='ocrx_word' id='word_1_200' title='bbox 519 3449 652 3528; x_wconf 90' lang='lat' dir='ltr'><strong>impium</strong></span> <span class='ocrx_word' id='word_1_201' title='bbox 677 3449 824 3513; x_wconf 84' lang='lat' dir='ltr'><strong>videatur</strong></span> <span class='ocrx_word' id='word_1_202' title='bbox 845 3469 936 3525; x_wconf 87' lang='lat' dir='ltr'><strong>esse,</strong></span> <span class='ocrx_word' id='word_1_203' title='bbox 962 3449 1013 3512; x_wconf 81' lang='lat' dir='ltr'><strong>rel</strong></span> <span class='ocrx_word' id='word_1_204' title='bbox 1034 3449 1237 3513; x_wconf 78' lang='lat' dir='ltr'><strong>absurdum:</strong></span> <span class='ocrx_word' id='word_1_205' title='bbox 1261 3452 1421 3513; x_wconf 87' lang='lat' dir='ltr'><strong>rationem</strong></span> <span class='ocrx_word' id='word_1_206' title='bbox 1442 3448 1546 3528; x_wconf 86' lang='lat' dir='ltr'><strong>quippe</strong></span> 
     </span>
     <span class='ocr_line' id='line_1_27' title="bbox 446 3541 1547 3630; baseline 0.005 -24"><span class='ocrx_word' id='word_1_207' title='bbox 446 3544 593 3610; x_wconf 75' lang='lat' dir='ltr'><strong>dabimus</strong></span> <span class='ocrx_word' id='word_1_208' title='bbox 607 3556 851 3629; x_wconf 84' lang='lat' dir='ltr'><strong>consequenter.</strong></span> <span class='ocrx_word' id='word_1_209' title='bbox 865 3548 963 3612; x_wconf 76' lang='lat' dir='ltr'><strong>Aliud</strong></span> <span class='ocrx_word' id='word_1_210' title='bbox 976 3557 1024 3612; x_wconf 86' lang='lat' dir='ltr'><strong>est</strong></span> <span class='ocrx_word' id='word_1_211' title='bbox 1039 3550 1161 3626; x_wconf 86' lang='lat' dir='ltr'><strong>ridere,</strong></span> <span class='ocrx_word' id='word_1_212' title='bbox 1177 3551 1265 3614; x_wconf 90' lang='lat' dir='ltr'><strong>aliud</strong></span> <span class='ocrx_word' id='word_1_213' title='bbox 1281 3567 1486 3630; x_wconf 84' lang='lat' dir='ltr'><strong>cognoscere.</strong></span> <span class='ocrx_word' id='word_1_214' title='bbox 1503 3541 1547 3604; x_wconf 82' lang='lat' dir='ltr'><strong>Vl·</strong></span> 
     </span>
     <span class='ocr_line' id='line_1_28' title="bbox 444 3645 1547 3732; baseline -0.001 -25"><span class='ocrx_word' id='word_1_215' title='bbox 444 3645 515 3708; x_wconf 90' lang='lat' dir='ltr'><strong>deri</strong></span> <span class='ocrx_word' id='word_1_216' title='bbox 538 3655 570 3710; x_wconf 87' lang='lat' dir='ltr'><strong>et</strong></span> <span class='ocrx_word' id='word_1_217' title='bbox 593 3649 703 3714; x_wconf 78' lang='lat' dir='ltr'><strong>uidere</strong></span> <span class='ocrx_word' id='word_1_218' title='bbox 723 3669 901 3729; x_wconf 87' lang='lat' dir='ltr'><strong>corporum</strong></span> <span class='ocrx_word' id='word_1_219' title='bbox 918 3669 969 3714; x_wconf 90' lang='lat' dir='ltr'><strong>res</strong></span> <span class='ocrx_word' id='word_1_220' title='bbox 990 3657 1038 3714; x_wconf 87' lang='lat' dir='ltr'><strong>est</strong></span> <span class='ocrx_word' id='word_1_221' title='bbox 1053 3673 1061 3713; x_wconf 73' lang='grc' dir='ltr'>ι</span> <span class='ocrx_word' id='word_1_222' title='bbox 1078 3652 1228 3732; x_wconf 89' lang='lat' dir='ltr'><strong>cognosci</strong></span> <span class='ocrx_word' id='word_1_223' title='bbox 1244 3659 1276 3715; x_wconf 92' lang='lat' dir='ltr'><strong>et</strong></span> <span class='ocrx_word' id='word_1_224' title='bbox 1297 3667 1491 3732; x_wconf 84' lang='lat' dir='ltr'><strong>cognoscere</strong></span> <span class='ocrx_word' id='word_1_225' title='bbox 1509 3649 1547 3708; x_wconf 88' lang='lat' dir='ltr'><strong>iu·</strong></span> 
     </span>
     <span class='ocr_line' id='line_1_29' title="bbox 445 3745 1545 3833; baseline 0.002 -25"><span class='ocrx_word' id='word_1_226' title='bbox 445 3745 639 3812; x_wconf 86' lang='lat' dir='ltr'><strong>tellectualis</strong></span> <span class='ocrx_word' id='word_1_227' title='bbox 661 3757 798 3814; x_wconf 89' lang='lat' dir='ltr'><strong>naturae</strong></span> <span class='ocrx_word' id='word_1_228' title='bbox 819 3759 878 3815; x_wconf 86' lang='lat' dir='ltr'><strong>est.</strong></span> <span class='ocrx_word' id='word_1_229' title='bbox 899 3750 1064 3831; x_wconf 87' lang='lat' dir='ltr'><strong>Quidquid</strong></span> <span class='ocrx_word' id='word_1_230' title='bbox 1087 3771 1165 3832; x_wconf 89' lang='lat' dir='ltr'><strong>ergo</strong></span> <span class='ocrx_word' id='word_1_231' title='bbox 1187 3755 1360 3833; x_wconf 88' lang='lat' dir='ltr'><strong>proprium</strong></span> <span class='ocrx_word' id='word_1_232' title='bbox 1382 3762 1545 3832; x_wconf 85' lang='lat' dir='ltr'><strong>corporum</strong></span> 
     </span>
     <span class='ocr_line' id='line_1_30' title="bbox 446 3849 1415 3930; baseline 0.004 -20"><span class='ocrx_word' id='word_1_233' title='bbox 446 3855 506 3923; x_wconf 87' lang='lat' dir='ltr'><strong>sat,</strong></span> <span class='ocrx_word' id='word_1_234' title='bbox 529 3849 592 3914; x_wconf 90' lang='lat' dir='ltr'><strong>boc</strong></span> <span class='ocrx_word' id='word_1_235' title='bbox 612 3869 671 3914; x_wconf 89' lang='lat' dir='ltr'><strong>nee</strong></span> <span class='ocrx_word' id='word_1_236' title='bbox 692 3851 731 3915; x_wconf 89' lang='lat' dir='ltr'><strong>de</strong></span> <span class='ocrx_word' id='word_1_237' title='bbox 754 3850 849 3917; x_wconf 83' lang='lat' dir='ltr'><strong>Patre</strong></span> <span class='ocrx_word' id='word_1_238' title='bbox 870 3863 931 3930; x_wconf 87' lang='lat' dir='ltr'><strong>est,</strong></span> <span class='ocrx_word' id='word_1_239' title='bbox 954 3872 1012 3918; x_wconf 89' lang='lat' dir='ltr'><strong>nec</strong></span> <span class='ocrx_word' id='word_1_240' title='bbox 1033 3853 1073 3916; x_wconf 92' lang='lat' dir='ltr'><strong>de</strong></span> <span class='ocrx_word' id='word_1_241' title='bbox 1096 3851 1179 3917; x_wconf 77' lang='lat' dir='ltr'><strong>Filio</strong></span> <span class='ocrx_word' id='word_1_242' title='bbox 1199 3853 1415 3917; x_wconf 87' lang='lat' dir='ltr'><strong>sentiendum.</strong></span> 
     </span>
     <span class='ocr_line' id='line_1_31' title="bbox 526 3947 1548 4036; baseline 0.001 -28"><span class='ocrx_word' id='word_1_243' title='bbox 526 3947 654 4025; x_wconf 82' lang='lat' dir='ltr'><strong>«Quod</strong></span> <span class='ocrx_word' id='word_1_244' title='bbox 672 3970 751 4014; x_wconf 79' lang='lat' dir='ltr'><strong>vcro</strong></span> <span class='ocrx_word' id='word_1_245' title='bbox 771 3952 811 4014; x_wconf 89' lang='lat' dir='ltr'><strong>ad</strong></span> <span class='ocrx_word' id='word_1_246' title='bbox 835 3960 985 4017; x_wconf 87' lang='lat' dir='ltr'><strong>naturam</strong></span> <span class='ocrx_word' id='word_1_247' title='bbox 1008 3955 1146 4036; x_wconf 87' lang='lat' dir='ltr'><strong>pertinet</strong></span> <span class='ocrx_word' id='word_1_248' title='bbox 1168 3953 1295 4018; x_wconf 88' lang='lat' dir='ltr'><strong>deitatis</strong></span> <span class='ocrx_word' id='word_1_249' title='bbox 1315 3955 1380 4019; x_wconf 89' lang='lat' dir='ltr'><strong>buu</strong></span> <span class='ocrx_word' id='word_1_250' title='bbox 1401 3957 1482 4016; x_wconf 85' lang='lat' dir='ltr'><strong>iuter</strong></span> <span class='ocrx_word' id='word_1_251' title='bbox 1500 3947 1548 4010; x_wconf 70' lang='grc' dir='ltr'><strong>Ρι-</strong></span> 
     </span>
     <span class='ocr_line' id='line_1_32' title="bbox 447 4050 1547 4137; baseline -0.001 -25"><span class='ocrx_word' id='word_1_252' title='bbox 447 4051 530 4112; x_wconf 87' lang='lat' dir='ltr'><strong>trem</strong></span> <span class='ocrx_word' id='word_1_253' title='bbox 545 4059 578 4113; x_wconf 89' lang='lat' dir='ltr'><strong>ot</strong></span> <span class='ocrx_word' id='word_1_254' title='bbox 600 4050 717 4116; x_wconf 79' lang='lat' dir='ltr'><strong>Filium</strong></span> <span class='ocrx_word' id='word_1_255' title='bbox 734 4061 870 4118; x_wconf 85' lang='lat' dir='ltr'><strong>constat.</strong></span> <span class='ocrx_word' id='word_1_256' title='bbox 893 4052 1039 4135; x_wconf 85' lang='lat' dir='ltr'><strong>Denique</strong></span> <span class='ocrx_word' id='word_1_257' title='bbox 1054 4057 1149 4119; x_wconf 87' lang='lat' dir='ltr'><strong>etiam</strong></span> <span class='ocrx_word' id='word_1_258' title='bbox 1172 4055 1284 4137; x_wconf 86' lang='lat' dir='ltr'><strong>ipsein</strong></span> <span class='ocrx_word' id='word_1_259' title='bbox 1306 4054 1481 4135; x_wconf 83' lang='lat' dir='ltr'><strong>Evangelio</strong></span> <span class='ocrx_word' id='word_1_260' title='bbox 1494 4065 1547 4112; x_wconf 91' lang='lat' dir='ltr'><strong>non</strong></span> 
     </span>
     <span class='ocr_line' id='line_1_33' title="bbox 445 4147 1546 4237; baseline 0.001 -26"><span class='ocrx_word' id='word_1_261' title='bbox 445 4147 541 4226; x_wconf 82' lang='lat' dir='ltr'><strong>dixit,</strong></span> <span class='ocrx_word' id='word_1_262' title='bbox 563 4152 638 4232; x_wconf 88' lang='lat' dir='ltr'><strong>quia</strong></span> <span class='ocrx_word' id='word_1_263' title='bbox 662 4171 756 4217; x_wconf 91' lang='lat' dir='ltr'><strong>nemo</strong></span> <span class='ocrx_word' id='word_1_264' title='bbox 775 4154 853 4217; x_wconf 85' lang='lat' dir='ltr'><strong>vidit</strong></span> <span class='ocrx_word' id='word_1_265' title='bbox 872 4152 998 4219; x_wconf 85' lang='lat' dir='ltr'><strong>Patrem</strong></span> <span class='ocrx_word' id='word_1_266' title='bbox 1021 4156 1079 4219; x_wconf 90' lang='lat' dir='ltr'><strong>nisi</strong></span> <span class='ocrx_word' id='word_1_267' title='bbox 1101 4154 1215 4230; x_wconf 84' lang='lat' dir='ltr'><strong>Filius,</strong></span> <span class='ocrx_word' id='word_1_268' title='bbox 1239 4175 1345 4237; x_wconf 86' lang='lat' dir='ltr'><strong>neque</strong></span> <span class='ocrx_word' id='word_1_269' title='bbox 1367 4153 1483 4219; x_wconf 83' lang='lat' dir='ltr'><strong>Filium</strong></span> <span class='ocrx_word' id='word_1_270' title='bbox 1497 4148 1546 4211; x_wconf 84' lang='lat' dir='ltr'><strong>uisi</strong></span> 
     </span>
     <span class='ocr_line' id='line_1_34' title="bbox 444 4248 1546 4337; baseline 0.003 -23"><span class='ocrx_word' id='word_1_271' title='bbox 444 4248 562 4326; x_wconf 85' lang='lat' dir='ltr'><strong>Pater,</strong></span> <span class='ocrx_word' id='word_1_272' title='bbox 584 4253 639 4316; x_wconf 91' lang='lat' dir='ltr'><strong>sed</strong></span> <span class='ocrx_word' id='word_1_273' title='bbox 661 4255 721 4317; x_wconf 85' lang='lat' dir='ltr'><strong>ait:</strong></span> <span class='ocrx_word' id='word_1_274' title='bbox 743 4271 831 4318; x_wconf 74' lang='lat' dir='ltr'><strong>mmo</strong></span> <span class='ocrx_word' id='word_1_275' title='bbox 852 4251 938 4318; x_wconf 82' lang='lat' dir='ltr'><strong>auoit</strong></span> <span class='ocrx_word' id='word_1_276' title='bbox 960 4253 1081 4318; x_wconf 81' lang='lat' dir='ltr'><strong>Filium</strong></span> <span class='ocrx_word' id='word_1_277' title='bbox 1101 4254 1167 4320; x_wconf 77' lang='lat' dir='ltr'><strong>nisi</strong></span> <span class='ocrx_word' id='word_1_278' title='bbox 1188 4255 1294 4333; x_wconf 83' lang='lat' dir='ltr'><strong>Pater,</strong></span> <span class='ocrx_word' id='word_1_279' title='bbox 1315 4273 1414 4337; x_wconf 79' lang='lat' dir='ltr'><strong>neque</strong></span> <span class='ocrx_word' id='word_1_280' title='bbox 1434 4253 1546 4318; x_wconf 73' lang='lat' dir='ltr'><strong>Putrem</strong></span> 
     </span>
     <span class='ocr_line' id='line_1_35' title="bbox 442 4349 1546 4437; baseline 0.001 -24"><span class='ocrx_word' id='word_1_281' title='bbox 442 4349 518 4431; x_wconf 80' lang='lat' dir='ltr'><strong>guis</strong></span> <span class='ocrx_word' id='word_1_282' title='bbox 533 4351 634 4429; x_wconf 80' lang='lat' dir='ltr'><strong>nouit,</strong></span> <span class='ocrx_word' id='word_1_283' title='bbox 648 4352 837 4419; x_wconf 74' lang='lat' dir='ltr'><strong>nisiFilius.</strong></span> <span class='ocrx_word' id='word_1_284' title='bbox 851 4355 902 4421; x_wconf 80' lang='lat' dir='ltr'><strong>Ex</strong></span> <span class='ocrx_word' id='word_1_285' title='bbox 917 4375 984 4437; x_wconf 84' lang='lat' dir='ltr'><strong>quo</strong></span> <span class='ocrx_word' id='word_1_286' title='bbox 1001 4357 1166 4420; x_wconf 80' lang='lat' dir='ltr'><strong>macilente</strong></span> <span class='ocrx_word' id='word_1_287' title='bbox 1182 4357 1355 4433; x_wconf 87' lang='lat' dir='ltr'><strong>indicatur,</strong></span> <span class='ocrx_word' id='word_1_288' title='bbox 1370 4357 1455 4437; x_wconf 87' lang='lat' dir='ltr'><strong>quod</strong></span> <span class='ocrx_word' id='word_1_289' title='bbox 1467 4349 1546 4435; x_wconf 87' lang='lat' dir='ltr'><strong>quid·</strong></span> 
     </span>
     <span class='ocr_line' id='line_1_36' title="bbox 445 4453 1543 4538; baseline 0.006 -24"><span class='ocrx_word' id='word_1_290' title='bbox 445 4453 525 4530; x_wconf 85' lang='lat' dir='ltr'><strong>quid</strong></span> <span class='ocrx_word' id='word_1_291' title='bbox 550 4453 635 4518; x_wconf 86' lang='lat' dir='ltr'><strong>iuter</strong></span> <span class='ocrx_word' id='word_1_292' title='bbox 655 4465 789 4521; x_wconf 86' lang='lat' dir='ltr'><strong>naturas</strong></span> <span class='ocrx_word' id='word_1_293' title='bbox 813 4475 988 4538; x_wconf 88' lang='lat' dir='ltr'><strong>corporeas</strong></span> <span class='ocrx_word' id='word_1_294' title='bbox 1011 4458 1112 4522; x_wconf 83' lang='lat' dir='ltr'><strong>videri</strong></span> <span class='ocrx_word' id='word_1_295' title='bbox 1145 4469 1177 4524; x_wconf 89' lang='lat' dir='ltr'><strong>et</strong></span> <span class='ocrx_word' id='word_1_296' title='bbox 1200 4459 1309 4524; x_wconf 86' lang='lat' dir='ltr'><strong>videre</strong></span> <span class='ocrx_word' id='word_1_297' title='bbox 1329 4460 1470 4531; x_wconf 86' lang='lat' dir='ltr'><strong>dieitur,</strong></span> <span class='ocrx_word' id='word_1_298' title='bbox 1490 4453 1543 4514; x_wconf 73' lang='lat' dir='ltr'><strong>boc</strong></span> 
     </span>
     <span class='ocr_line' id='line_1_37' title="bbox 446 4553 1544 4640; baseline 0.005 -26"><span class='ocrx_word' id='word_1_299' title='bbox 446 4553 534 4616; x_wconf 85' lang='lat' dir='ltr'><strong>inter</strong></span> <span class='ocrx_word' id='word_1_300' title='bbox 560 4553 689 4620; x_wconf 84' lang='lat' dir='ltr'><strong>Patrem</strong></span> <span class='ocrx_word' id='word_1_301' title='bbox 711 4565 744 4620; x_wconf 91' lang='lat' dir='ltr'><strong>et</strong></span> <span class='ocrx_word' id='word_1_302' title='bbox 772 4556 891 4624; x_wconf 77' lang='lat' dir='ltr'><strong>Filium</strong></span> <span class='ocrx_word' id='word_1_303' title='bbox 913 4577 1107 4639; x_wconf 87' lang='lat' dir='ltr'><strong>cognoscere</strong></span> <span class='ocrx_word' id='word_1_304' title='bbox 1135 4560 1256 4624; x_wconf 91' lang='lat' dir='ltr'><strong>dicitur</strong></span> <span class='ocrx_word' id='word_1_305' title='bbox 1275 4567 1309 4625; x_wconf 89' lang='lat' dir='ltr'><strong>et</strong></span> <span class='ocrx_word' id='word_1_306' title='bbox 1328 4558 1472 4640; x_wconf 82' lang='lat' dir='ltr'><strong>cognosci</strong></span> <span class='ocrx_word' id='word_1_307' title='bbox 1495 4565 1544 4633; x_wconf 78' lang='lat' dir='ltr'><strong>pet</strong></span> 
     </span>
    </p>
   </div>
   <div class='ocr_carea' id='block_1_6' title="bbox 0 0 1692 5567">
    <p class='ocr_par' dir='ltr' id='par_1_6' title="bbox 0 0 1692 5567">
     <span class='ocr_line' id='line_1_38' title="bbox 0 0 1692 5567; baseline 0 1"><span class='ocrx_word' id='word_1_308' title='bbox 0 0 1692 5567; x_wconf 95' lang='lat' dir='ltr'><strong> </strong></span> 
     </span>
    </p>
   </div>
  </div>
 </body>
</html>
