3375 5567
152 788 272 841 mentem
290 779 426 841 videtur.
450 778 586 855 Opinor,
603 781 675 843 dete
698 794 810 859 opere,
829 780 971 843 taretros
987 783 1158 859 qnaesivit,
1175 784 1251 861 quie

153 883 254 942 viderit
273 899 372 960 quem
395 880 508 943 reiidis
538 882 736 959 argumentis
757 880 955 962 judoeorum
984 882 1026 943 ob
1051 882 1114 944 iliis
1137 883 1248 961 primis

151 984 322 1061 perentibus
344 983 436 1061 origo
459 981 625 1045 inicistnr.
649 980 718 1045 Nec
741 992 847 1047 temen
867 984 998 1063 ignarus
1022 984 1122 1048 rideri
1147 985 1252 1047 voinit

152 1082 274 1161 (Celsus)
290 1100 417 1157 eornm,
441 1100 524 1162 quoe
540 1083 578 1145 de
599 1082 725 1163 judaeis
745 1101 928 1165 eorumque
948 1085 1250 1164 oripinodicnntur,

151 1203 287 1265 quicque
308 1184 391 1247 scitu
413 1183 505 1263 digne
528 1192 613 1246 sunt.
640 1183 679 1247 Et
699 1202 775 1247 sone
797 1185 1002 1249 mnniiestum
1024 1194 1094 1260 est,
1116 1185 1255 1265 judaeos

152 1296 229 1349 ortos
250 1303 317 1347 osse
339 1304 356 1347 e
379 1285 483 1347 tribus
505 1285 568 1347 iilis
590 1287 736 1365 petribns
761 1286 938 1361 Abrohom,
963 1286 1051 1352 isoec
1073 1295 1106 1349 et
1125 1286 1257 1350 Jocob:

152 1405 281 1467 qnorum
307 1384 433 1451 nomino
456 1389 482 1449 si
504 1386 742 1467 conjungentur
758 1384 815 1449 [ici
832 1388 966 1462 nomini,
980 1394 1099 1449 tentem
1115 1389 1188 1449 *vim
1204 1387 1259 1448 be·

153 1489 216 1551 bont
236 1498 296 1551 etc.
320 1508 335 1545 ι
357 1488 431 1552 ideo
453 1488 484 1549 in
507 1506 537 1549 n.
559 1485 608 1553 ut.
632 1488 809 1551 concludit:
834 1487 949 1551 «Cum
974 1488 1073 1567 igitur
1094 1505 1188 1549 nemo
1206 1505 1259 1549 vo·

151 1600 244 1655 strom
273 1588 364 1653 nobis
385 1590 554 1653 ostendere
576 1590 676 1668 possit
696 1599 751 1653 out
777 1591 943 1653 historiam
967 1606 1161 1669 graecorum
1188 1588 1259 1650 sive

153 1690 368 1763 barbarorum,
392 1700 449 1753 out
469 1692 495 1753 si
512 1692 600 1753 deest
622 1692 768 1765 historio,
786 1692 900 1776 saltem
921 1690 1071 1771 quumvis
1092 1690 1189 1753 aliern
1205 1705 1259 1751 er·

154 1812 252 1855 cenum
273 1794 566 1873 conscriptionem,
591 1794 644 1855 ubi
668 1810 718 1855 res
740 1792 874 1856 iilornm
892 1794 1038 1855 virorum
1061 1800 1169 1871 gestae
1186 1808 1263 1853 con·

154 1898 284 1973 signatae
304 1892 436 1955 inerint:
454 1912 511 1955 nos
528 1891 616 1955 vobis
639 1891 785 1968 Librum,
808 1894 862 1957 cui
878 1892 992 1956 titulus
1009 1888 1154 1962 Generis,
1168 1889 1260 1953 exbi-

156 1996 267 2069 bemus‚
290 2014 341 2058 res
362 1996 496 2058 iliorum
518 2005 622 2073 gestos
643 2004 675 2059 et
696 1994 831 2061 orscnls
854 1996 918 2060 iltis
939 2012 957 2057 e
990 1992 1058 2058 Deo
1079 1993 1165 2056 editu
1185 2008 1261 2054 con·

159 2098 297 2159 tinentem
320 2103 381 2159 etc.
406 2114 422 2151 o

225 2195 318 2273 Quod
352 2206 461 2260 notem
492 2204 659 2277 stuporem
693 2197 785 2260 iside
817 2198 933 2263 incutit
965 2201 998 2261 in
1032 2194 1265 2259 Dissertatione

157 2317 177 2361 s.
199 2298 367 2373 documii,
391 2296 676 2378 tegumenti
701 2299 753 2363 ubi
786 2300 965 2379 exprobrat
992 2298 1142 2377 Origenis
1163 2314 1263 2376 expo·

157 2400 290 2463 sitionem
314 2401 353 2463 de
370 2398 493 2464 Lezsro
514 2399 628 2463 uiesu
650 2401 691 2463 ed
709 2402 806 2463 vitem
831 2409 994 2463 rorocoto.
1011 2398 1064 2463 Sic
1087 2400 1171 2461 enirn
1185 2400 1265 2461 scri·

159 2501 215 2563 bit:
237 2524 253 2563 ι
275 2500 324 2567 De
345 2501 469 2566 Luzuro
492 2520 571 2565 vero
593 2520 668 2565 cum
691 2503 854 2567 debuisset
876 2501 1056 2583 (Origenes)
1075 2499 1194 2567 Christi
1218 2500 1264 2561 io·

158 2620 221 2680 pens
238 2622 320 2685 opus
341 2604 569 2684 mspniiscere,
585 2604 709 2684 ilioque
731 2604 839 2685 potem
859 2604 1083 2667 demonstrare
1099 2600 1203 2665 Deum
1218 2618 1267 2662 es·

157 2724 196 2781 se,
216 2707 269 2786 qni
292 2716 459 2769 mortuum
480 2707 548 2787 jem
565 2704 738 2769 foetentem
757 2722 777 2773 ,u
794 2711 1003 2767 monumento
1024 2704 1220 2766 euctoritete
1235 2719 1269 2762 e·

161 2816 345 2886 socerorum
366 2814 399 2870 et
428 2807 518 2870 serbi
541 2808 710 2871 emissione
740 2823 880 2885 corporo
904 2803 1078 2867 tomeioctu
1106 2804 1268 2863 animove·

161 2916 214 2982 ret,
231 2910 278 2971 iris
298 2909 448 2973 omnibns
462 2908 592 2971 silentio
614 2907 768 2982 evolutis,
787 2904 947 2969 Lucerum
969 2907 1110 2967 ornicum
1127 2901 1266 2977 Domini,

160 3025 245 3087 qoem
266 3028 328 3073 non
350 3009 405 3073 ebs
427 3028 464 3073 re
484 3017 620 3089 propter
642 3010 796 3071 virtutem
817 3006 982 3086 ditigebat,
1005 3006 1037 3069 in
1060 3004 1199 3084 peccetis
1221 3003 1266 3064 te·

160 3108 316 3174 borootem
345 3118 378 3174 et
398 3120 564 3175 mortuum
597 3110 783 3173 trsnstniit:
807 3127 893 3189 quse
920 3126 1014 3171 nemo
1036 3107 1075 3169 de
1095 3106 1185 3186 josto
1211 3114 1269 3167 out

165 3208 249 3287 dixit,
262 3221 319 3276 snt
334 3210 418 3276 dicte
429 3212 557 3293 scriptis
572 3210 745 3277 mandevit.
759 3207 875 3290 Neque
888 3209 972 3271 enim
985 3220 1048 3271 tom
1064 3206 1170 3268 retido
1184 3222 1273 3267 umo-

163 3329 192 3371 re
216 3311 368 3377 Dominus
390 3320 581 3392 prosecutus
603 3311 728 3386 inisset,
752 3312 810 3374 nisi
835 3312 920 3373 ritee
942 3309 1037 3385 rotio,
1053 3324 1152 3387 quem
1170 3306 1270 3390 prod·

164 3413 292 3490 temtor,
316 3415 423 3479 dirior
447 3415 569 3479 inisset.
593 3433 610 3471 ι)

229 3513 270 3579 Et
291 3516 439 3596 proiecto
459 3515 589 3597 quidem
611 3518 693 3580 sicut
710 3516 741 3578 in
762 3515 892 3588 ceteris,
910 3516 941 3578 io
964 3513 1011 3576 his
1027 3528 1160 3592 quoqne
1181 3528 1199 3572 n
1219 3528 1271 3571 re·

163 3614 247 3678 ritnte
267 3618 434 3681 oberravit
453 3636 479 3679 s.
496 3615 687 3697 Episcopus,
712 3618 832 3682 irnstre
855 3616 1005 3696 Origenis
1034 3613 1268 3694 expositionem

164 3717 314 3783 refellens.
328 3719 540 3783 Adamantius
554 3722 637 3783 enim
650 3718 752 3783 Tomn
764 3715 916 3783 xxvttt.
927 3716 963 3779 in
975 3714 1129 3779 loannem
1146 3730 1179 3776 n.'
1189 3711 1220 3779 1.
1233 3730 1272 3775 ec

163 3816 298 3901 deinceps
319 3838 420 3901 prope
443 3838 566 3885 morem
579 3839 676 3888 snum
694 3831 761 3885 tum
784 3823 815 3884 in
830 3821 1034 3892 historicum,
1056 3826 1126 3881 tum
1147 3817 1179 3879 in
1194 3832 1271 3879 unu·

164 3922 301 3997 gogicum
319 3940 447 3986 sensnm
472 3921 618 3987 sednium
642 3932 738 3987 neret
763 3941 909 4003 operum.
924 3920 968 3986 Et
991 3920 1079 4000 qnod
1095 3920 1140 3982 uit
1161 3936 1187 3980 s.
1206 3915 1273 3981 Eu·

166 4023 307 4099 etstbins,
324 4033 442 4104 putens
462 4024 556 4089 ilium
583 4026 727 4089 omisisse
749 4026 779 4089 in
808 4025 1004 4089 excitetiooe
1026 4020 1162 4094 Luteci,
1187 4034 1272 4098 queo

167 4126 493 4189 meximeinterersot
513 4125 650 4201 ostendi,
674 4127 755 4191 idest
778 4144 888 4190 rerem
910 4123 1031 4189 Christi
1044 4118 1271 4199 Redemptoris

168 4222 356 4300 missionem,
379 4244 417 4288 sc
437 4226 524 4305 signs
555 4226 721 4289 manifeste
744 4244 841 4289 censu
863 4224 963 4304 ipsius
984 4220 1161 4291 divinitatis
1184 4236 1272 4281 com·

168 4324 361 4403 protentae,
385 4328 514 4391 totlitur
532 4328 600 4406 ipso
620 4336 731 4391 contre
754 4345 829 4391 enm
856 4325 1014 4388 stantibus
1036 4321 1142 4385 verbis
1156 4319 1270 4399 Orige-

168 4422 208 4487 uis
225 4427 322 4505 ipsius
338 4429 369 4489 io
391 4416 621 4491 eodcm'Tomo
643 4445 673 4490 n.
691 4426 729 4506 53
752 4428 807 4492 ubi
822 4448 864 4492 ex
886 4424 1112 4504 Evenpeiistoe
1126 4422 1272 4501 Scriptu-

169 4538 217 4585 ra:
231 4538 263 4589 ut
283 4527 416 4591 credunt
435 4529 517 4609 quod
537 4536 572 4592 tu
592 4546 638 4591 me
659 4528 792 4608 miseric,
809 4531 849 4593 de
864 4528 985 4594 Christi
1007 4526 1157 4606 precibus
1177 4523 1274 4587 disse·
