3375 5567
433 722 572 907 ffiplius
594 822 731 911 Npsseni
750 822 930 888 similitudo
949 842 990 887 er
1014 841 1097 889 auru
1111 840 1173 906 per
1190 824 1295 905 iguem
1317 826 1455 906 probato
1474 826 1560 890 alla·

434 936 467 989 ta
489 931 574 991 circa
598 928 722 989 animae
747 928 788 989 ah
809 946 847 989 ee
874 926 1048 989 vitiositate
1077 927 1320 1007 expiationem,
1345 928 1473 991 eluceat
1482 948 1496 1007 3
1517 946 1561 991 ac

434 1024 530 1107 iusta
545 1027 754 1108 praecipuum
767 1045 845 1091 suae
858 1028 1054 1107 quaestionis
1063 1028 1277 1107 propositum,
1290 1035 1427 1090 naturae
1442 1029 1560 1091 huma·

436 1145 496 1189 nae
519 1129 734 1207 iutegritatem
756 1126 904 1190 ostendat
932 1128 968 1188 in
988 1118 1251 1201 resurrectione,
1282 1128 1327 1188 ah
1344 1128 1496 1208 exemplo
1517 1127 1563 1189 tle

319 1256 327 1277 ·
435 1236 557 1302 statue,
580 1228 767 1290 invidorum
782 1228 930 1289 manibus
945 1225 1073 1288 foedata
1094 1234 1226 1306 sumpto
1240 1248 1257 1283 a
1273 1224 1305 1286 iu
1325 1226 1421 1307 ouius
1434 1228 1560 1288 lustau·

436 1330 573 1404 ratione,
596 1327 734 1393 Procius
749 1327 868 1406 iuquit,
882 1327 992 1389 denuo
1004 1326 1126 1406 liquari
1141 1342 1181 1387 ec
1202 1343 1262 1405 per
1281 1327 1388 1404 iguem
1410 1326 1557 1401 reiuudi,

434 1446 516 1507 opus
538 1428 645 1503 iuret,
667 1436 704 1491 ut
725 1427 885 1509 quidquid
908 1427 940 1488 iu
959 1443 998 1489 ea
1022 1434 1128 1489 statua
1148 1428 1304 1489 vitiose·
1323 1425 1397 1502 luit,
1420 1426 1556 1505 periret.

434 1525 529 1602 Quod
546 1529 632 1589 enlm
655 1526 724 1588 illic
745 1533 793 1589 est
813 1532 941 1588 statuae
964 1523 1127 1601 condutio,
1146 1524 1231 1587 idem
1253 1534 1301 1589 est
1317 1525 1372 1587 hie
1392 1543 1491 1588 mors.
1510 1522 1559 1589 Et

431 1626 593 1707 quidquid
615 1634 665 1689 est
684 1631 824 1688 statuam
841 1625 873 1686 iu
894 1627 1071 1706 pristinum
1084 1626 1222 1689 nitorem
1245 1625 1386 1700 restitui,
1401 1624 1487 1689 idern
1503 1630 1558 1688 est

433 1728 489 1791 hio
511 1735 584 1809 post
603 1727 729 1790 ohitum
752 1744 926 1806 resurgere
947 1745 977 1789 o.

464 1820 465 1823 ’
513 1826 693 1907 Hucusque
713 1826 871 1891 celebrati
894 1826 1063 1903 Doctores,
1081 1834 1149 1889 tum
1171 1823 1370 1900 Methodius,
1386 1824 1493 1903 (uude
1507 1823 1558 1887 di·

435 1946 495 1991 vus
517 1927 696 2009 Gregorius
718 1927 814 2009 plura
846 1928 1026 2007 desumpsit
1046 1928 1079 1988 io
1099 1926 1168 1989 suis
1187 1926 1316 2000 seriptis
1338 1925 1560 2001 adornandis,

433 2048 476 2091 es
497 2029 586 2091 illius
607 2028 760 2089 nimirum
781 2026 965 2100 Oratione,
996 2046 1094 2108 quam
1116 2028 1183 2107 ipse
1204 2025 1393 2091 methodius
1413 2027 1557 2091 contulit

433 2127 593 2191 adversus
612 2126 807 2204 (deigenam)
827 2134 897 2189 tuna
918 2124 1119 2207 Epiphanius
1139 2133 1172 2189 et
1187 2124 1325 2189 Procles
1342 2127 1471 2189 siucero
1491 2124 1558 2189 Ec·

432 2227 551 2291 elesius
572 2226 760 2290 Catholicae
777 2226 928 2305 dogmate
946 2227 1060 2301 innixi,
1074 2226 1317 2290 haeretieorum
1339 2243 1470 2289 errores
1489 2226 1559 2289 cir·

433 2346 471 2389 ea
488 2328 704 2391 universalem
723 2328 890 2389 homiuum
906 2328 1087 2407 proborum
1103 2328 1398 2408 inproborumque
1409 2326 1556 2391 indistin-

380 2478 384 2485 .
433 2436 484 2492 cte
505 2429 798 2503 resurrectionem,
820 2427 959 2509 ejusque
983 2428 1155 2504 ordinem,
1178 2426 1303 2509 lleique
1323 2430 1499 2509 potentiam
1520 2427 1560 2489 io

432 2546 470 2591 ea
493 2528 712 2608 perficienda,
734 2528 811 2591 totis
831 2528 956 2592 ritihus
975 2529 1194 2593 contuderunt
1202 2548 1219 2607 5
1237 2528 1326 2608 guod
1348 2529 1557 2609 potissimum

433 2629 569 2693 illorum
599 2637 828 2708 argumentum
852 2636 946 2707 erat3
971 2636 1004 2691 et
1030 2628 1074 2689 ah
1096 2627 1165 2691 alio
1186 2644 1264 2692 saue
1291 2626 1557 2707 distinguentium

431 2729 575 2810 quotide
593 2729 717 2810 judicio
738 2728 827 2792 tioali
847 2728 954 2809 deque
975 2730 1135 2793 honorum
1156 2734 1190 2793 et
1210 2746 1389 2809 pravorum
1411 2728 1557 2791 retribu-

434 2830 519 2891 tione
542 2830 741 2892 vertebatur.
765 2826 871 2892 Nemo
891 2828 964 2891 ideo
993 2846 1139 2908 uuquam
1160 2830 1324 2893 existimet
1351 2847 1394 2893 ex
1420 2846 1556 2891 eornm·

433 2930 506 2991 dem
527 2929 663 2993 Petrum
685 2929 725 2990 de
746 2929 808 2991 hoc
829 2935 1022 3007 argumento
1043 2928 1309 3008 investigatione,
1330 2927 1433 2993 sicubi
1454 2927 1558 2991 iidem

433 3038 546 3093 contra
569 3030 750 3093 haereticus
773 3029 917 3093 institere
935 3029 1101 3099 docentes,
1114 3027 1254 3091 lamiam
1269 3047 1328 3108 per
1348 3026 1556 3091 resurrectio·

433 3148 503 3192 amn
516 3129 552 3193 r'u
572 3126 675 3199 satio
692 3129 770 3191 harto
784 3130 932 3209 saturos:
950 3130 999 3190 orl
1019 3137 1139 3191 noterit
1159 3127 1335 3192 immortali
1354 3127 1555 3205 indictonis

433 3228 492 3291 Drt‘
512 3228 681 3307 imepa'esm
696 3228 929 3293 restituendos.-
950 3228 1014 3291 sies
1029 3228 1173 3292 omnibus
1186 3226 1368 3291 vitiositatis
1389 3238 1418 3292 rt
1425 3227 1557 3309 peccati

432 3328 568 3391 moeniis
581 3326 720 3403 detersis,
736 3326 771 3389 t'n
786 3348 850 3391 uae
871 3338 1026 3390 consentu
1046 3332 1284 3409 congregandos
1298 3338 1361 3393 etr„
1379 3332 1475 3393 scuti
1496 3350 1559 3393 eu-

433 3438 484 3491 teu
507 3429 630 3491 dictum
658 3436 723 3491 ests
747 3429 873 3504 nullus,
899 3430 986 3505 dieo,
1012 3430 1189 3505 existimet,
1210 3431 1340 3493 eosdem
1363 3434 1498 3493 sensisse
1519 3440 1557 3495 et

433 3529 582 3593 docuisse
601 3528 759 3607 reprobos
781 3530 949 3609 suppliciis
969 3532 1110 3593 aeternis
1125 3532 1306 3607 damnatos,
1321 3531 1498 3613 aliquando
1519 3534 1554 3595 iu

434 3631 607 3693 coelestem
630 3629 770 3707 gloriam
796 3629 1024 3711 interprohos
1050 3632 1277 3693 admittendus.
1301 3629 1350 3694 Ne
1371 3633 1455 3695 istud
1471 3635 1552 3712 gut-

434 3733 507 3793 dom
529 3731 779 3807 excogitandum
796 3737 855 3791 est.
875 3727 975 3793 iidem
997 3749 1138 3811 namque
1151 3733 1372 3810 quaestionem
1386 3732 1427 3795 de
1440 3751 1557 3797 resur·

436 3833 592 3905 rectione,
609 3830 746 3910 ejusque
763 3830 858 3894 modo
874 3839 906 3893 et
924 3833 1038 3895 ordine
1051 3832 1189 3895 seorsim
1201 3851 1220 3895 a
1232 3834 1358 3914 iudicio
1375 3832 1465 3896 iluali
1478 3853 1559 3915 per-

437 3937 632 4005 tractarunt,
655 3935 703 3993 uti
726 3948 785 4009 par
806 3939 897 4010 crat,
919 3939 1018 4010 atque
1033 3941 1144 3994 contra
1167 3932 1316 4011 ejusdem
1338 3920 1557 3997 assurectio-

435 4032 483 4092 uis
506 4030 693 4091 mentituros
724 4029 882 4107 quidquid
914 4031 1018 4103 ratio,
1040 4040 1074 4091 et
1095 4031 1344 4112 scripturarum
1365 4034 1558 4099 diriuarutn

433 4130 613 4193 auctoritas
635 4148 693 4190 uec
723 4146 787 4190 uon
817 4126 983 4191 Ecclesiae
1011 4131 1142 4193 traditio
1164 4133 1210 4195 eis
1237 4134 1487 4214 suppeditarunt
1509 4137 1558 4199 de

435 4232 496 4293 hae
514 4228 662 4302 materie,
678 4230 710 4291 in
722 4230 863 4293 hostium
882 4247 980 4293 tanes
1002 4229 1176 4311 lutilesquc
1198 4236 1339 4297 tueritne
1354 4234 1558 4301 dimicarunt

433 4332 609 4411 opiniones.

512 4431 678 4509 Ceterum,
701 4434 759 4497 nisi
781 4433 836 4507 ihi,
859 4431 935 4495 aiibi
957 4431 1117 4510 proiecto,
1131 4434 1221 4510 satis,
1242 4432 1385 4514 satisque
1399 4435 1556 4499 luculen-

435 4532 553 4597 tissimu
571 4533 668 4613 iuxta
681 4532 802 4599 Christi
815 4532 927 4607 onata,
941 4532 1105 4613 improbos
1125 4551 1264 4614 corpore
1278 4535 1379 4599 sium
1392 4543 1426 4600 et
1438 4535 1552 4603 sntma
