3375 5567
177 744 269 836 mium
289 780 321 835 et
341 772 507 854 singulare
523 773 584 837 hoc
604 774 655 836 sit.
679 770 725 835 De
747 773 864 837 ceteris
879 785 969 847 varo,
991 770 1122 852 quando
1143 791 1169 834 s.
1193 669 1285 835 Μῗῗθ

177 881 227 957 ψ
248 875 399 939 historiae
423 878 591 937 toritatem
608 882 714 954 negat,
736 892 774 939 ac
797 890 929 949 vanum,
950 874 1056 949 tutilo,
1078 873 1281 951 fabulosum,

176 976 266 1050 anile,
290 976 460 1051 dolosum,
488 976 603 1052 lollax,
626 976 824 1052 illusorium,
848 994 1041 1056 merumque
1062 984 1281 1039 commentum

177 1084 335 1156 nuncupat
348 1075 507 1140 Samuelis
521 1076 767 1156 apparitionem,
784 1076 988 1155 colloquium
1004 1094 1079 1139 cnm
1093 1076 1205 1151 Saule,
1226 1093 1281 1138 va·

175 1178 309 1239 ticinium
325 1178 364 1241 de
386 1178 531 1259 ciusdem
546 1186 651 1241 morte
673 1198 747 1242 cnm
771 1179 843 1241 attis
865 1180 943 1253 suis,
961 1179 1116 1258 regnique
1137 1177 1281 1240 amissio·

172 1294 208 1339 ne
234 1287 292 1339 etc.
327 1277 512 1341 luculenter
540 1281 670 1341 eruitur
699 1279 909 1343 Eustatirium
937 1281 1055 1354 aliter,
1078 1296 1177 1358 quam
1201 1278 1279 1341 rittt

171 1376 331 1459 Origenes,
351 1380 467 1443 vidisse
486 1398 522 1442 nc
537 1380 669 1461 insuper
690 1390 828 1445 mentem
852 1382 949 1444 huius
963 1396 1026 1443 nou
1042 1379 1192 1443 habuisse
1206 1394 1280 1459 per·

172 1490 319 1558 sprctam.
342 1478 383 1541 Et
397 1479 549 1560 amplius,
573 1498 647 1543 cum
663 1481 745 1545 hano
759 1479 948 1562 Scripturas
963 1482 1148 1560 pericopam
1161 1479 1201 1541 de
1222 1478 1280 1542 Sa·

171 1581 281 1643 mnelis
312 1600 387 1643 cum
408 1581 507 1647 Saule
540 1600 689 1647 sermone
717 1582 859 1645 voluerit
881 1581 1072 1645 Eustathius
1092 1589 1185 1645 extra
1205 1580 1281 1645 Ori·

169 1684 250 1760 genis
271 1692 408 1743 mentem
430 1684 650 1762 interpretari,
668 1701 731 1745 oon
754 1692 879 1748 tantum
901 1683 1120 1763 quorumdam
1143 1681 1278 1745 Petrum

170 1784 371 1862 antiquorum
396 1786 511 1846 rostitit
536 1786 735 1864 sentcntiee3
757 1786 810 1847 sed
834 1795 866 1847 et
892 1786 1001 1847 divino
1025 1784 1206 1848 testimonio
1227 1801 1277 1845 re·

168 1881 380 1962 lragatuses15
396 1885 483 1963 qood
501 1884 622 1964 legitur
636 1886 666 1946 in
684 1888 788 1967 cupite
809 1883 924 1949 xtttt.
940 1882 990 1953 20.
1007 1883 1096 1947 Libri
1114 1882 1275 1947 Ecclesia·

167 1984 233 2046 ttici
253 1984 292 2045 de
313 1984 472 2049 Samuelis
493 1988 651 2049 encomio:
671 1986 741 2056 Ka?
755 1981 837 2077 prosi
851 1981 889 2054 τὸ
903 1984 1047 2055 nuvious
1063 1977 1175 2065 dorm,
1188 2002 1278 2107 upon·

165 2082 307 2176 φήτωσε,
341 2078 399 2155 καὶ
423 2080 562 2168 ὑπέδειξε
584 2084 719 2175 paene
742 2076 802 2165 rtis
825 2079 969 2163 τελευτήν
991 2080 1099 2157 darm,
1118 2076 1176 2155 καὶ
1198 2079 1279 2151 ovai-

168 2190 261 2275 ψωσεν
282 2184 403 2281 ἔνι’γός
425 2184 485 2270 τήν
506 2188 613 2282 φωνήν
635 2188 751 2271 dmin,
767 2187 799 2257 ἔν
823 2187 1000 2287 προφητέιᾳ
1014 2186 1180 2279 ἐξαλεῖψαι
1202 2184 1278 2255 ἀνα·

164 2291 242 2381 pluo
263 2293 354 2365 λαδυ.
379 2294 399 2355 i.
422 2314 450 2357 a.
475 2294 516 2357 m
533 2304 701 2373 postquam
722 2294 874 2357 dormivit
894 2293 976 2372 ipsc,
1001 2291 1216 2372 prophetavit,
1236 2312 1275 2354 oc

165 2393 289 2455 ostendit
309 2395 380 2475 repi
392 2396 485 2475 finem
506 2414 618 2459 suum:
643 2408 736 2477 atquc
749 2396 868 2458 ontulit
888 2398 925 2458 de
945 2406 1033 2457 tarra
1052 2414 1155 2457 vocem
1168 2413 1274 2467 auom,

165 2502 197 2555 ot
216 2493 249 2557 ia
266 2496 436 2577 propitatio
455 2499 568 2561 deleret
597 2496 787 2578 impietatem
805 2497 930 2579 populi.
964 2497 1057 2573 Quae
1077 2516 1154 2561 sane
1176 2499 1273 2560 verba

164 2610 222 2657 non
241 2598 468 2662 animadvortit
489 2620 514 2663 s.
536 2598 678 2681 Martyr,
703 2590 801 2663 totam
825 2602 969 2665 lunditus
992 2601 1152 2665 diruentis
1175 2616 1273 2680 arqu-

117 2768 118 2773 γ
167 2701 360 2763 montilionis
381 2718 459 2764 suae
482 2703 556 2765 vim.

238 2796 445 2866 Postmodum
468 2812 574 2867 cetera
603 2804 780 2866 audiantur
801 2805 900 2886 hujus
920 2815 1131 2884 argumenta,
1153 2805 1272 2884 quibus

164 2898 300 2966 imminui
325 2904 500 2967 verborum
520 2906 680 2970 Samuelis
701 2908 942 2979 auctoritatem,
959 2924 1018 2968 nec
1038 2906 1111 2968 inde
1133 2904 1272 2983 Spiritus

165 2997 262 3065 Sancti
283 3005 455 3068 oraculum
474 3006 571 3069 luisse
586 3007 616 3067 id
634 3015 727 3084 putat
749 3005 952 3080 Eustatliins,
974 3014 1024 3068 ast
1040 3004 1272 3085 ventriloquae

164 3110 215 3165 ant
234 3104 395 3169 daemonis
422 3108 531 3171 losum
555 3110 725 3187 magicum.
750 3105 820 3169 Hoc
842 3117 952 3170 autem
974 3108 1114 3170 adstruit
1137 3128 1178 3171 ex
1199 3107 1267 3183 eis,

103 3250 105 3253 -
163 3220 239 3280 quae
259 3208 304 3269 ait
324 3206 454 3271 Samuel
471 3206 586 3271 Sauli:
609 3226 682 3269 cras
705 3217 812 3269 autem
827 3218 862 3269 tu
883 3218 913 3270 rt
931 3206 996 3289 filii
1009 3208 1059 3269 tui
1077 3228 1198 3271 mecum
1211 3208 1272 3270 eri·

164 3299 339 3368 dulichio
360 3310 503 3388 inquam,
521 3310 661 3373 vaticinii
679 3308 850 3371 lalsitatem
866 3309 1066 3374 insimulavit
1083 3308 1271 3372 Eustatlrius

163 3414 297 3467 asserens
320 3407 492 3470 abeodem
515 3408 696 3487 Scriptura,
722 3426 929 3488 nequaqnam
951 3419 1079 3488 postera
1100 3409 1152 3471 die
1173 3409 1270 3470 inter·

163 3514 296 3585 emptum
321 3508 419 3571 luisse
434 3509 577 3585 Saulem,
604 3511 659 3573 sed
682 3512 733 3573 dic
751 3513 843 3573 tertia
867 3520 939 3590 post
959 3510 1119 3575 Samuelis
1141 3511 1268 3589 appari·

164 3602 282 3668 tionem.
306 3605 431 3672 Verum
452 3612 559 3672 minus
590 3621 702 3673 contra
724 3610 899 3691 Origeuem
931 3612 992 3675 lune
1013 3630 1146 3691 quoque
1169 3611 1268 3683 iacit,

162 3700 230 3768 dem
246 3710 367 3772 scimus
382 3711 412 3771 in
428 3711 579 3773 idiomate
595 3710 773 3775 Bibliorom
789 3713 984 3776 vocabulum
1001 3715 1189 3775 hebraicum
1200 3730 1270 3774 mu·

162 3800 230 3867 tier
248 3807 347 3872 latine
371 3828 455 3885 cros,
479 3810 564 3873 haud
592 3830 720 3892 semper
743 3813 927 3875 immediate
949 3812 1092 3876 indicare
1110 3824 1269 3892 porterum

162 3901 262 3981 diem;
284 3909 340 3973 ted
373 3912 570 3991 quandoque
593 3915 646 3991 (et
668 3914 698 3973 id
731 3914 772 3973 ab
806 3914 952 3994 ejusdem
982 3912 1172 3993 Scripturae
1197 3932 1270 3992 pcr-

162 4004 271 4082 rpicuis
292 4011 471 4091 exemplis)
494 4013 615 4076 dicitnr
646 4012 808 4075 indefinite
830 4014 870 4074 de
893 4021 1039 4092 tempore
1059 4016 1266 4085 successivo,

161 4104 220 4169 aive
241 4108 291 4171 die
312 4112 467 4185 secunda,
483 4112 551 4175 sive
573 4116 680 4188 tertia,
696 4098 764 4176 sive
786 4124 979 4192 quarteetc.
1001 4116 1044 4175 ita
1069 4122 1117 4187 ut,
1135 4114 1193 4175 etsi
1216 4113 1267 4175 die

162 4208 244 4270 tertia
260 4210 377 4274 obierit
397 4212 489 4286 Saul,
507 4216 695 4293 prophetica
719 4225 824 4277 tameo
839 4222 903 4277 stet
923 4213 1084 4279 Samuelis
1098 4215 1265 4277 sententia.

231 4308 310 4374 item
332 4330 372 4375 ex
396 4314 550 4393 praelatis
571 4318 681 4395 arguit
702 4303 1011 4395 contra'Origeucm
1033 4332 1059 4376 s.
1081 4312 1203 4377 Ductor
1224 4315 1267 4376 ob

159 4402 230 4470 illud
251 4412 337 4491 quoti
359 4416 405 4475 ait
428 4412 611 4493 Propheta:
634 4434 708 4479 cros
729 4416 854 4497 quidem
874 4424 911 4478 tu
930 4426 960 4478 ct
979 4413 1044 4494 filii
1063 4413 1113 4477 tui
1133 4433 1265 4488 mecum,

160 4512 301 4589 tanquam
321 4515 467 4579 eamdem
488 4524 610 4580 sortem
632 4518 663 4580 io
686 4518 749 4582 vita
774 4518 885 4583 lutura
911 4534 986 4581 com
1007 4514 1160 4581 Samuele
1181 4534 1264 4579 assc-
