3375 5567
1287 621 1345 692 541

675 730 815 800 corut
836 730 893 798 Xl.

224 915 375 999 Orioenie
395 915 543 982 doctrino
561 913 720 980 excutitur
740 915 828 979 eirea
850 911 937 977 l'erli
958 909 1169 988 divinitatem,
1184 912 1265 993 ejue·

259 1036 318 1102 que
336 1013 408 1082 oum
423 1017 519 1082 Putre
533 1016 892 1081 consubstantialitatem
897 1060 910 1092 ,
921 1013 1052 1080 intentio
1062 1013 1263 1096 praesertim,

242 1117 341 1202 'quoe
359 1119 398 1184 in
417 1118 595 1202 Boonqelio
614 1117 782 1184 oitleoue:
796 1119 894 1185 Peter
915 1118 1020 1200 major
1041 1135 1093 1182 me
1107 1125 1165 1181 eet.
1188 1134 1260 1199 pag.
1282 1109 1341 1182 111

662 1320 802 1388 CAPUT
828 1321 902 1386 ΧΙΙ.

99 1572 101 1575 -
221 1523 407 1612 Sequuntur
422 1548 463 1593 ee
485 1529 684 1596 Perinrohon
703 1538 830 1591 mutuae
843 1547 868 1590 r.
895 1525 1081 1608 Hieronymi
1100 1535 1129 1589 et
1143 1523 1264 1608 Ruffini

262 1632 479 1695 olteetotionee
498 1631 585 1696 eirea
606 1628 691 1693 Verbi
710 1638 740 1692 et
757 1627 899 1709 Spiritue
920 1627 1033 1693 Sancti
1052 1627 1261 1701 diuinitatem,

261 1742 291 1796 et
308 1730 397 1798 eireo
415 1732 515 1796 uniue
534 1728 764 1814 qenerotionem
784 1750 805 1793 o
824 1729 924 1794 Putre
942 1741 971 1794 et
991 1729 1125 1794 alteriue
1141 1748 1263 1810 procee-

262 1832 382 1899 eionem
401 1855 423 1899 a
443 1833 542 1898 Patre
562 1843 591 1897 et
610 1831 696 1898 Filio
715 1877 1201 1896 ..........
1243 1852 1260 1891 o
1281 1829 1342 1898 155

652 1996 794 2066 CAPUT
815 1997 907 2062 xm.

224 2163 302 2229 Alio
319 2161 539 2229 discutiuntur
554 2163 703 2247 Orioenie
723 2163 917 2239 tertimonio,
940 2163 976 2229 in
996 2164 1109 2247 quilue
1125 2165 1263 2246 lloeplte·

264 2284 365 2330 maere
380 2266 601 2346 praesumitur
619 2269 772 2331 oooereoe
794 2265 853 2330 Dei
872 2265 995 2330 Filium
1037 2312 1044 2327 .
1089 2315 1095 2328 .
1142 2314 1149 2328 .
1193 2312 1200 2327 .
1244 2285 1260 2324 n
1282 2263 1344 2331 168

659 2469 798 2537 CAPUT
819 2470 905 2535 xlv.

227 2669 347 2738 comm
376 2671 538 2757 Theophili
561 2671 743 2738 illusionem
762 2671 939 2755 peculiaris
966 2673 1142 2739 instruitur
1166 2693 1263 2757 orou-

264 2774 415 2840 mentotio
444 2774 480 2839 ol
500 2795 559 2851 eo,
579 2795 659 2859 quoe
684 2774 722 2840 in
743 2773 870 2856 Synodo
893 2774 1109 2840 alexandrino
1131 2775 1265 2839 solemni

266 2878 318 2940 rel
337 2895 422 2940 nono
442 2888 470 2940 et
490 2877 658 2942 temerario
679 2875 880 2942 ootemoeione
899 2875 1087 2940 inclamavit
1113 2878 1264 2940 odvereue

268 2971 417 3056 Orioenir
439 2976 627 3058 impietatem
647 2975 683 3040 in
704 2975 853 3041 moerim
872 2979 909 3040 ele
935 2975 1028 3042 Verbo
1051 2977 1109 3040 Dei
1138 3024 1145 3039 .
1192 3025 1199 3040 .
1244 2975 1343 3045 »182

665 3155 805 3223 CAPUT
826 3156 929 3268 XV..

225 3331 374 3417 0rioenir
399 3335 610 3422 invertiyotur
637 3337 785 3402 doctrino
804 3339 841 3400 de
871 3336 980 3401 onimo
1009 3338 1152 3403 numano
1179 3347 1208 3402 et
1227 3339 1264 3402 ele

263 3435 364 3502 vuriir
384 3438 521 3519 ejusdem
541 3438 834 3520 nuncupationilue
855 3439 951 3504 eeuir
972 3440 1063 3504 lilrie
1082 3440 1260 3505 reductio.»
1283 3437 1344 3506 196

663 3641 804 3709 CAPUT
827 3641 914 3707 XVI.

222 3837 271 3904 De
289 3843 411 3907 mutuie
435 3865 463 3908 e.
487 3843 676 3926 Hieronymi
695 3854 726 3907 et
738 3843 859 3927 lluffini
878 3845 1129 3910 eontentionilue
1141 3864 1182 3908 ex
1203 3845 1262 3909 Pe·

266 3943 419 4009 rirrohou
439 3943 531 4009 lilrie
554 3946 666 4009 exeitie
692 3945 780 4009 eiroo
799 3943 928 4010 onimoe
947 3945 1114 4010 ementium
1134 3954 1163 4007 et
1178 3963 1264 4008 oreo·

234 4122 238 4130 t
264 4043 401 4124 tionem,
419 4056 448 4109 et
467 4045 628 4129 rpeoiotim
651 4045 740 4111 eireo
762 4046 947 4112 animorum
972 4045 1265 4126 praeexistentiam,

264 4163 362 4227 quom
375 4148 504 4232 neoouit
523 4148 672 4232 Orioenee
674 4193 1203 4213 ...........
1245 4169 1262 4206 n
1283 4143 1344 4214 208

651 4315 792 4384 CAPUT
812 4315 931 4394 xvn„

223 4476 444 4561 Bopuynotur
470 4481 671 4546 ineimulotio
691 4492 804 4546 eontra
826 4480 992 4564 Orioenem
1012 4479 1162 4546 instituto
1182 4479 1217 4544 oo
1238 4481 1265 4544 i-

256 4581 350 4662 peiur
368 4601 488 4647 errorrr
512 4591 570 4648 out
602 4579 861 4649 incertitudinem
886 4582 972 4647 circo
1000 4582 1125 4648 onimoe
1153 4583 1276 4646 numm·
