3375 5567
208 788 253 853 be
282 786 412 853 iuterim
434 788 522 851 raris
552 788 705 868 proponit
723 787 875 867 exempla
904 784 1049 853 studiose
1068 784 1231 849 dimum:

142 906 212 969 quse
230 892 256 953 si
277 891 308 951 iu
329 890 454 953 cunctis
476 889 543 953 suis
564 889 710 969 partibus
740 906 803 951 non
826 887 998 952 rideantur
1017 885 1212 967 acceptanda
1218 907 1235 968 ς

141 997 264 1053 attamen
284 989 435 1070 inspectis
454 988 651 1062 sinceritate,
668 987 824 1069 religione
843 1006 883 1053 ac
903 988 977 1053 seio
996 1006 1073 1069 erpa
1095 988 1236 1069 Spiritus

141 1091 233 1155 Ssoeti
252 1091 439 1166 oraculum,
462 1090 671 1170 quantumvis
691 1108 755 1155 uon
777 1091 892 1155 tulerit
912 1099 1081 1171 puuctum,
1103 1108 1167 1155 nou
1189 1090 1236 1153 si·

140 1193 224 1257 detor
242 1193 440 1273 culpandos3
475 1195 665 1274 praesertim
685 1195 713 1258 si
744 1192 968 1257 consideretur
996 1201 1117 1272 quinta
1137 1192 1235 1255 animi

140 1295 181 1359 sui
195 1295 345 1359 modestis
363 1294 438 1357 talia
454 1304 612 1375 proponat
625 1294 840 1358 auditoribus.
858 1294 1008 1374 Exempli
1022 1294 1124 1373 gratis
1140 1310 1172 1355 n.
1185 1288 1237 1357 ib.

140 1394 352 1457 dissonantiam
367 1404 533 1459 scrutatos
555 1394 836 1475 Evangelistarum
858 1392 988 1457 Domini
1000 1392 1082 1459 lesu
1102 1408 1238 1457 narrau-

142 1497 210 1559 tinm
229 1514 397 1560 ascensum
419 1494 692 1578 Hierosolymam,
708 1505 740 1559 et
760 1495 869 1576 quoad
893 1504 1019 1575 tempus
1033 1504 1067 1558 et
1086 1503 1174 1575 gesta
1194 1492 1236 1556 sb

140 1598 198 1676 ipsu
219 1606 293 1660 tuuc
317 1596 470 1675 expleta,
493 1597 524 1658 in
545 1596 607 1660 line
623 1597 807 1661 concludite
825 1616 842 1655 s
860 1593 973 1676 ltaque
994 1614 1103 1661 meum
1116 1604 1166 1657 est
1183 1594 1238 1675 ju·

140 1696 259 1772 dicium,
276 1698 406 1760 minime
426 1697 551 1761 ostendi
565 1716 657 1777 posse
677 1706 886 1778 apparentem
902 1696 1143 1771 dissonantiam,
1164 1713 1241 1759 cuu-

140 1814 238 1859 sonam
258 1800 399 1861 existere
421 1799 489 1874 bis,
511 1799 568 1878 qul
590 1800 621 1861 iu
643 1799 729 1863 bisce
760 1799 858 1862 rebus
877 1797 958 1861 nibil
987 1806 1118 1877 praeter
1139 1797 1239 1861 bisto-

140 1900 210 1962 dam
230 1900 413 1963 sdmittuut.
440 1898 535 1975 Quod
556 1901 656 1980 siquis
677 1918 735 1963 nos
766 1909 856 1963 reete
876 1916 939 1963 uon
960 1901 1148 1978 exposuisse
1168 1896 1238 1959 exl-

139 2002 246 2077 stimst,
268 2009 381 2066 contra
409 2002 490 2065 banc
511 2012 654 2066 nostram
684 2002 874 2065 sententium
896 2000 1074 2080 prudenter
1105 1998 1237 2061 scribat.

140 2100 281 2165 Ceterum
302 2102 501 2183 postulantes
516 2102 557 2164 ab
577 2121 629 2178 so,
644 2103 701 2182 qui
723 2102 778 2164 dat
793 2102 880 2165 omui
894 2102 1014 2179 petenti
1028 2108 1062 2163 et
1075 2100 1163 2162 omni
1184 2116 1240 2161 co·

139 2204 216 2264 uasti
235 2212 332 2267 acute
352 2220 513 2283 quaerere
523 2223 536 2282 3
558 2205 700 2283 itemque
721 2220 796 2265 eum
817 2202 993 2282 pulsantes,
1010 2209 1047 2264 ut
1059 2200 1150 2263 nobis
1163 2215 1240 2279 apo·

141 2304 426 2393 rianturscieutiso
439 2304 586 2368 claribus
607 2304 735 2367 occulta
748 2304 949 2383 scripturae,
966 2303 1062 2383 juxta
1080 2303 1164 2365 sires
1185 2317 1243 2363 uo·

139 2400 178 2465 bis
195 2405 414 2485 suppeditatas
434 2422 634 2485 exponemus
655 2414 716 2469 etc.
737 2424 754 2463 s
772 2403 813 2467 Et
832 2406 874 2469 ob
894 2405 944 2467 bis
964 2413 998 2467 et
1016 2403 1176 2467 similibus
1197 2401 1240 2463 ab

139 2501 269 2585 ilrigeue
290 2505 473 2585 praemissis
486 2504 760 2569 declarationibus
775 2506 920 2569 urbitror
939 2503 1174 2567 exordiendum
1195 2504 1238 2567 si·

139 2601 164 2665 bi
182 2624 250 2669 esse
269 2624 418 2681 examen,
433 2606 540 2686 quiris
561 2606 757 2688 diiudicaudi
778 2622 877 2670 cause
899 2607 932 2669 in
951 2605 1097 2685 ejusdem
1117 2606 1238 2683 scripta

138 2722 226 2770 auum
247 2707 445 2771 converterit
464 2708 619 2771 animum.
1264 2764 1268 2773 .

207 2807 383 2890 Postquam
401 2827 478 2875 vero
491 2810 644 2873 diuturna
666 2808 877 2883 discussione,
893 2807 1060 2871 doctrinae
1080 2805 1241 2885 origenis·

138 2910 416 2990 usoiutegritstsm
438 2910 472 2973 in
484 2909 694 2990 explanandis
712 2926 826 2971 saerse
846 2908 1035 2987 Scripturas
1056 2904 1160 2969 Libris
1181 2906 1241 2969 bu·

137 3024 252 3089 susque
275 3010 438 3073 vindicare
461 3011 585 3085 studui,
601 3010 761 3090 quasdam
784 3009 861 3072 mibi
883 3009 986 3071 obem
1006 3014 1056 3089 cst
1076 3007 1117 3072 de
1137 3004 1241 3069 eccle·

135 3108 255 3174 siasticu
271 3111 390 3174 borum
406 3108 587 3175 bibliorum
600 3111 730 3177 Gauouo
751 3111 827 3174 buic
847 3108 1067 3189 superaddere
1080 3107 1243 3188 quaestio·

137 3210 226 3285 uiso
239 3215 339 3291 magis
355 3212 443 3291 quod
466 3214 565 3292 ipsius
577 3211 725 3293 origenis
737 3212 777 3274 ds
799 3212 860 3276 boc
881 3229 919 3274 re
940 3211 1133 3273 documenta
1154 3207 1240 3271 baud

136 3328 245 3388 parum
259 3314 290 3375 io
311 3312 517 3393 splendorem
539 3314 706 3394 proticieot
720 3321 945 3376 sacrosanctae
964 3308 1084 3392 Spoodi
1097 3309 1242 3373 tridenti·

135 3428 188 3475 use
207 3412 414 3477 delinitionis.
1172 3395 1178 3405 ’

206 3514 281 3578 ism
305 3513 347 3576 sb
367 3512 633 3586 auu018l2.sub
649 3515 764 3579 niolo:
780 3511 882 3579 Sessio
895 3512 1020 3588 Oascrto
1037 3508 1172 3576 montis·
1183 3509 1243 3573 tri·

137 3610 252 3676 deretini
272 3612 450 3687 vindicato,
472 3615 629 3679 sdversus
652 3616 870 3679 beterudoxos
885 3615 953 3678 duo
975 3613 1138 3677 solumina
1157 3612 1242 3675 sdtdt

136 3712 164 3773 iu
176 3714 273 3795 buius
293 3714 459 3799 synodaiis
471 3716 593 3779 decreti
613 3713 852 3795 detensiooem3
870 3715 925 3779 ubi
938 3732 1110 3779 sacrorum
1130 3712 1244 3777 Libro·

137 3830 202 3877 rum
231 3818 372 3879 insertus
392 3825 442 3878 est
469 3815 586 3878 iudex:
615 3835 654 3879 ne
674 3816 738 3892 coi,
761 3820 912 3897 ioquiuut
933 3816 1067 3891 Patres,
1089 3813 1245 3879 dobdotio
1285 3879 1287 3882 .

133 3914 264 3977 suboriri
280 3915 393 3995 possit,
408 3918 541 3998 quinum
560 3919 637 3989 sint,
652 3914 712 3997 poi
730 3917 768 3979 ob
783 3918 853 3998 s'pso
866 3914 992 3997 synodo
1008 3911 1240 3994 aosmpiootur.

136 4012 167 4077 lo'
185 4018 303 4097 quibus
326 4017 471 4082 vindiciis
492 4018 666 4080 maximam
697 4019 819 4083 laboris
840 4022 903 4083 mei
923 4018 1174 4083 sollicitudiuem
1197 4016 1243 4077 in·

135 4121 249 4198 sumpsi
271 4138 313 4183 ex
336 4119 449 4199 priscis
471 4116 635 4183 Ecclesiae
663 4120 906 4200 scriptoribus,
929 4120 1118 4201 praesertim
1143 4117 1242 4179 setati

134 4220 324 4297 apostolicas
346 4220 566 4295 vicinioribus,
590 4221 757 4285 citstioues
777 4240 815 4284 ac
836 4238 1008 4284 numerum
1029 4220 1072 4281 ab
1091 4219 1167 4298 ipsis
1187 4215 1242 4277 de·

133 4332 261 4399 serpeus
283 4318 456 4384 Librorum
477 4329 666 4385 sanctorum
688 4322 805 4385 veteris
826 4317 1036 4397 Testsmeuti3
1056 4333 1096 4380 ac
1116 4314 1242 4396 potissi·

135 4436 217 4483 mom
240 4422 374 4485 illorum
399 4420 531 4485 Petrum
553 4422 689 4485 intuitus
712 4440 841 4485 mosum
863 4420 1100 4500 descriptoris
1122 4414 1241 4479 liente-

135 4524 340 4597 rucsnouicis,
361 4520 404 4584 ab
417 4521 587 4587 haereticis
609 4524 843 4589 recentioribus
856 4530 949 4587 extra
972 4520 1117 4585 divinum
1139 4516 1240 4583 Cano·

136 4638 202 4688 nem
224 4624 392 4689 mandatis.
