<?xml version="1.0" encoding="UTF-8"?>
<!DOCTYPE html PUBLIC "-//W3C//DTD XHTML 1.0 Transitional//EN"
    "http://www.w3.org/TR/xhtml1/DTD/xhtml1-transitional.dtd">
<html xmlns="http://www.w3.org/1999/xhtml" xml:lang="en" lang="en">
 <head>
  <title>
</title>
<meta http-equiv="Content-Type" content="text/html;charset=utf-8" />
  <meta name='ocr-system' content='tesseract 3.04.00' />
  <meta name='ocr-capabilities' content='ocr_page ocr_carea ocr_par ocr_line ocrx_word'/>
</head>
<body>
  <div class='ocr_page' id='page_1' title='image "./insgregoriinyss02vincgoog/insgregoriinyss02vincgoog_0707.png"; bbox 0 0 3375 5567; ppageno 0'>
   <div class='ocr_carea' id='block_1_1' title="bbox 164 680 1271 865">
    <p class='ocr_par' dir='ltr' id='par_1_1' title="bbox 164 680 1271 865">
     <span class='ocr_line' id='line_1_1' title="bbox 164 680 1271 865; baseline 0.015 -23"><span class='ocrx_word' id='word_1_1' title='bbox 164 785 256 862; x_wconf 69' lang='lat' dir='ltr'><strong>seeo,</strong></span> <span class='ocrx_word' id='word_1_2' title='bbox 274 800 331 845; x_wconf 83' lang='lat' dir='ltr'><strong>arc</strong></span> <span class='ocrx_word' id='word_1_3' title='bbox 352 782 440 847; x_wconf 69' lang='lat' dir='ltr'><strong>doliu</strong></span> <span class='ocrx_word' id='word_1_4' title='bbox 455 784 581 865; x_wconf 77' lang='lat' dir='ltr'><strong>jectum</strong></span> <span class='ocrx_word' id='word_1_5' title='bbox 602 751 692 847; x_wconf 71' lang='lat' dir='ltr'><strong>tuum</strong></span> <span class='ocrx_word' id='word_1_6' title='bbox 710 786 814 853; x_wconf 82' lang='lat' dir='ltr'><strong>cidere</strong></span> <span class='ocrx_word' id='word_1_7' title='bbox 831 784 1076 865; x_wconf 65' lang='lat' dir='ltr'><strong>correptionem·</strong></span> <span class='ocrx_word' id='word_1_8' title='bbox 1100 785 1149 859; x_wconf 79' lang='lat' dir='ltr'><strong>ee</strong></span> <span class='ocrx_word' id='word_1_9' title='bbox 1170 680 1271 864; x_wconf 55' lang='lat' dir='ltr'><strong>{2⁸¹³th</strong></span> 
     </span>
    </p>
   </div>
   <div class='ocr_carea' id='block_1_2' title="bbox 151 883 1270 3188">
    <p class='ocr_par' dir='ltr' id='par_1_2' title="bbox 161 883 1270 1574">
     <span class='ocr_line' id='line_1_2' title="bbox 166 883 1270 964; baseline 0.004 -17"><span class='ocrx_word' id='word_1_10' title='bbox 166 895 246 964; x_wconf 80' lang='lat' dir='ltr'><strong>poet:</strong></span> <span class='ocrx_word' id='word_1_11' title='bbox 267 883 428 961; x_wconf 86' lang='lat' dir='ltr'><strong>Quidnam</strong></span> <span class='ocrx_word' id='word_1_12' title='bbox 446 886 577 950; x_wconf 78' lang='lat' dir='ltr'><strong>nbeurdi</strong></span> <span class='ocrx_word' id='word_1_13' title='bbox 593 896 652 960; x_wconf 82' lang='lat' dir='ltr'><strong>eet,</strong></span> <span class='ocrx_word' id='word_1_14' title='bbox 676 888 816 952; x_wconf 82' lang='lat' dir='ltr'><strong>medicor</strong></span> <span class='ocrx_word' id='word_1_15' title='bbox 830 888 870 950; x_wconf 87' lang='lat' dir='ltr'><strong>ad</strong></span> <span class='ocrx_word' id='word_1_16' title='bbox 892 889 977 951; x_wconf 83' lang='lat' dir='ltr'><strong>mole</strong></span> <span class='ocrx_word' id='word_1_17' title='bbox 996 906 1032 953; x_wconf 85' lang='lat' dir='ltr'><strong>ee</strong></span> <span class='ocrx_word' id='word_1_18' title='bbox 1048 888 1201 953; x_wconf 82' lang='lat' dir='ltr'><strong>babenter</strong></span> <span class='ocrx_word' id='word_1_19' title='bbox 1214 888 1270 951; x_wconf 94' lang='lat' dir='ltr'><strong>de·</strong></span> 
     </span>
     <span class='ocr_line' id='line_1_3' title="bbox 165 984 1268 1066; baseline 0.004 -17"><span class='ocrx_word' id='word_1_20' title='bbox 165 984 339 1051; x_wconf 76' lang='lat' dir='ltr'><strong>accudere?</strong></span> <span class='ocrx_word' id='word_1_21' title='bbox 361 986 413 1051; x_wconf 89' lang='lat' dir='ltr'><strong>llll</strong></span> <span class='ocrx_word' id='word_1_22' title='bbox 436 986 549 1051; x_wconf 88' lang='lat' dir='ltr'><strong>medici</strong></span> <span class='ocrx_word' id='word_1_23' title='bbox 571 988 701 1066; x_wconf 87' lang='lat' dir='ltr'><strong>quidem</strong></span> <span class='ocrx_word' id='word_1_24' title='bbox 723 997 835 1063; x_wconf 87' lang='lat' dir='ltr'><strong>erant,</strong></span> <span class='ocrx_word' id='word_1_25' title='bbox 858 998 891 1052; x_wconf 90' lang='lat' dir='ltr'><strong>el</strong></span> <span class='ocrx_word' id='word_1_26' title='bbox 910 1006 987 1054; x_wconf 83' lang='lat' dir='ltr'><strong>arne</strong></span> <span class='ocrx_word' id='word_1_27' title='bbox 1008 989 1126 1053; x_wconf 81' lang='lat' dir='ltr'><strong>multi:</strong></span> <span class='ocrx_word' id='word_1_28' title='bbox 1148 998 1183 1054; x_wconf 88' lang='lat' dir='ltr'><strong>at</strong></span> <span class='ocrx_word' id='word_1_29' title='bbox 1203 986 1268 1053; x_wconf 79' lang='lat' dir='ltr'><strong>llo·</strong></span> 
     </span>
     <span class='ocr_line' id='line_1_4' title="bbox 167 1087 1267 1168; baseline 0.005 -19"><span class='ocrx_word' id='word_1_30' title='bbox 167 1089 258 1151; x_wconf 79' lang='lat' dir='ltr'><strong>minua</strong></span> <span class='ocrx_word' id='word_1_31' title='bbox 279 1107 370 1152; x_wconf 81' lang='lat' dir='ltr'><strong>mene</strong></span> <span class='ocrx_word' id='word_1_32' title='bbox 398 1097 431 1151; x_wconf 89' lang='lat' dir='ltr'><strong>et</strong></span> <span class='ocrx_word' id='word_1_33' title='bbox 452 1087 602 1152; x_wconf 73' lang='lat' dir='ltr'><strong>Salvator</strong></span> <span class='ocrx_word' id='word_1_34' title='bbox 624 1092 771 1168; x_wconf 84' lang='lat' dir='ltr'><strong>princepe</strong></span> <span class='ocrx_word' id='word_1_35' title='bbox 800 1109 916 1154; x_wconf 88' lang='lat' dir='ltr'><strong>eornm</strong></span> <span class='ocrx_word' id='word_1_36' title='bbox 937 1099 996 1153; x_wconf 81' lang='lat' dir='ltr'><strong>eat.</strong></span> <span class='ocrx_word' id='word_1_37' title='bbox 1021 1088 1147 1154; x_wconf 84' lang='lat' dir='ltr'><strong>Etenim</strong></span> <span class='ocrx_word' id='word_1_38' title='bbox 1168 1094 1267 1155; x_wconf 87' lang='lat' dir='ltr'><strong>inter·</strong></span> 
     </span>
     <span class='ocr_line' id='line_1_5' title="bbox 164 1188 1265 1272; baseline 0.004 -23"><span class='ocrx_word' id='word_1_39' title='bbox 164 1204 229 1249; x_wconf 85' lang='lat' dir='ltr'><strong>auro</strong></span> <span class='ocrx_word' id='word_1_40' title='bbox 250 1188 459 1263; x_wconf 78' lang='lat' dir='ltr'><strong>desiderium,</strong></span> <span class='ocrx_word' id='word_1_41' title='bbox 475 1190 562 1269; x_wconf 83' lang='lat' dir='ltr'><strong>quod</strong></span> <span class='ocrx_word' id='word_1_42' title='bbox 580 1210 642 1255; x_wconf 93' lang='lat' dir='ltr'><strong>non</strong></span> <span class='ocrx_word' id='word_1_43' title='bbox 658 1200 763 1269; x_wconf 86' lang='lat' dir='ltr'><strong>puteat</strong></span> <span class='ocrx_word' id='word_1_44' title='bbox 782 1192 823 1253; x_wconf 81' lang='lat' dir='ltr'><strong>ob</strong></span> <span class='ocrx_word' id='word_1_45' title='bbox 837 1193 910 1255; x_wconf 87' lang='lat' dir='ltr'><strong>aliia</strong></span> <span class='ocrx_word' id='word_1_46' title='bbox 923 1195 1047 1266; x_wconf 85' lang='lat' dir='ltr'><strong>curari,</strong></span> <span class='ocrx_word' id='word_1_47' title='bbox 1070 1201 1166 1254; x_wconf 80' lang='lat' dir='ltr'><strong>corat</strong></span> <span class='ocrx_word' id='word_1_48' title='bbox 1186 1192 1265 1272; x_wconf 69' lang='lat' dir='ltr'><strong>ipset</strong></span> 
     </span>
     <span class='ocr_line' id='line_1_6' title="bbox 162 1288 1266 1369; baseline 0.005 -18"><span class='ocrx_word' id='word_1_49' title='bbox 162 1288 237 1366; x_wconf 82' lang='lat' dir='ltr'><strong>qnod</strong></span> <span class='ocrx_word' id='word_1_50' title='bbox 259 1305 277 1351; x_wconf 88' lang='lat' dir='ltr'><strong>a</strong></span> <span class='ocrx_word' id='word_1_51' title='bbox 298 1289 425 1353; x_wconf 88' lang='lat' dir='ltr'><strong>nemine</strong></span> <span class='ocrx_word' id='word_1_52' title='bbox 446 1292 553 1369; x_wconf 89' lang='lat' dir='ltr'><strong>potuit</strong></span> <span class='ocrx_word' id='word_1_53' title='bbox 575 1292 776 1357; x_wconf 90' lang='lat' dir='ltr'><strong>medicorum</strong></span> <span class='ocrx_word' id='word_1_54' title='bbox 797 1293 918 1369; x_wconf 69' lang='lat' dir='ltr'><strong>mnam,</strong></span> <span class='ocrx_word' id='word_1_55' title='bbox 938 1300 1074 1357; x_wconf 79' lang='lat' dir='ltr'><strong>tenatur</strong></span> <span class='ocrx_word' id='word_1_56' title='bbox 1094 1311 1114 1356; x_wconf 89' lang='lat' dir='ltr'><strong>a</strong></span> <span class='ocrx_word' id='word_1_57' title='bbox 1135 1290 1266 1358; x_wconf 84' lang='lat' dir='ltr'><strong>Cbrietn</strong></span> 
     </span>
     <span class='ocr_line' id='line_1_7' title="bbox 163 1386 1264 1467; baseline 0.005 -17"><span class='ocrx_word' id='word_1_58' title='bbox 163 1386 243 1451; x_wconf 76' lang='lat' dir='ltr'><strong>lun.</strong></span> <span class='ocrx_word' id='word_1_59' title='bbox 259 1387 309 1453; x_wconf 87' lang='lat' dir='ltr'><strong>Ne</strong></span> <span class='ocrx_word' id='word_1_60' title='bbox 326 1390 450 1464; x_wconf 78' lang='lat' dir='ltr'><strong>timent,</strong></span> <span class='ocrx_word' id='word_1_61' title='bbox 469 1408 508 1455; x_wconf 88' lang='lat' dir='ltr'><strong>ne</strong></span> <span class='ocrx_word' id='word_1_62' title='bbox 530 1392 667 1457; x_wconf 79' lang='lat' dir='ltr'><strong>mireris.</strong></span> <span class='ocrx_word' id='word_1_63' title='bbox 683 1391 833 1459; x_wconf 82' lang='lat' dir='ltr'><strong>Gbriatus</strong></span> <span class='ocrx_word' id='word_1_64' title='bbox 855 1394 887 1457; x_wconf 89' lang='lat' dir='ltr'><strong>id</strong></span> <span class='ocrx_word' id='word_1_65' title='bbox 910 1394 1073 1459; x_wconf 84' lang='lat' dir='ltr'><strong>internum</strong></span> <span class='ocrx_word' id='word_1_66' title='bbox 1087 1393 1264 1467; x_wconf 77' lang='lat' dir='ltr'><strong>dercendit,</strong></span> 
     </span>
     <span class='ocr_line' id='line_1_8' title="bbox 161 1492 1253 1574; baseline 0.005 -24"><span class='ocrx_word' id='word_1_67' title='bbox 161 1496 189 1551; x_wconf 92' lang='lat' dir='ltr'><strong>et</strong></span> <span class='ocrx_word' id='word_1_68' title='bbox 205 1496 275 1554; x_wconf 86' lang='lat' dir='ltr'><strong>ente</strong></span> <span class='ocrx_word' id='word_1_69' title='bbox 294 1506 370 1553; x_wconf 88' lang='lat' dir='ltr'><strong>enm</strong></span> <span class='ocrx_word' id='word_1_70' title='bbox 393 1492 584 1570; x_wconf 76' lang='lat' dir='ltr'><strong>prophetae,</strong></span> <span class='ocrx_word' id='word_1_71' title='bbox 607 1494 755 1574; x_wconf 76' lang='lat' dir='ltr'><strong>unicius</strong></span> <span class='ocrx_word' id='word_1_72' title='bbox 776 1494 952 1558; x_wconf 75' lang='lat' dir='ltr'><strong>adrentum</strong></span> <span class='ocrx_word' id='word_1_73' title='bbox 974 1494 1212 1574; x_wconf 68' lang='lat' dir='ltr'><strong>praedicebant.</strong></span> <span class='ocrx_word' id='word_1_74' title='bbox 1236 1513 1253 1551; x_wconf 78' lang='lat' dir='ltr'><strong>a</strong></span> 
     </span>
    </p>

    <p class='ocr_par' dir='ltr' id='par_1_3' title="bbox 151 1588 1269 3188">
     <span class='ocr_line' id='line_1_9' title="bbox 231 1588 1266 1677; baseline 0.009 -25"><span class='ocrx_word' id='word_1_75' title='bbox 231 1588 462 1655; x_wconf 73' lang='lat' dir='ltr'><strong>Verumtamen</strong></span> <span class='ocrx_word' id='word_1_76' title='bbox 476 1593 503 1657; x_wconf 85' lang='lat' dir='ltr'><strong>ri</strong></span> <span class='ocrx_word' id='word_1_77' title='bbox 519 1594 550 1655; x_wconf 93' lang='lat' dir='ltr'><strong>in</strong></span> <span class='ocrx_word' id='word_1_78' title='bbox 565 1595 625 1659; x_wconf 87' lang='lat' dir='ltr'><strong>bac</strong></span> <span class='ocrx_word' id='word_1_79' title='bbox 638 1596 837 1661; x_wconf 78' lang='lat' dir='ltr'><strong>diocdaeioue</strong></span> <span class='ocrx_word' id='word_1_80' title='bbox 853 1596 894 1659; x_wconf 89' lang='lat' dir='ltr'><strong>de</strong></span> <span class='ocrx_word' id='word_1_81' title='bbox 906 1614 982 1660; x_wconf 84' lang='lat' dir='ltr'><strong>rere</strong></span> <span class='ocrx_word' id='word_1_82' title='bbox 998 1596 1159 1661; x_wconf 88' lang='lat' dir='ltr'><strong>Sumnelia</strong></span> <span class='ocrx_word' id='word_1_83' title='bbox 1174 1615 1266 1677; x_wconf 82' lang='lat' dir='ltr'><strong>prae-</strong></span> 
     </span>
     <span class='ocr_line' id='line_1_10' title="bbox 159 1692 1266 1777; baseline 0.006 -24"><span class='ocrx_word' id='word_1_84' title='bbox 159 1692 248 1754; x_wconf 77' lang='lat' dir='ltr'><strong>tentio</strong></span> <span class='ocrx_word' id='word_1_85' title='bbox 270 1693 409 1772; x_wconf 80' lang='lat' dir='ltr'><strong>eiusque</strong></span> <span class='ocrx_word' id='word_1_86' title='bbox 429 1694 597 1775; x_wconf 83' lang='lat' dir='ltr'><strong>colloquio</strong></span> <span class='ocrx_word' id='word_1_87' title='bbox 618 1714 693 1761; x_wconf 89' lang='lat' dir='ltr'><strong>cum</strong></span> <span class='ocrx_word' id='word_1_88' title='bbox 715 1696 834 1771; x_wconf 81' lang='lat' dir='ltr'><strong>Senio,</strong></span> <span class='ocrx_word' id='word_1_89' title='bbox 867 1697 975 1777; x_wconf 79' lang='lat' dir='ltr'><strong>dequo</strong></span> <span class='ocrx_word' id='word_1_90' title='bbox 998 1700 1149 1762; x_wconf 77' lang='lat' dir='ltr'><strong>vaticinio</strong></span> <span class='ocrx_word' id='word_1_91' title='bbox 1169 1700 1266 1761; x_wconf 81' lang='lat' dir='ltr'><strong>nortia</strong></span> 
     </span>
     <span class='ocr_line' id='line_1_11' title="bbox 161 1792 1267 1879; baseline 0.007 -25"><span class='ocrx_word' id='word_1_92' title='bbox 161 1792 264 1868; x_wconf 76' lang='lat' dir='ltr'><strong>istiur,</strong></span> <span class='ocrx_word' id='word_1_93' title='bbox 288 1804 445 1872; x_wconf 88' lang='lat' dir='ltr'><strong>punctum</strong></span> <span class='ocrx_word' id='word_1_94' title='bbox 468 1797 581 1859; x_wconf 89' lang='lat' dir='ltr'><strong>tulerit</strong></span> <span class='ocrx_word' id='word_1_95' title='bbox 601 1799 781 1879; x_wconf 75' lang='lat' dir='ltr'><strong>Origenes,</strong></span> <span class='ocrx_word' id='word_1_96' title='bbox 803 1806 836 1861; x_wconf 91' lang='lat' dir='ltr'><strong>et</strong></span> <span class='ocrx_word' id='word_1_97' title='bbox 859 1800 921 1863; x_wconf 90' lang='lat' dir='ltr'><strong>boc</strong></span> <span class='ocrx_word' id='word_1_98' title='bbox 941 1799 1025 1861; x_wconf 89' lang='lat' dir='ltr'><strong>inira</strong></span> <span class='ocrx_word' id='word_1_99' title='bbox 1057 1801 1158 1879; x_wconf 71' lang='lat' dir='ltr'><strong>magia</strong></span> <span class='ocrx_word' id='word_1_100' title='bbox 1178 1808 1267 1878; x_wconf 89' lang='lat' dir='ltr'><strong>pate·</strong></span> 
     </span>
     <span class='ocr_line' id='line_1_12' title="bbox 160 1891 1267 1979; baseline 0.005 -23"><span class='ocrx_word' id='word_1_101' title='bbox 160 1891 231 1968; x_wconf 86' lang='lat' dir='ltr'><strong>iet,</strong></span> <span class='ocrx_word' id='word_1_102' title='bbox 259 1904 371 1959; x_wconf 77' lang='lat' dir='ltr'><strong>centn</strong></span> <span class='ocrx_word' id='word_1_103' title='bbox 404 1897 478 1961; x_wconf 85' lang='lat' dir='ltr'><strong>illos</strong></span> <span class='ocrx_word' id='word_1_104' title='bbox 508 1897 657 1973; x_wconf 78' lang='lat' dir='ltr'><strong>locotus,</strong></span> <span class='ocrx_word' id='word_1_105' title='bbox 680 1902 737 1979; x_wconf 87' lang='lat' dir='ltr'><strong>qni</strong></span> <span class='ocrx_word' id='word_1_106' title='bbox 759 1901 798 1965; x_wconf 89' lang='lat' dir='ltr'><strong>de</strong></span> <span class='ocrx_word' id='word_1_107' title='bbox 820 1900 882 1963; x_wconf 86' lang='lat' dir='ltr'><strong>bac</strong></span> <span class='ocrx_word' id='word_1_108' title='bbox 909 1900 1043 1963; x_wconf 82' lang='lat' dir='ltr'><strong>bietorla</strong></span> <span class='ocrx_word' id='word_1_109' title='bbox 1063 1900 1267 1964; x_wconf 73' lang='lat' dir='ltr'><strong>offendeban-</strong></span> 
     </span>
     <span class='ocr_line' id='line_1_13' title="bbox 159 1997 1266 2081; baseline 0.005 -23"><span class='ocrx_word' id='word_1_110' title='bbox 159 2004 219 2071; x_wconf 88' lang='lat' dir='ltr'><strong>tur,</strong></span> <span class='ocrx_word' id='word_1_111' title='bbox 234 1997 320 2061; x_wconf 86' lang='lat' dir='ltr'><strong>bend</strong></span> <span class='ocrx_word' id='word_1_112' title='bbox 344 2000 448 2063; x_wconf 84' lang='lat' dir='ltr'><strong>minus</strong></span> <span class='ocrx_word' id='word_1_113' title='bbox 465 2018 543 2063; x_wconf 80' lang='lat' dir='ltr'><strong>vern</strong></span> <span class='ocrx_word' id='word_1_114' title='bbox 566 2000 673 2065; x_wconf 86' lang='lat' dir='ltr'><strong>iecere</strong></span> <span class='ocrx_word' id='word_1_115' title='bbox 697 2002 783 2065; x_wconf 84' lang='lat' dir='ltr'><strong>aiaoa</strong></span> <span class='ocrx_word' id='word_1_116' title='bbox 802 2008 865 2077; x_wconf 88' lang='lat' dir='ltr'><strong>eat,</strong></span> <span class='ocrx_word' id='word_1_117' title='bbox 884 2000 1087 2080; x_wconf 83' lang='lat' dir='ltr'><strong>Scriptorum</strong></span> <span class='ocrx_word' id='word_1_118' title='bbox 1108 2004 1266 2081; x_wconf 86' lang='lat' dir='ltr'><strong>interpre-</strong></span> 
     </span>
     <span class='ocr_line' id='line_1_14' title="bbox 159 2086 1264 2182; baseline 0.002 -21"><span class='ocrx_word' id='word_1_119' title='bbox 159 2104 237 2163; x_wconf 76' lang='lat' dir='ltr'><strong>utne</strong></span> <span class='ocrx_word' id='word_1_120' title='bbox 256 2100 296 2163; x_wconf 91' lang='lat' dir='ltr'><strong>de</strong></span> <span class='ocrx_word' id='word_1_121' title='bbox 317 2086 478 2165; x_wconf 76' lang='lat' dir='ltr'><strong>Samuelis</strong></span> <span class='ocrx_word' id='word_1_122' title='bbox 496 2102 687 2165; x_wconf 86' lang='lat' dir='ltr'><strong>erooetinne</strong></span> <span class='ocrx_word' id='word_1_123' title='bbox 709 2118 767 2182; x_wconf 87' lang='lat' dir='ltr'><strong>por</strong></span> <span class='ocrx_word' id='word_1_124' title='bbox 784 2099 1047 2180; x_wconf 82' lang='lat' dir='ltr'><strong>ventriloquam,</strong></span> <span class='ocrx_word' id='word_1_125' title='bbox 1067 2119 1107 2165; x_wconf 90' lang='lat' dir='ltr'><strong>ac</strong></span> <span class='ocrx_word' id='word_1_126' title='bbox 1128 2102 1264 2174; x_wconf 89' lang='lat' dir='ltr'><strong>ratione,</strong></span> 
     </span>
     <span class='ocr_line' id='line_1_15' title="bbox 156 2199 1265 2281; baseline -0.004 -18"><span class='ocrx_word' id='word_1_127' title='bbox 156 2216 215 2279; x_wconf 82' lang='lat' dir='ltr'><strong>qna</strong></span> <span class='ocrx_word' id='word_1_128' title='bbox 235 2199 266 2263; x_wconf 90' lang='lat' dir='ltr'><strong>id</strong></span> <span class='ocrx_word' id='word_1_129' title='bbox 282 2200 405 2264; x_wconf 81' lang='lat' dir='ltr'><strong>iactum</strong></span> <span class='ocrx_word' id='word_1_130' title='bbox 427 2210 496 2265; x_wconf 79' lang='lat' dir='ltr'><strong>cst:</strong></span> <span class='ocrx_word' id='word_1_131' title='bbox 520 2203 608 2281; x_wconf 84' lang='lat' dir='ltr'><strong>qood</strong></span> <span class='ocrx_word' id='word_1_132' title='bbox 628 2219 705 2264; x_wconf 85' lang='lat' dir='ltr'><strong>eane</strong></span> <span class='ocrx_word' id='word_1_133' title='bbox 726 2202 900 2264; x_wconf 85' lang='lat' dir='ltr'><strong>doctorum</strong></span> <span class='ocrx_word' id='word_1_134' title='bbox 921 2210 1043 2265; x_wconf 85' lang='lat' dir='ltr'><strong>mentea</strong></span> <span class='ocrx_word' id='word_1_135' title='bbox 1067 2201 1265 2279; x_wconf 74' lang='lat' dir='ltr'><strong>defatigarit.</strong></span> 
     </span>
     <span class='ocr_line' id='line_1_16' title="bbox 156 2298 1268 2382; baseline -0.002 -17"><span class='ocrx_word' id='word_1_136' title='bbox 156 2298 331 2367; x_wconf 72' lang='lat' dir='ltr'><strong>Bracmani</strong></span> <span class='ocrx_word' id='word_1_137' title='bbox 345 2304 457 2381; x_wconf 80' lang='lat' dir='ltr'><strong>itaque</strong></span> <span class='ocrx_word' id='word_1_138' title='bbox 471 2302 630 2382; x_wconf 72' lang='lat' dir='ltr'><strong>Origenes</strong></span> <span class='ocrx_word' id='word_1_139' title='bbox 650 2304 840 2382; x_wconf 86' lang='lat' dir='ltr'><strong>Scriptnrae</strong></span> <span class='ocrx_word' id='word_1_140' title='bbox 855 2303 955 2379; x_wconf 90' lang='lat' dir='ltr'><strong>dicta,</strong></span> <span class='ocrx_word' id='word_1_141' title='bbox 971 2321 1009 2366; x_wconf 89' lang='lat' dir='ltr'><strong>ea</strong></span> <span class='ocrx_word' id='word_1_142' title='bbox 1025 2310 1194 2367; x_wconf 85' lang='lat' dir='ltr'><strong>memorat:</strong></span> <span class='ocrx_word' id='word_1_143' title='bbox 1210 2310 1268 2363; x_wconf 79' lang='lat' dir='ltr'><strong>«et</strong></span> 
     </span>
     <span class='ocr_line' id='line_1_17' title="bbox 155 2398 1268 2484; baseline -0.004 -17"><span class='ocrx_word' id='word_1_144' title='bbox 155 2398 233 2467; x_wconf 72' lang='lat' dir='ltr'><strong>dicit</strong></span> <span class='ocrx_word' id='word_1_145' title='bbox 250 2402 380 2478; x_wconf 75' lang='lat' dir='ltr'><strong>mlier,</strong></span> <span class='ocrx_word' id='word_1_146' title='bbox 396 2422 488 2484; x_wconf 77' lang='lat' dir='ltr'><strong>pecte</strong></span> <span class='ocrx_word' id='word_1_147' title='bbox 508 2404 636 2467; x_wconf 83' lang='lat' dir='ltr'><strong>eoccnbo</strong></span> <span class='ocrx_word' id='word_1_148' title='bbox 655 2402 740 2467; x_wconf 75' lang='lat' dir='ltr'><strong>titt?</strong></span> <span class='ocrx_word' id='word_1_149' title='bbox 760 2414 790 2466; x_wconf 81' lang='lat' dir='ltr'><strong>et</strong></span> <span class='ocrx_word' id='word_1_150' title='bbox 802 2403 909 2469; x_wconf 77' lang='lat' dir='ltr'><strong>dicit:</strong></span> <span class='ocrx_word' id='word_1_151' title='bbox 932 2401 1106 2469; x_wconf 75' lang='lat' dir='ltr'><strong>Samuelem</strong></span> <span class='ocrx_word' id='word_1_152' title='bbox 1117 2403 1196 2465; x_wconf 81' lang='lat' dir='ltr'><strong>educ</strong></span> <span class='ocrx_word' id='word_1_153' title='bbox 1208 2400 1268 2465; x_wconf 80' lang='lat' dir='ltr'><strong>ui·</strong></span> 
     </span>
     <span class='ocr_line' id='line_1_18' title="bbox 154 2500 1265 2581; baseline -0.003 -16"><span class='ocrx_word' id='word_1_154' title='bbox 154 2500 198 2565; x_wconf 85' lang='lat' dir='ltr'><strong>ii..</strong></span> <span class='ocrx_word' id='word_1_155' title='bbox 209 2500 249 2565; x_wconf 76' lang='lat' dir='ltr'><strong>El</strong></span> <span class='ocrx_word' id='word_1_156' title='bbox 263 2521 334 2566; x_wconf 83' lang='lat' dir='ltr'><strong>cum</strong></span> <span class='ocrx_word' id='word_1_157' title='bbox 347 2500 479 2569; x_wconf 82' lang='lat' dir='ltr'><strong>nidirrct</strong></span> <span class='ocrx_word' id='word_1_158' title='bbox 498 2502 618 2567; x_wconf 81' lang='lat' dir='ltr'><strong>mulier</strong></span> <span class='ocrx_word' id='word_1_159' title='bbox 638 2500 825 2576; x_wconf 78' lang='lat' dir='ltr'><strong>Samuelem,</strong></span> <span class='ocrx_word' id='word_1_160' title='bbox 840 2502 1031 2568; x_wconf 76' lang='lat' dir='ltr'><strong>exclamarit</strong></span> <span class='ocrx_word' id='word_1_161' title='bbox 1050 2522 1123 2565; x_wconf 82' lang='lat' dir='ltr'><strong>occe</strong></span> <span class='ocrx_word' id='word_1_162' title='bbox 1136 2519 1265 2581; x_wconf 77' lang='lat' dir='ltr'><strong>mooun,</strong></span> 
     </span>
     <span class='ocr_line' id='line_1_19' title="bbox 154 2600 1269 2684; baseline 0 -19"><span class='ocrx_word' id='word_1_163' title='bbox 154 2603 284 2667; x_wconf 67' lang='lat' dir='ltr'><strong>edicit</strong></span> <span class='ocrx_word' id='word_1_164' title='bbox 303 2604 347 2667; x_wconf 82' lang='lat' dir='ltr'><strong>od</strong></span> <span class='ocrx_word' id='word_1_165' title='bbox 369 2600 449 2670; x_wconf 77' lang='lat' dir='ltr'><strong>scot</strong></span> <span class='ocrx_word' id='word_1_166' title='bbox 470 2612 533 2669; x_wconf 88' lang='lat' dir='ltr'><strong>elo.</strong></span> <span class='ocrx_word' id='word_1_167' title='bbox 558 2622 663 2684; x_wconf 79' lang='lat' dir='ltr'><strong>utque</strong></span> <span class='ocrx_word' id='word_1_168' title='bbox 685 2605 725 2668; x_wconf 87' lang='lat' dir='ltr'><strong>ed</strong></span> <span class='ocrx_word' id='word_1_169' title='bbox 747 2624 784 2669; x_wconf 86' lang='lat' dir='ltr'><strong>ee</strong></span> <span class='ocrx_word' id='word_1_170' title='bbox 809 2606 929 2667; x_wconf 83' lang='lat' dir='ltr'><strong>verba:</strong></span> <span class='ocrx_word' id='word_1_171' title='bbox 960 2623 1035 2667; x_wconf 84' lang='lat' dir='ltr'><strong>crcr</strong></span> <span class='ocrx_word' id='word_1_172' title='bbox 1062 2612 1166 2667; x_wconf 80' lang='lat' dir='ltr'><strong>nutem</strong></span> <span class='ocrx_word' id='word_1_173' title='bbox 1184 2613 1220 2665; x_wconf 82' lang='lat' dir='ltr'><strong>tu</strong></span> <span class='ocrx_word' id='word_1_174' title='bbox 1239 2610 1269 2665; x_wconf 81' lang='lat' dir='ltr'><strong>et</strong></span> 
     </span>
     <span class='ocr_line' id='line_1_20' title="bbox 151 2702 1268 2786; baseline -0.002 -19"><span class='ocrx_word' id='word_1_175' title='bbox 151 2704 208 2783; x_wconf 73' lang='lat' dir='ltr'><strong>tiit</strong></span> <span class='ocrx_word' id='word_1_176' title='bbox 226 2704 277 2769; x_wconf 85' lang='lat' dir='ltr'><strong>tui</strong></span> <span class='ocrx_word' id='word_1_177' title='bbox 297 2724 417 2771; x_wconf 82' lang='lat' dir='ltr'><strong>meeum</strong></span> <span class='ocrx_word' id='word_1_178' title='bbox 436 2706 552 2769; x_wconf 74' lang='lat' dir='ltr'><strong>critiae</strong></span> <span class='ocrx_word' id='word_1_179' title='bbox 567 2707 621 2769; x_wconf 83' lang='lat' dir='ltr'><strong>aed</strong></span> <span class='ocrx_word' id='word_1_180' title='bbox 640 2715 669 2769; x_wconf 86' lang='lat' dir='ltr'><strong>ct</strong></span> <span class='ocrx_word' id='word_1_181' title='bbox 685 2715 794 2770; x_wconf 71' lang='lat' dir='ltr'><strong>cestro</strong></span> <span class='ocrx_word' id='word_1_182' title='bbox 814 2706 918 2771; x_wconf 83' lang='lat' dir='ltr'><strong>leroel</strong></span> <span class='ocrx_word' id='word_1_183' title='bbox 937 2708 1041 2770; x_wconf 83' lang='lat' dir='ltr'><strong>trudet</strong></span> <span class='ocrx_word' id='word_1_184' title='bbox 1062 2704 1219 2786; x_wconf 75' lang='lat' dir='ltr'><strong>Dominae</strong></span> <span class='ocrx_word' id='word_1_185' title='bbox 1232 2702 1268 2765; x_wconf 81' lang='lat' dir='ltr'><strong>iar</strong></span> 
     </span>
     <span class='ocr_line' id='line_1_21' title="bbox 153 2804 1263 2887; baseline 0 -18"><span class='ocrx_word' id='word_1_186' title='bbox 153 2822 262 2869; x_wconf 76' lang='lat' dir='ltr'><strong>mour</strong></span> <span class='ocrx_word' id='word_1_187' title='bbox 279 2804 472 2887; x_wconf 79' lang='lat' dir='ltr'><strong>pbilirtbiar.</strong></span> <span class='ocrx_word' id='word_1_188' title='bbox 496 2827 513 2868; x_wconf 78' lang='lat' dir='ltr'><strong>o</strong></span> <span class='ocrx_word' id='word_1_189' title='bbox 536 2806 629 2884; x_wconf 88' lang='lat' dir='ltr'><strong>Quae</strong></span> <span class='ocrx_word' id='word_1_190' title='bbox 643 2809 750 2871; x_wconf 88' lang='lat' dir='ltr'><strong>omnia</strong></span> <span class='ocrx_word' id='word_1_191' title='bbox 771 2817 994 2872; x_wconf 87' lang='lat' dir='ltr'><strong>conaummrta</strong></span> <span class='ocrx_word' id='word_1_192' title='bbox 1007 2815 1085 2871; x_wconf 86' lang='lat' dir='ltr'><strong>aunt</strong></span> <span class='ocrx_word' id='word_1_193' title='bbox 1106 2809 1137 2869; x_wconf 87' lang='lat' dir='ltr'><strong>io</strong></span> <span class='ocrx_word' id='word_1_194' title='bbox 1152 2805 1263 2878; x_wconf 89' lang='lat' dir='ltr'><strong>Saule,</strong></span> 
     </span>
     <span class='ocr_line' id='line_1_22' title="bbox 155 2904 1266 2988; baseline -0.003 -19"><span class='ocrx_word' id='word_1_195' title='bbox 155 2906 277 2973; x_wconf 85' lang='lat' dir='ltr'><strong>intiliia</strong></span> <span class='ocrx_word' id='word_1_196' title='bbox 295 2910 378 2982; x_wconf 84' lang='lat' dir='ltr'><strong>auin,</strong></span> <span class='ocrx_word' id='word_1_197' title='bbox 400 2928 440 2973; x_wconf 90' lang='lat' dir='ltr'><strong>ac</strong></span> <span class='ocrx_word' id='word_1_198' title='bbox 461 2909 493 2971; x_wconf 94' lang='lat' dir='ltr'><strong>in</strong></span> <span class='ocrx_word' id='word_1_199' title='bbox 514 2908 638 2988; x_wconf 90' lang='lat' dir='ltr'><strong>populo</strong></span> <span class='ocrx_word' id='word_1_200' title='bbox 661 2907 762 2973; x_wconf 81' lang='lat' dir='ltr'><strong>lsrael</strong></span> <span class='ocrx_word' id='word_1_201' title='bbox 783 2926 887 2987; x_wconf 88' lang='lat' dir='ltr'><strong>prope</strong></span> <span class='ocrx_word' id='word_1_202' title='bbox 906 2909 1008 2988; x_wconf 79' lang='lat' dir='ltr'><strong>ipsine</strong></span> <span class='ocrx_word' id='word_1_203' title='bbox 1028 2904 1190 2971; x_wconf 70' lang='lat' dir='ltr'><strong>Samuelis</strong></span> <span class='ocrx_word' id='word_1_204' title='bbox 1213 2923 1266 2967; x_wconf 80' lang='lat' dir='ltr'><strong>aa·</strong></span> 
     </span>
     <span class='ocr_line' id='line_1_23' title="bbox 155 3006 1266 3089; baseline 0 -20"><span class='ocrx_word' id='word_1_205' title='bbox 155 3008 305 3073; x_wconf 90' lang='lat' dir='ltr'><strong>licinium.</strong></span> <span class='ocrx_word' id='word_1_206' title='bbox 330 3008 370 3073; x_wconf 80' lang='lat' dir='ltr'><strong>lit</strong></span> <span class='ocrx_word' id='word_1_207' title='bbox 392 3011 423 3072; x_wconf 92' lang='lat' dir='ltr'><strong>in</strong></span> <span class='ocrx_word' id='word_1_208' title='bbox 445 3011 493 3072; x_wconf 81' lang='lat' dir='ltr'><strong>iaie</strong></span> <span class='ocrx_word' id='word_1_209' title='bbox 514 3010 664 3073; x_wconf 80' lang='lat' dir='ltr'><strong>omnibns</strong></span> <span class='ocrx_word' id='word_1_210' title='bbox 685 3009 841 3089; x_wconf 75' lang='lat' dir='ltr'><strong>Origenes</strong></span> <span class='ocrx_word' id='word_1_211' title='bbox 860 3007 956 3089; x_wconf 81' lang='lat' dir='ltr'><strong>juxte</strong></span> <span class='ocrx_word' id='word_1_212' title='bbox 979 3009 1195 3089; x_wconf 80' lang='lat' dir='ltr'><strong>propositum,</strong></span> <span class='ocrx_word' id='word_1_213' title='bbox 1218 3006 1266 3069; x_wconf 90' lang='lat' dir='ltr'><strong>ia-</strong></span> 
     </span>
     <span class='ocr_line' id='line_1_24' title="bbox 153 3110 1267 3188; baseline 0.003 -19"><span class='ocrx_word' id='word_1_214' title='bbox 153 3112 191 3173; x_wconf 88' lang='lat' dir='ltr'><strong>cti</strong></span> <span class='ocrx_word' id='word_1_215' title='bbox 207 3112 377 3174; x_wconf 77' lang='lat' dir='ltr'><strong>veritatem</strong></span> <span class='ocrx_word' id='word_1_216' title='bbox 392 3111 536 3187; x_wconf 79' lang='lat' dir='ltr'><strong>extollit,</strong></span> <span class='ocrx_word' id='word_1_217' title='bbox 551 3112 709 3175; x_wconf 75' lang='lat' dir='ltr'><strong>sermonis</strong></span> <span class='ocrx_word' id='word_1_218' title='bbox 724 3110 834 3173; x_wconf 81' lang='lat' dir='ltr'><strong>biblici</strong></span> <span class='ocrx_word' id='word_1_219' title='bbox 854 3112 1124 3187; x_wconf 80' lang='lat' dir='ltr'><strong>convenientiam,</strong></span> <span class='ocrx_word' id='word_1_220' title='bbox 1140 3118 1174 3172; x_wconf 88' lang='lat' dir='ltr'><strong>et</strong></span> <span class='ocrx_word' id='word_1_221' title='bbox 1190 3126 1267 3188; x_wconf 87' lang='lat' dir='ltr'><strong>pro·</strong></span> 
     </span>
    </p>
   </div>
   <div class='ocr_carea' id='block_1_3' title="bbox 152 3209 1389 3305">
    <p class='ocr_par' dir='ltr' id='par_1_4' title="bbox 152 3209 1389 3305">
     <span class='ocr_line' id='line_1_25' title="bbox 152 3209 1389 3305; baseline 0.001 -33"><span class='ocrx_word' id='word_1_222' title='bbox 152 3209 274 3287; x_wconf 78' lang='lat' dir='ltr'><strong>pbetiee</strong></span> <span class='ocrx_word' id='word_1_223' title='bbox 289 3212 563 3292; x_wconf 82' lang='lat' dir='ltr'><strong>complementum</strong></span> <span class='ocrx_word' id='word_1_224' title='bbox 579 3212 619 3275; x_wconf 91' lang='lat' dir='ltr'><strong>de</strong></span> <span class='ocrx_word' id='word_1_225' title='bbox 639 3210 746 3275; x_wconf 83' lang='lat' dir='ltr'><strong>Saulis</strong></span> <span class='ocrx_word' id='word_1_226' title='bbox 761 3212 900 3293; x_wconf 81' lang='lat' dir='ltr'><strong>ejusque</strong></span> <span class='ocrx_word' id='word_1_227' title='bbox 913 3212 1003 3293; x_wconf 73' lang='lat' dir='ltr'><strong>regni</strong></span> <span class='ocrx_word' id='word_1_228' title='bbox 1018 3210 1093 3285; x_wconf 89' lang='lat' dir='ltr'><strong>tine,</strong></span> <span class='ocrx_word' id='word_1_229' title='bbox 1108 3210 1266 3291; x_wconf 81' lang='lat' dir='ltr'><strong>quemad·</strong></span> <span class='ocrx_word' id='word_1_230' title='bbox 1386 3302 1389 3305; x_wconf 8' lang='grc' dir='ltr'><em>ῃ</em></span> 
     </span>
    </p>
   </div>
   <div class='ocr_carea' id='block_1_4' title="bbox 152 3309 1266 4684">
    <p class='ocr_par' dir='ltr' id='par_1_5' title="bbox 153 3309 803 3377">
     <span class='ocr_line' id='line_1_26' title="bbox 153 3309 803 3377; baseline 0.002 -6"><span class='ocrx_word' id='word_1_231' title='bbox 153 3309 281 3375; x_wconf 90' lang='lat' dir='ltr'><strong>modum</strong></span> <span class='ocrx_word' id='word_1_232' title='bbox 302 3313 333 3374; x_wconf 91' lang='lat' dir='ltr'><strong>ei</strong></span> <span class='ocrx_word' id='word_1_233' title='bbox 355 3312 486 3377; x_wconf 87' lang='lat' dir='ltr'><strong>Semuel</strong></span> <span class='ocrx_word' id='word_1_234' title='bbox 509 3314 701 3375; x_wconf 75' lang='lat' dir='ltr'><strong>vaticinetur</strong></span> <span class='ocrx_word' id='word_1_235' title='bbox 722 3320 803 3373; x_wconf 88' lang='lat' dir='ltr'><strong>erat.</strong></span> 
     </span>
    </p>

    <p class='ocr_par' dir='ltr' id='par_1_6' title="bbox 152 3408 1266 4604">
     <span class='ocr_line' id='line_1_27' title="bbox 224 3408 1264 3493; baseline -0.002 -18"><span class='ocrx_word' id='word_1_236' title='bbox 224 3408 437 3493; x_wconf 83' lang='lat' dir='ltr'><strong>Quapropter</strong></span> <span class='ocrx_word' id='word_1_237' title='bbox 464 3413 604 3477; x_wconf 85' lang='lat' dir='ltr'><strong>illudens</strong></span> <span class='ocrx_word' id='word_1_238' title='bbox 632 3413 662 3473; x_wconf 94' lang='lat' dir='ltr'><strong>in</strong></span> <span class='ocrx_word' id='word_1_239' title='bbox 685 3414 747 3477; x_wconf 89' lang='lat' dir='ltr'><strong>bac</strong></span> <span class='ocrx_word' id='word_1_240' title='bbox 768 3414 910 3477; x_wconf 77' lang='lat' dir='ltr'><strong>veridica</strong></span> <span class='ocrx_word' id='word_1_241' title='bbox 933 3412 1091 3487; x_wconf 84' lang='lat' dir='ltr'><strong>biatoria,</strong></span> <span class='ocrx_word' id='word_1_242' title='bbox 1112 3410 1264 3474; x_wconf 73' lang='lat' dir='ltr'><strong>scientiae</strong></span> 
     </span>
     <span class='ocr_line' id='line_1_28' title="bbox 153 3513 1264 3594; baseline 0 -21"><span class='ocrx_word' id='word_1_243' title='bbox 153 3521 205 3577; x_wconf 89' lang='lat' dir='ltr'><strong>aut</strong></span> <span class='ocrx_word' id='word_1_244' title='bbox 229 3514 343 3578; x_wconf 78' lang='lat' dir='ltr'><strong>virtuti</strong></span> <span class='ocrx_word' id='word_1_245' title='bbox 364 3513 543 3589; x_wconf 80' lang='lat' dir='ltr'><strong>doemonio,</strong></span> <span class='ocrx_word' id='word_1_246' title='bbox 566 3514 726 3593; x_wconf 69' lang='lat' dir='ltr'><strong>inquitet&lt;</strong></span> <span class='ocrx_word' id='word_1_247' title='bbox 748 3514 831 3579; x_wconf 89' lang='lat' dir='ltr'><strong>Cum</strong></span> <span class='ocrx_word' id='word_1_248' title='bbox 852 3532 932 3594; x_wconf 74' lang='lat' dir='ltr'><strong>erpo</strong></span> <span class='ocrx_word' id='word_1_249' title='bbox 953 3516 1036 3589; x_wconf 86' lang='lat' dir='ltr'><strong>iata,</strong></span> <span class='ocrx_word' id='word_1_250' title='bbox 1058 3529 1143 3593; x_wconf 82' lang='lat' dir='ltr'><strong>qnae</strong></span> <span class='ocrx_word' id='word_1_251' title='bbox 1163 3529 1264 3592; x_wconf 85' lang='lat' dir='ltr'><strong>eupra</strong></span> 
     </span>
     <span class='ocr_line' id='line_1_29' title="bbox 153 3611 1264 3695; baseline 0.001 -22"><span class='ocrx_word' id='word_1_252' title='bbox 153 3612 307 3693; x_wconf 72' lang='lat' dir='ltr'><strong>descripta</strong></span> <span class='ocrx_word' id='word_1_253' title='bbox 328 3623 427 3689; x_wconf 87' lang='lat' dir='ltr'><strong>aunt,</strong></span> <span class='ocrx_word' id='word_1_254' title='bbox 451 3633 513 3677; x_wconf 94' lang='lat' dir='ltr'><strong>non</strong></span> <span class='ocrx_word' id='word_1_255' title='bbox 534 3615 596 3677; x_wconf 85' lang='lat' dir='ltr'><strong>sint</strong></span> <span class='ocrx_word' id='word_1_256' title='bbox 619 3614 806 3690; x_wconf 88' lang='lat' dir='ltr'><strong>mendacia,</strong></span> <span class='ocrx_word' id='word_1_257' title='bbox 829 3626 863 3675; x_wconf 92' lang='lat' dir='ltr'><strong>et</strong></span> <span class='ocrx_word' id='word_1_258' title='bbox 882 3615 970 3695; x_wconf 79' lang='lat' dir='ltr'><strong>qood</strong></span> <span class='ocrx_word' id='word_1_259' title='bbox 993 3632 1111 3677; x_wconf 82' lang='lat' dir='ltr'><strong>revera</strong></span> <span class='ocrx_word' id='word_1_260' title='bbox 1132 3611 1264 3677; x_wconf 88' lang='lat' dir='ltr'><strong>Somuel</strong></span> 
     </span>
     <span class='ocr_line' id='line_1_30' title="bbox 152 3713 1266 3796; baseline -0.001 -20"><span class='ocrx_word' id='word_1_261' title='bbox 152 3716 350 3795; x_wconf 76' lang='lat' dir='ltr'><strong>accenderi13</strong></span> <span class='ocrx_word' id='word_1_262' title='bbox 365 3716 443 3794; x_wconf 86' lang='lat' dir='ltr'><strong>qnid</strong></span> <span class='ocrx_word' id='word_1_263' title='bbox 458 3717 559 3796; x_wconf 72' lang='lat' dir='ltr'><strong>igitur</strong></span> <span class='ocrx_word' id='word_1_264' title='bbox 574 3716 628 3779; x_wconf 90' lang='lat' dir='ltr'><strong>bic</strong></span> <span class='ocrx_word' id='word_1_265' title='bbox 652 3716 728 3779; x_wconf 87' lang='lat' dir='ltr'><strong>iacit</strong></span> <span class='ocrx_word' id='word_1_266' title='bbox 746 3714 959 3795; x_wconf 79' lang='lat' dir='ltr'><strong>ventriloqua</strong></span> <span class='ocrx_word' id='word_1_267' title='bbox 972 3713 990 3781; x_wconf 70' lang='lat' dir='ltr'><strong>&#39;l</strong></span> <span class='ocrx_word' id='word_1_268' title='bbox 1006 3714 1093 3791; x_wconf 87' lang='lat' dir='ltr'><strong>Quid</strong></span> <span class='ocrx_word' id='word_1_269' title='bbox 1108 3722 1266 3795; x_wconf 90' lang='lat' dir='ltr'><strong>operatur</strong></span> 
     </span>
     <span class='ocr_line' id='line_1_31' title="bbox 154 3808 1265 3898; baseline 0.005 -25"><span class='ocrx_word' id='word_1_270' title='bbox 154 3808 362 3896; x_wconf 79' lang='lat' dir='ltr'><strong>ventriloquo</strong></span> <span class='ocrx_word' id='word_1_271' title='bbox 385 3818 416 3878; x_wconf 94' lang='lat' dir='ltr'><strong>in</strong></span> <span class='ocrx_word' id='word_1_272' title='bbox 431 3818 621 3881; x_wconf 83' lang='lat' dir='ltr'><strong>evocatione</strong></span> <span class='ocrx_word' id='word_1_273' title='bbox 645 3818 769 3882; x_wconf 88' lang='lat' dir='ltr'><strong>onimae</strong></span> <span class='ocrx_word' id='word_1_274' title='bbox 788 3814 933 3898; x_wconf 72' lang='lat' dir='ltr'><strong>inatile</strong></span> <span class='ocrx_word' id='word_1_275' title='bbox 955 3814 1056 3892; x_wconf 77' lang='lat' dir='ltr'><strong>Quasi</strong></span> <span class='ocrx_word' id='word_1_276' title='bbox 1076 3816 1201 3879; x_wconf 86' lang='lat' dir='ltr'><strong>diceret</strong></span> <span class='ocrx_word' id='word_1_277' title='bbox 1221 3815 1265 3879; x_wconf 77' lang='grc' dir='ltr'><strong>Δ·</strong></span> 
     </span>
     <span class='ocr_line' id='line_1_32' title="bbox 153 3912 1265 3997; baseline 0.006 -24"><span class='ocrx_word' id='word_1_278' title='bbox 153 3912 352 3980; x_wconf 79' lang='lat' dir='ltr'><strong>dementius:</strong></span> <span class='ocrx_word' id='word_1_279' title='bbox 374 3918 407 3981; x_wconf 92' lang='lat' dir='ltr'><strong>io</strong></span> <span class='ocrx_word' id='word_1_280' title='bbox 424 3918 484 3980; x_wconf 87' lang='lat' dir='ltr'><strong>bac</strong></span> <span class='ocrx_word' id='word_1_281' title='bbox 505 3916 665 3981; x_wconf 80' lang='lat' dir='ltr'><strong>Samuelis</strong></span> <span class='ocrx_word' id='word_1_282' title='bbox 687 3920 902 3997; x_wconf 86' lang='lat' dir='ltr'><strong>epparitioue,</strong></span> <span class='ocrx_word' id='word_1_283' title='bbox 917 3918 1109 3995; x_wconf 87' lang='lat' dir='ltr'><strong>cunctisque</strong></span> <span class='ocrx_word' id='word_1_284' title='bbox 1123 3919 1265 3980; x_wconf 83' lang='lat' dir='ltr'><strong>circum·</strong></span> 
     </span>
     <span class='ocr_line' id='line_1_33' title="bbox 153 4016 1263 4099; baseline 0.004 -24"><span class='ocrx_word' id='word_1_285' title='bbox 153 4019 284 4094; x_wconf 81' lang='lat' dir='ltr'><strong>alantiie,</strong></span> <span class='ocrx_word' id='word_1_286' title='bbox 306 4018 423 4081; x_wconf 84' lang='lat' dir='ltr'><strong>ibidem</strong></span> <span class='ocrx_word' id='word_1_287' title='bbox 439 4037 457 4080; x_wconf 91' lang='lat' dir='ltr'><strong>a</strong></span> <span class='ocrx_word' id='word_1_288' title='bbox 472 4016 643 4099; x_wconf 87' lang='lat' dir='ltr'><strong>Scriptura</strong></span> <span class='ocrx_word' id='word_1_289' title='bbox 665 4022 836 4095; x_wconf 79' lang='lat' dir='ltr'><strong>enarratis,</strong></span> <span class='ocrx_word' id='word_1_290' title='bbox 850 4019 975 4082; x_wconf 82' lang='lat' dir='ltr'><strong>nollem</strong></span> <span class='ocrx_word' id='word_1_291' title='bbox 989 4019 1150 4096; x_wconf 78' lang='lat' dir='ltr'><strong>praestitit</strong></span> <span class='ocrx_word' id='word_1_292' title='bbox 1163 4021 1263 4080; x_wconf 89' lang='lat' dir='ltr'><strong>notio·</strong></span> 
     </span>
     <span class='ocr_line' id='line_1_34' title="bbox 152 4116 1264 4199; baseline 0 -20"><span class='ocrx_word' id='word_1_293' title='bbox 152 4130 218 4180; x_wconf 85' lang='lat' dir='ltr'><strong>uem</strong></span> <span class='ocrx_word' id='word_1_294' title='bbox 239 4126 299 4181; x_wconf 89' lang='lat' dir='ltr'><strong>aut</strong></span> <span class='ocrx_word' id='word_1_295' title='bbox 320 4116 532 4199; x_wconf 82' lang='lat' dir='ltr'><strong>ventriloqua</strong></span> <span class='ocrx_word' id='word_1_296' title='bbox 563 4128 621 4183; x_wconf 87' lang='lat' dir='ltr'><strong>nul</strong></span> <span class='ocrx_word' id='word_1_297' title='bbox 651 4121 870 4184; x_wconf 89' lang='lat' dir='ltr'><strong>daemonium.</strong></span> <span class='ocrx_word' id='word_1_298' title='bbox 904 4118 946 4183; x_wconf 85' lang='lat' dir='ltr'><strong>Et</strong></span> <span class='ocrx_word' id='word_1_299' title='bbox 967 4120 1020 4183; x_wconf 91' lang='lat' dir='ltr'><strong>bic</strong></span> <span class='ocrx_word' id='word_1_300' title='bbox 1048 4136 1125 4183; x_wconf 84' lang='lat' dir='ltr'><strong>eune</strong></span> <span class='ocrx_word' id='word_1_301' title='bbox 1145 4135 1264 4197; x_wconf 80' lang='lat' dir='ltr'><strong>acopos</strong></span> 
     </span>
     <span class='ocr_line' id='line_1_35' title="bbox 152 4211 1264 4299; baseline 0.003 -21"><span class='ocrx_word' id='word_1_302' title='bbox 152 4211 295 4297; x_wconf 71' lang='lat' dir='ltr'><strong>origenis</strong></span> <span class='ocrx_word' id='word_1_303' title='bbox 315 4220 347 4281; x_wconf 91' lang='lat' dir='ltr'><strong>in</strong></span> <span class='ocrx_word' id='word_1_304' title='bbox 369 4218 468 4299; x_wconf 82' lang='lat' dir='ltr'><strong>bojon</strong></span> <span class='ocrx_word' id='word_1_305' title='bbox 501 4220 656 4285; x_wconf 80' lang='lat' dir='ltr'><strong>historiae</strong></span> <span class='ocrx_word' id='word_1_306' title='bbox 686 4224 893 4299; x_wconf 88' lang='lat' dir='ltr'><strong>narratione;</strong></span> <span class='ocrx_word' id='word_1_307' title='bbox 926 4221 1010 4283; x_wconf 87' lang='lat' dir='ltr'><strong>ideal</strong></span> <span class='ocrx_word' id='word_1_308' title='bbox 1030 4228 1067 4283; x_wconf 92' lang='lat' dir='ltr'><strong>ut</strong></span> <span class='ocrx_word' id='word_1_309' title='bbox 1093 4220 1264 4281; x_wconf 82' lang='lat' dir='ltr'><strong>veritatem</strong></span> 
     </span>
     <span class='ocr_line' id='line_1_36' title="bbox 154 4316 1265 4413; baseline 0.003 -35"><span class='ocrx_word' id='word_1_310' title='bbox 154 4316 283 4383; x_wconf 87' lang='lat' dir='ltr'><strong>roboret</strong></span> <span class='ocrx_word' id='word_1_311' title='bbox 302 4322 342 4383; x_wconf 92' lang='lat' dir='ltr'><strong>de</strong></span> <span class='ocrx_word' id='word_1_312' title='bbox 363 4318 523 4386; x_wconf 75' lang='lat' dir='ltr'><strong>Samuelis</strong></span> <span class='ocrx_word' id='word_1_313' title='bbox 544 4330 631 4387; x_wconf 81' lang='lat' dir='ltr'><strong>nutu</strong></span> <span class='ocrx_word' id='word_1_314' title='bbox 652 4323 738 4413; x_wconf 68' lang='lat' dir='ltr'><strong>apud</strong></span> <span class='ocrx_word' id='word_1_315' title='bbox 761 4322 904 4397; x_wconf 87' lang='lat' dir='ltr'><strong>inieroa,</strong></span> <span class='ocrx_word' id='word_1_316' title='bbox 935 4321 1008 4402; x_wconf 74' lang='lat' dir='ltr'><strong>ejus</strong></span> <span class='ocrx_word' id='word_1_317' title='bbox 1030 4320 1210 4401; x_wconf 78' lang='lat' dir='ltr'><strong>praesentia</strong></span> <span class='ocrx_word' id='word_1_318' title='bbox 1231 4327 1265 4381; x_wconf 87' lang='lat' dir='ltr'><strong>et</strong></span> 
     </span>
     <span class='ocr_line' id='line_1_37' title="bbox 153 4416 1262 4499; baseline 0.004 -21"><span class='ocrx_word' id='word_1_319' title='bbox 153 4416 313 4497; x_wconf 80' lang='lat' dir='ltr'><strong>mboquio</strong></span> <span class='ocrx_word' id='word_1_320' title='bbox 334 4438 409 4485; x_wconf 90' lang='lat' dir='ltr'><strong>cum</strong></span> <span class='ocrx_word' id='word_1_321' title='bbox 431 4418 668 4496; x_wconf 84' lang='lat' dir='ltr'><strong>Saule,·istiua</strong></span> <span class='ocrx_word' id='word_1_322' title='bbox 689 4422 824 4487; x_wconf 86' lang='lat' dir='ltr'><strong>deceaen</strong></span> <span class='ocrx_word' id='word_1_323' title='bbox 845 4440 921 4487; x_wconf 89' lang='lat' dir='ltr'><strong>eum</strong></span> <span class='ocrx_word' id='word_1_324' title='bbox 942 4420 1016 4484; x_wconf 79' lang='lat' dir='ltr'><strong>liliis</strong></span> <span class='ocrx_word' id='word_1_325' title='bbox 1034 4422 1123 4495; x_wconf 84' lang='lat' dir='ltr'><strong>anie,</strong></span> <span class='ocrx_word' id='word_1_326' title='bbox 1143 4420 1262 4499; x_wconf 82' lang='lat' dir='ltr'><strong>suique</strong></span> 
     </span>
     <span class='ocr_line' id='line_1_38' title="bbox 153 4518 1262 4604; baseline 0 -19"><span class='ocrx_word' id='word_1_327' title='bbox 153 4520 236 4597; x_wconf 74' lang='lat' dir='ltr'><strong>regni</strong></span> <span class='ocrx_word' id='word_1_328' title='bbox 257 4518 341 4596; x_wconf 88' lang='lat' dir='ltr'><strong>line,</strong></span> <span class='ocrx_word' id='word_1_329' title='bbox 362 4523 412 4589; x_wconf 89' lang='lat' dir='ltr'><strong>nti</strong></span> <span class='ocrx_word' id='word_1_330' title='bbox 433 4522 556 4589; x_wconf 82' lang='lat' dir='ltr'><strong>ioelum</strong></span> <span class='ocrx_word' id='word_1_331' title='bbox 575 4523 775 4604; x_wconf 70' lang='lat' dir='ltr'><strong>amplissimo</strong></span> <span class='ocrx_word' id='word_1_332' title='bbox 802 4523 1038 4603; x_wconf 85' lang='lat' dir='ltr'><strong>comprobarit.</strong></span> <span class='ocrx_word' id='word_1_333' title='bbox 1063 4519 1106 4586; x_wconf 81' lang='lat' dir='ltr'><strong>lit</strong></span> <span class='ocrx_word' id='word_1_334' title='bbox 1127 4521 1207 4584; x_wconf 86' lang='lat' dir='ltr'><strong>baec</strong></span> <span class='ocrx_word' id='word_1_335' title='bbox 1227 4539 1262 4585; x_wconf 92' lang='lat' dir='ltr'><strong>o-</strong></span> 
     </span>
    </p>

    <p class='ocr_par' dir='ltr' id='par_1_7' title="bbox 272 4618 1113 4684">
     <span class='ocr_line' id='line_1_39' title="bbox 272 4618 1113 4684; baseline 0.001 -3"><span class='ocrx_word' id='word_1_336' title='bbox 272 4618 334 4683; x_wconf 80' lang='lat' dir='ltr'><strong>Voi.</strong></span> <span class='ocrx_word' id='word_1_337' title='bbox 359 4619 404 4684; x_wconf 90' lang='lat' dir='ltr'><strong>tt.</strong></span> <span class='ocrx_word' id='word_1_338' title='bbox 1104 4620 1113 4652; x_wconf 92' lang='lat'>‘</span> 
     </span>
    </p>
   </div>
   <div class='ocr_carea' id='block_1_5' title="bbox 0 0 1692 5567">
    <p class='ocr_par' dir='ltr' id='par_1_8' title="bbox 0 0 1692 5567">
     <span class='ocr_line' id='line_1_40' title="bbox 0 0 1692 5567; baseline 0 3"><span class='ocrx_word' id='word_1_339' title='bbox 0 0 1692 5567; x_wconf 95' lang='lat' dir='ltr'><strong> </strong></span> 
     </span>
    </p>
   </div>
  </div>
 </body>
</html>
