3375 5567
193 779 342 858 uultum)
370 779 410 843 ml
432 787 569 844 naturae
597 780 797 843 rationabilis
827 779 935 858 (idest
962 779 1121 857 hominist
1143 779 1247 859 quali-

221 897 252 942 t:
272 891 305 944 et
327 880 399 946 virle
417 881 583 962 quomodo
604 882 688 946 uliae
710 883 720 962 l
732 883 813 946 tuest
833 891 943 962 pontes
968 881 1087 946 Christi
1110 882 1245 958 fideles)

250 1001 261 1035 a
283 985 314 1044 iu
335 983 548 1064 qualitatibus
570 983 774 1047 beatitudinis
795 983 905 1048 seculo
928 983 1031 1048 mults
1055 983 1245 1064 perdurant:

296 1087 437 1168 (nempe
466 1107 542 1168 gens
560 1088 715 1170 judaica)
737 1091 769 1151 iu
792 1089 950 1169 qualitate
972 1088 1114 1152 mulitloe
1135 1086 1250 1150 nihilu-

310 1190 365 1251 ula
381 1191 485 1254 mults
501 1199 706 1254 consumunt.
730 1191 823 1253 Aliso
839 1210 880 1254 sa
898 1192 946 1254 lris
962 1206 1064 1270 parvo
1088 1198 1249 1269 tempore,

324 1294 449 1368 atibus,
474 1295 524 1356 vel
547 1295 579 1355 iu
601 1294 733 1356 malitiis
756 1279 903 1356 manent:
936 1294 1021 1358 alise
1043 1295 1248 1374 perexigu05

238 1395 407 1458 ,umodum
429 1395 532 1458 brevi.
556 1415 572 1453 s
596 1394 689 1471 Quae
712 1397 885 1459 norissima
904 1397 1005 1459 verbs
1027 1415 1101 1460 oum
1118 1396 1250 1477 speciali

157 1514 211 1557 ,oro
222 1505 413 1575 argumento
430 1498 552 1576 prosint
567 1496 607 1558 tle
621 1497 814 1560 indifferenti
825 1499 950 1562 animae
968 1507 1001 1563 ot
1017 1499 1154 1562 hominis
1169 1517 1251 1561 nun·

147 1598 302 1674 erpotious
315 1598 347 1659 in
361 1598 454 1660 libris
468 1598 635 1679 Origeuis‚
652 1609 789 1664 mentem
806 1603 946 1682 amplius
960 1603 1049 1665 illius
1066 1603 1248 1677 illustrant,

147 1716 271 1781 suusque
290 1701 493 1781 oppositores
515 1703 739 1764 condemnant.

195 1801 268 1865 item
284 1800 387 1864 Tomo
401 1800 504 1866 XVll.
521 1822 550 1864 n.
572 1802 624 1868 22.
640 1803 677 1864 io
691 1801 900 1880 Mastiacum,
918 1802 1121 1868 indicaturus
1136 1802 1252 1884 Orige-

148 1918 193 1964 nes
211 1909 341 1966 renatos
361 1903 400 1964 sd
424 1903 566 1980 nuptias,
582 1922 622 1966 er
646 1901 749 1968 lsrael
772 1906 893 1970 electos
916 1907 1015 1982 viros,
1035 1907 1100 1968 ait:
1119 1902 1249 1980 «Puto,

148 2010 261 2078 antem,
285 2004 502 2083 ingenuarum
522 2005 713 2084 aliquarum
740 2006 923 2070 animorum
945 2015 978 2070 et
1002 2007 1252 2068 israeliticarum

146 2106 268 2181 primam
290 2105 373 2166 haue
395 2106 597 2168 rooatiouem
620 2105 718 2169 luisse
742 2105 781 2168 au
805 2107 944 2187 nuptias.
962 2125 978 2164 n
999 2105 1154 2170 Similiter
1174 2123 1254 2185 pau·

146 2203 174 2267 lo
186 2214 252 2284 post
267 2225 300 2268 n.
314 2205 367 2273 31.
382 2225 510 2270 sensum
525 2208 706 2287 spiritaiem
721 2207 904 2286 disquirens
921 2209 960 2272 tle
975 2209 1114 2272 muliere
1128 2215 1160 2272 et
1173 2208 1255 2270 duo·

147 2305 196 2369 lus
215 2308 384 2382 iratribus,
406 2327 550 2388 quorum
571 2312 695 2389 primus
724 2311 855 2390 quidem
878 2311 992 2374 habuit
1012 2329 1153 2376 uxorem
1169 2317 1251 2374 etos

149 2407 311 2482 «Mulier,
335 2409 425 2484 nisit,
447 2409 604 2473 sermonis
624 2411 727 2483 illins,
750 2418 799 2474 est
819 2413 922 2474 omnis
943 2413 1065 2488 anima,
1090 2413 1142 2476 vel
1161 2429 1255 2497 synu-

147 2525 227 2590 pupa,
244 2529 332 2592 quae
351 2513 444 2590 prius
465 2511 528 2576 luit
547 2512 609 2574 suh
625 2510 728 2590 Lege:
752 2513 858 2593 qualis
874 2513 936 2577 init
949 2514 1054 2576 anima
1074 2512 1179 2589 Pauli,
1204 2514 1254 2578 rel

149 2609 238 2690 Petri,
252 2623 508 2695 ceterorumque
522 2633 565 2676 ex
583 2615 705 2694 populo
727 2615 798 2678 illo.
818 2614 932 2678 Omnis
953 2624 1062 2678 sutem
1079 2615 1183 2678 enims
1206 2635 1256 2679 re·

148 2720 202 2790 eta,
214 2732 300 2795 quse
317 2714 378 2779 luit
391 2717 532 2779 amatrix
547 2717 704 2780 sermonis
719 2717 809 2779 illins
823 2726 876 2780 sto
887 2759 985 2780 .....
999 2717 1112 2781 Animo
1129 2725 1253 2793 sutem,

148 2831 297 2895 quaenon
311 2825 421 2880 serrat
437 2815 531 2896 Legis
546 2816 733 2881 mandatum
748 2827 811 2881 ete.
827 2863 835 2881 .
851 2863 858 2880 .
874 2863 881 2878 .
897 2817 939 2880 Et
957 2819 1037 2882 tales
1055 2827 1131 2882 suut
1148 2837 1258 2882 omnes

148 2919 260 2982 animae
281 2919 549 2982 haereticorum:
575 2919 695 2998 quibus
715 2937 824 2982 sermo
844 2919 976 2999 quidem
991 2918 1084 3000 legis
1105 2923 1257 3002 antiques

148 3026 286 3083 nunnus
308 3024 358 3080 est
378 3025 442 3081 eto.
466 3038 484 3076 a

211 3117 424 3199 Quapropter
443 3137 519 3184 cum
540 3122 583 3184 lta
598 3139 633 3184 se
655 3121 794 3185 habeant
818 3121 968 3202 exemplu
985 3121 1156 3201 hucusque
1177 3124 1254 3186 otta·

147 3218 222 3283 tatle
235 3223 364 3284 animae
376 3221 608 3300 significatione
623 3223 761 3286 inlibris
782 3224 990 3302 origenianis,
1007 3224 1138 3287 eruitur
1152 3223 1255 3302 ipsum

146 3319 173 3381 ia
189 3323 429 3402 nuncupatione
440 3320 580 3394 animos,
594 3324 721 3401 meotis,
744 3320 849 3386 animi
869 3332 929 3388 unt
946 3324 1116 3398 similium,
1131 3340 1190 3402 per
1208 3342 1260 3404 sp·

146 3424 320 3486 sormam
342 3425 503 3486 lromluem
530 3425 674 3488 ludioare
706 3442 903 3504 corporeum
934 3441 972 3488 ao
992 3425 1184 3504 spiritalem.
1216 3424 1259 3489 Et

147 3521 211 3587 lsiuo
229 3525 271 3587 ab
292 3543 334 3587 eo
355 3541 415 3603 per
443 3524 604 3590 formulas
635 3524 746 3587 opimo
767 3524 937 3598 occidens,
960 3523 1177 3600 etiamdum,
1199 3541 1257 3590 sen

146 3623 319 3690 &mm
340 3635 370 3688 et
388 3627 574 3698 memoras,
595 3645 655 3690 seu
672 3627 844 3706 proficiens
863 3635 893 3688 et
910 3625 1070 3704 deficiens,
1096 3629 1147 3691 vel
1167 3628 1259 3707 lapso

147 3733 366 3806 ursserpem,
381 3736 438 3790 snt
457 3745 569 3790 suerro
588 3736 618 3788 et
630 3744 756 3790 reuerso
775 3735 838 3790 ete.
863 3729 999 3792 nonnisi
1023 3729 1183 3792 inmense
1205 3747 1260 3793 ua-

149 3833 234 3892 turas
253 3831 450 3895 arbitratum
479 3828 660 3908 praeferri,
687 3847 755 3907 quo
785 3847 844 3890 usa
873 3829 905 3890 in
935 3845 1032 3890 unum
1056 3831 1107 3892 sel
1129 3832 1160 3891 iu
1181 3830 1261 3893 alte·

148 3943 208 3992 ram
230 3937 360 4009 partem
380 3927 492 4004 llsetit,
514 3930 583 3990 sive
605 3932 637 3991 in
659 3929 792 4004 bouum,
815 3937 875 3992 aut
895 3929 926 3989 iu
949 3928 1083 3992 mulum.
1108 3929 1260 3994 Proinde·

148 4033 256 4107 quein
278 4031 379 4094 Libro
401 4029 425 4092 l.
450 4029 646 4094 Parioreisou
663 4049 692 4093 o.
715 4027 805 4092 Vlll.
822 4029 897 4095 αθ.
921 4039 1095 4112 postquem
1117 4031 1257 4094 divinem

148 4139 289 4195 naturam
302 4133 488 4198 ostenderat
504 4131 662 4213 Origenes
675 4131 933 4196 substantialiter
945 4142 1101 4208 sanetum,
1119 4134 1257 4214 adierit:

150 4250 165 4289 s
183 4230 282 4314 Siqua
302 4243 413 4299 autem
434 4236 497 4298 alia
519 4243 637 4299 natura
659 4241 770 4297 saneta
790 4241 864 4308 est,
887 4253 928 4300 ex
950 4235 1182 4314 assumptione,
1207 4237 1257 4298 rel

148 4330 352 4415 inspiratione
371 4334 510 4415 Spiritus
532 4334 639 4420 Sancti
662 4337 724 4398 lrou
745 4336 842 4398 habet
865 4345 900 4399 ut
931 4337 1171 4400 sanottfioetur:
1194 4355 1256 4400 non
1328 4409 1331 4416 ¹

150 4449 185 4496 er
205 4453 263 4500 sna
286 4445 403 4502 natura
426 4439 489 4500 hoe
511 4438 644 4512 babens,
665 4435 720 4498 sed
742 4436 890 4500 assidens
911 4437 969 4500 sibi
981 4457 993 4516 ;
1016 4438 1259 4518 propterquod

152 4539 180 4596 et
198 4535 348 4604 troium
368 4543 486 4619 potest,
508 4537 596 4619 quoi
618 4537 746 4601 aoeiuit.
764 4534 809 4600 its
831 4545 864 4600 et
884 4538 1081 4602 occidentem
1101 4538 1260 4619 justitiam
