3375 5567
431 664 495 742 m
1284 591 1316 712 ὓ.

432 771 514 832 tttnr
534 770 634 850 ipsius
654 773 830 852 spiraculi,
862 773 943 838 inest
963 775 1089 838 animae
1114 773 1293 855 praecessio
1314 790 1372 836 sen
1392 773 1524 852 prasesi-

429 874 546 934 stentia
566 874 608 935 ab
628 882 736 948 extra,
753 883 790 937 ut
805 875 945 950 dicatur,
969 895 1026 938 nec
1048 877 1132 940 tacta
1155 883 1248 940 antea
1269 893 1286 938 a
1311 874 1390 950 Deo,
1406 891 1460 936 nec
1478 892 1527 934 cx·

433 974 533 1036 titisse
553 976 658 1036 anima
682 974 821 1050 adami,
854 993 959 1057 neque
980 978 1052 1040 inde
1073 977 1198 1058 generis
1217 978 1269 1042 sni
1289 975 1458 1058 cujusque,
1478 973 1528 1034 atsi

403 1149 412 1159 .
430 1072 635 1138 conformato
655 1076 688 1138 in
708 1077 784 1140 alvo
805 1079 917 1141 matris
949 1077 1050 1142 fonto.
1076 1078 1155 1142 item
1181 1081 1213 1141 in
1235 1077 1332 1140 Libro
1362 1073 1416 1138 Vi.
1436 1091 1465 1135 ιι.
1484 1070 1528 1136 oi

432 1185 545 1237 contra
574 1173 705 1244 Celsum
726 1195 770 1240 ex
801 1173 956 1259 praetatis
982 1177 1143 1244 Geneseos
1171 1179 1277 1244 verbis
1298 1176 1463 1259 perspicue
1482 1172 1530 1234 io

432 1285 498 1351 oet,
512 1277 593 1341 duas
614 1279 808 1344 snbstantias
829 1281 861 1342 in
882 1281 1008 1344 acano
1029 1282 1127 1346 simul
1150 1289 1276 1348 orestas
1298 1281 1398 1346 inisse
1417 1276 1531 1341 enden-

431 1393 497 1458 que
518 1386 665 1456 ternpore
684 1397 805 1461 corpus
825 1388 858 1444 et
878 1382 1027 1444 animam.

511 1476 563 1544 Ex
586 1479 726 1560 Proingo
746 1480 978 1547 commentarit
998 1479 1033 1546 io
1058 1481 1226 1548 Canticum
1251 1479 1473 1554 canticorum,
1499 1479 1533 1540 si·

433 1579 521 1643 mitia
535 1582 722 1660 explanavit
734 1581 891 1663 Origenes
904 1584 991 1648 circa
1004 1584 1129 1648 animae
1139 1585 1360 1652 erectionem
1377 1597 1393 1642 s
1411 1581 1444 1644 in
1457 1583 1532 1660 prin·

432 1682 519 1762 cipio
541 1684 716 1748 verborum
731 1683 852 1770 Moysi,
870 1687 985 1766 inquit,
1009 1687 1064 1750 nbi
1080 1686 1120 1750 de
1135 1685 1244 1750 mnndi
1265 1685 1450 1748 conditione
1468 1699 1532 1744 con·

431 1785 599 1860 scribitur,
620 1787 703 1850 dnos
725 1788 906 1852 invenimus
927 1788 1072 1852 homines
1093 1794 1219 1852 creatos
1242 1785 1381 1852 reierrir
1404 1784 1531 1865 prinum

432 1887 472 1948 cd
496 1887 666 1966 imaginem
686 1896 720 1952 et
737 1889 980 1954 simtttrnctnem
1003 1887 1060 1954 Dei
1082 1889 1216 1966 iactum,
1237 1888 1418 1954 secundum
1433 1903 1450 1948 e
1465 1883 1533 1944 tino

433 1994 540 2051 terrae
562 1988 695 2054 iactum.
717 1988 789 2054 Hoc
809 1989 933 2056 Paulus
956 1991 1133 2072 Apostolus
1154 1991 1234 2054 bene
1254 1990 1373 2060 sciens,
1392 1993 1426 2050 et
1445 1984 1482 2047 ad
1501 1982 1531 2042 ii·

432 2087 568 2171 quidum
590 2089 622 2150 in
642 2090 692 2152 his
712 2091 878 2168 eruditus,
901 2093 1020 2157 inanis
1041 2091 1171 2157 Litteris
1198 2090 1344 2170 apertius
1365 2084 1533 2152 ctoritate

434 2189 498 2253 tine
512 2191 603 2254 binos
623 2199 738 2256 esseet
750 2211 810 2271 per
822 2194 966 2272 singulos
987 2211 1149 2274 quosque,
1165 2192 1310 2256 homiues
1330 2189 1470 2269 scripsit.
1489 2183 1532 2247 stc

398 2328 406 2341 -
431 2292 516 2353 enim
530 2291 613 2356 dixit
626 2313 636 2355 ι
658 2311 735 2356 oum
750 2293 781 2356 ιι·
797 2293 841 2368 ic,
861 2293 917 2376 qui
928 2293 1009 2375 soris
1028 2305 1083 2372 cst,
1098 2295 1187 2358 tono
1200 2303 1305 2358 noster
1318 2287 1533 2370 corrumpitur,

431 2392 485 2456 scri
504 2392 572 2468 iiic,
594 2391 652 2477 qui
669 2391 760 2458 intua
779 2403 824 2456 cst
834 2440 849 2472 ,
871 2405 1044 2460 reuocetur
1063 2398 1100 2460 dc
1113 2394 1164 2458 dic
1182 2393 1219 2458 ιἰι
1240 2393 1332 2458 eiiam.
1351 2392 1395 2460 Et
1414 2393 1531 2456 iterun:

430 2494 624 2556 condelector
642 2495 727 2559 caios
745 2495 809 2578 icps'
829 2495 887 2562 uei
913 2499 1086 2562 secuudum
1104 2495 1285 2562 interiorem
1314 2493 1490 2564 tremissem
1506 2495 1534 2550 0¹

434 2595 483 2660 his
503 2596 620 2660 similis
640 2604 761 2678 quanta
784 2599 989 2664 conscribit?
1009 2597 1103 2664 Unde
1124 2609 1204 2680 pnto
1226 2597 1389 2662 nominem
1408 2596 1471 2676 iant
1489 2589 1533 2652 ds·

433 2695 512 2760 bere
530 2695 702 2774 dubitare,
732 2699 821 2780 quod
842 2697 972 2784 Moyses
994 2699 1034 2763 de
1054 2699 1196 2764 duorum
1229 2698 1400 2764 hominnm
1421 2695 1532 2757 tactura

436 2799 487 2860 rei
503 2798 655 2879 figmento
666 2803 834 2881 scripserit
849 2804 881 2866 in
896 2802 1053 2882 principio
1069 2800 1213 2876 Genesis,
1237 2817 1311 2864 cusu
1328 2799 1437 2862 videat
1449 2802 1529 2859 etc.»

434 2897 516 2964 Guna
537 2910 646 2964 antem
669 2903 753 2966 dicat
775 2903 915 2982 primum
932 2911 965 2966 et
983 2903 1173 2978 secundum,
1191 2901 1271 2964 idest
1285 2901 1472 2964 interiorem
1487 2897 1533 2958 tao·

435 3002 553 3066 minem
577 3012 611 3068 et
634 3006 846 3082 exteriorem,
869 3021 932 3068 uon
956 3005 1084 3084 respicit
1104 3005 1217 3068 aetatis
1237 3005 1441 3083 primatum,
1465 3013 1532 3078 qut·

434 3104 461 3167 si
482 3103 618 3170 interior
640 3108 737 3168 homo
759 3107 971 3185 praecesserit
986 3106 1165 3170 exteriori:
1185 3105 1239 3168 sed
1253 3105 1285 3166 in
1308 3106 1370 3168 hoc
1392 3101 1532 3184 significa·

435 3207 482 3270 sit
501 3207 663 3288 diguitatis
692 3208 919 3288 praestantiam
952 3208 1077 3270 animae
1110 3207 1212 3270 relate
1235 3206 1275 3270 ad
1298 3209 1447 3287 corporis
1467 3201 1532 3267 inte·

435 3306 636 3388 rioritatern3
657 3310 717 3372 etsi
738 3318 918 3388 ntrnmque
939 3310 1035 3372 simui
1057 3309 1220 3373 creaverit
1242 3305 1341 3372 Dens:
1363 3326 1403 3372 ac
1424 3308 1533 3370 animae

434 3410 669 3476 distinctionem
690 3429 731 3473 ex
753 3411 846 3474 dictis
867 3411 1026 3490 concepit,
1041 3413 1117 3491 qnia
1137 3410 1176 3472 ad
1200 3411 1418 3490 imaginarent
1437 3406 1532 3473 sinili-

437 3512 580 3575 tudinem
595 3511 653 3574 Dei
669 3512 753 3574 iacta
770 3520 830 3576 est.
848 3510 891 3574 Et
908 3513 950 3574 ob
972 3513 1033 3575 hnc
1046 3510 1242 3576 iten‘Libro
1263 3511 1304 3574 ΙΙ.
1324 3510 1361 3574 iu
1373 3510 1533 3592 Epictetus

433 3615 477 3676 nd
496 3610 654 3676 Romanos
682 3631 713 3676 u.
737 3610 783 3678 1³.
805 3614 867 3677 sub
895 3614 1005 3676 eadem
1038 3615 1279 3694 nuncupatione
1299 3613 1382 3676 dnos
1405 3611 1532 3677 hominos

439 3733 570 3788 vocans,
598 3733 698 3778 unum
723 3717 921 3780 exteriorem
943 3714 1035 3790 dicit,
1058 3715 1244 3780 interiorem
1265 3714 1407 3784 alterurn
1429 3733 1468 3777 ex
1489 3727 1532 3771 co

438 3817 512 3880 dem
534 3815 639 3901 Moysi
663 3818 854 3881 testimonio.

516 3917 670 3983 Getarum
691 3935 766 3984 cunr
781 3920 827 3982 ait
847 3918 1015 3999 Origenes,
1031 3917 1112 3982 duos
1125 3917 1269 3980 homiues
1290 3933 1416 3980 creasse
1431 3915 1532 3980 nean.

437 4020 619 4084 tasumonio
638 4039 717 4084 usus
730 4019 913 4085 Geneseosc
935 4018 1092 4099 [commus
1104 4016 1258 4080 inminens
1274 4019 1316 4080 od
1336 4015 1495 4096 imopicsss
1511 4019 1533 4070 tt

436 4119 678 4184 stmttisucttccm
704 4131 868 4184 rostrata.-
897 4120 979 4182 dnos
1008 4119 1152 4182 homines
1178 4119 1254 4182 dico
1281 4135 1407 4182 creasse
1434 4114 1532 4180 eodan

438 4231 607 4305 tenspore,
628 4223 826 4286 exteriorem
847 4230 880 4286 et
911 4222 1120 4294 interiorem,
1143 4238 1263 4301 eorpus
1284 4227 1315 4284 et
1335 4219 1490 4293 animam
1507 4219 1534 4274 at

437 4341 516 4388 curu
533 4325 669 4404 insuper
688 4331 825 4397 constet,
848 4323 953 4402 ipsum
976 4323 1101 4386 animae
1129 4322 1288 4385 humente
1307 4321 1473 4384 suentium
1490 4331 1533 4378 sn·

440 4425 618 4490 uindicasse
646 4425 814 4490 vocubulis
839 4425 1091 4505 scripturalibus
1114 4421 1220 4502 imapo
1241 4431 1270 4484 rt
1290 4420 1464 4485 simititudo
1476 4411 1532 4484 net,

442 4526 489 4593 ιιιΙ
509 4526 631 4606 iegitur
650 4527 819 4605 praestaro
838 4543 881 4590 ex
902 4523 1005 4589 Turno
1026 4523 1116 4590 xttt.
1133 4541 1163 4586 n.
1184 4520 1235 4589 tu.
1255 4531 1288 4588 et
1307 4521 1379 4588 XX.
1401 4541 1429 4586 n.
1442 4513 1533 4588 Μ
