3375 5567
175 762 318 843 iniquitate
331 768 518 843 conceptos,
532 762 694 842 variisque
704 761 980 843 inquinationibus
998 758 1144 825 foedatos
1158 777 1263 843 nsque

172 868 196 927 in
218 870 373 929 aeternum
395 883 513 946 poenas
541 866 617 946 pati.
650 865 862 944 Quapropter
894 862 1130 943 providendum
1166 870 1266 937 erat,

171 972 373 1030 minaturum
397 977 541 1031 nostram
569 986 610 1031 ex
635 968 682 1031 bis
708 968 794 1031 vitiis
815 968 941 1030 servari
972 983 1114 1048 purum3
1142 983 1215 1039 seu,
1243 964 1269 1027 si

171 1070 218 1133 boc
240 1070 302 1134 leri
338 1088 401 1135 nou
434 1078 561 1154 potest,
589 1071 693 1134 eidem
719 1070 845 1134 modica
877 1086 980 1144 cura,
1006 1068 1145 1149 ejusque
1169 1066 1269 1130 detri-

171 1172 261 1235 mrniis
285 1173 405 1235 mederi
430 1174 711 1250 necesseeri13el
735 1175 835 1235 instar
857 1169 1065 1249 evangelican
1091 1168 1268 1250 parabolae

170 1274 366 1351 islebitore,
395 1276 453 1356 qui
481 1277 595 1338 missus
626 1284 672 1337 est
703 1276 735 1337 in
759 1292 934 1347 carcerem,
961 1289 1067 1351 usque
1092 1270 1171 1333 lum
1196 1254 1274 1334 reti-⁸

171 1376 439 1440 leretunirersum
451 1377 608 1457 debitum3
621 1377 766 1441 debitum
778 1394 893 1456 nempe
904 1380 1108 1438 contractum
1123 1372 1165 1435 ob
1180 1372 1267 1453 ejus·

170 1477 224 1539 deu
249 1498 319 1541 cum
346 1479 445 1543 buius
470 1480 554 1541 vitae
578 1479 778 1559 passionibus
798 1488 831 1540 et
861 1478 1026 1539 aerumnis
1049 1474 1268 1554 participatio·

172 1596 238 1656 neu,
261 1581 308 1643 rei
330 1583 436 1644 donec
463 1590 632 1661 peccatum
657 1580 689 1643 in
719 1596 818 1643 carne
840 1579 1016 1659 tleponeret
1043 1584 1078 1641 et
1098 1576 1268 1657 abjiceret,

172 1682 373 1763 pudoremque
395 1689 547 1757 exueret,
562 1698 658 1761 quem
677 1680 719 1743 ob
733 1679 839 1742 debite
856 1678 967 1743 subiit.
981 1675 1137 1753 «Quibus
1150 1676 1267 1740 solutis

171 1782 246 1846 insui
266 1783 348 1863 juris
372 1789 566 1864 potestatem
588 1799 627 1844 ac
653 1780 835 1843 libertatem
852 1779 1104 1858 restitueretur-3
1125 1796 1212 1859 quae
1228 1777 1268 1837 li·
1300 1818 1306 1829 .

170 1882 255 1946 bertas
271 1885 438 1949 dominnm
458 1902 521 1949 non
538 1884 646 1947 babet.
664 1880 897 1947 Verumtamen
912 1881 1019 1944 divina
1034 1888 1150 1943 natura
1165 1880 1269 1943 omnis

173 1986 280 2047 virtutis
304 1986 375 2049 lons
397 1994 457 2049 est.
484 1984 519 2048 ln
543 1985 722 2066 iincipitur
746 1992 861 2056 erunt,
885 1983 943 2063 qni
971 2000 990 2046 a
1016 1978 1121 2054 mia
1149 1980 1269 2045 vitiosi·

171 2093 220 2148 tate
239 2090 436 2165 animentur,
448 2096 497 2162 ut,
522 2088 623 2151 veluti
651 2086 696 2149 ait
714 2086 913 2167 Apostolus,
934 2083 1019 2147 Dens
1037 2082 1083 2147 sv't
1101 2080 1210 2146 enisio
1231 2080 1268 2145 io

171 2188 298 2252 ossum
322 2188 394 2254 lloc
410 2192 495 2253 enim
518 2189 655 2265 dictum,
676 2198 704 2250 et
717 2184 755 2249 v'o
767 2185 876 2250 omnio
888 2205 953 2250 esse
968 2184 1105 2249 Dmnvet
1116 2183 1153 2246 v‘o
1164 2181 1268 2247 eooi-

170 2288 221 2366 iss,
234 2300 340 2372 aperte
364 2293 445 2357 mibi
471 2291 671 2372 disquisitum
687 2290 877 2354 sententiam
899 2288 1032 2353 firmare
1049 2288 1190 2352 ridetur.
1208 2306 1226 2343 s
1252 2310 1256 2317 ·

226 2389 385 2475 Npssenns
400 2410 503 2474 porro
527 2392 854 2472 subitargumeutnm
875 2391 1076 2472 probaturus
1097 2406 1140 2453 ex
1155 2386 1263 2453 verbis

168 2490 197 2553 al
218 2493 408 2571 Corinthios,
435 2512 577 2575 quornm
598 2512 711 2557 sensus
740 2512 783 2557 ex
811 2492 996 2574 praemissis
1019 2492 1088 2556 suis
1112 2508 1173 2555 nec
1202 2507 1267 2554 non

169 2594 199 2655 ab
209 2594 340 2675 ejusdem
364 2595 516 2678 Apostoli
533 2595 726 2671 testimonio,
749 2594 815 2657 alio
831 2595 986 2670 vertitur,
999 2610 1113 2673 quam,
1128 2598 1167 2657 ui
1183 2591 1265 2667 vlixi,

170 2703 287 2763 statuere
311 2700 496 2763 adversarii
518 2718 561 2762 ex
582 2697 758 2779 praecitato
785 2695 910 2761 Petavii
924 2697 1201 2777 interpretatione.
1216 2692 1266 2758 lu·

170 2808 216 2863 stat
234 2820 368 2883 namque
384 2822 413 2867 s.
436 2800 558 2865 lloctor
583 2804 616 2867 iu
641 2802 760 2865 veteris
784 2800 923 2864 hominis
950 2800 1183 2863 instauratione
1206 2814 1266 2879 per

105 2922 106 2989 ζ
171 2903 267 2979 pecati
292 2906 322 2967 iu
340 2920 443 2968 carne
463 2904 644 2980 interitum,
669 2902 827 2979 iacienda,
853 2910 892 2967 ut
912 2920 976 2966 una
1002 2901 1201 2967 resurrectio
1224 2900 1267 2962 si·

169 3002 220 3063 nul
243 3006 400 3083 pmbetnr
424 3012 457 3068 et
484 3004 650 3069 credatur.
679 3002 884 3086 Proinleque
905 3005 948 3066 ibi
965 3011 1053 3067 totus
1075 3012 1136 3079 est,
1160 3012 1198 3067 ut
1212 3018 1265 3077 ea,

168 3120 233 3181 qnae
252 3107 352 3171 eidem
380 3107 613 3171 resurrectioni
639 3124 679 3171 ac
704 3125 809 3171 novae
836 3107 922 3170 vitae
943 3122 1126 3188 repugnare
1157 3105 1268 3167 vitlen-

170 3210 220 3281 tur,
240 3217 401 3285 amoveat,
421 3210 579 3288 inquiens.
609 3230 626 3268 s
651 3206 778 3273 Etenim
799 3228 874 3274 cum
904 3210 982 3280 vita,
1000 3226 1098 3288 quaro
1117 3208 1149 3269 in
1173 3222 1267 3286 prae·

168 3310 229 3369 senti
251 3311 468 3392 transigimus,
490 3314 579 3375 varie
601 3328 640 3374 ac
665 3310 858 3375 multimode
877 3327 896 3371 a
918 3308 1008 3372 nobis
1036 3308 1211 3389 exigatur3
1233 3312 1268 3371 et

170 3409 249 3473 nutta
267 3413 402 3493 quidem
427 3414 502 3489 sint,
522 3428 665 3493 quornm
687 3413 861 3492 participes
885 3410 982 3475 modo
1008 3428 1135 3483 sumus,
1160 3408 1262 3472 veluti

169 3510 250 3585 vibus,
259 3533 325 3591 ser,
336 3515 445 3591 locus,
456 3524 564 3596 potus,
578 3523 799 3595 tegumentum
811 3521 873 3577 etc.
886 3532 986 3593 porro
997 3531 1072 3575 cum
1084 3510 1265 3586 beatitudo,

169 3628 233 3689 quaa
245 3626 449 3699 expectatur,
463 3616 586 3681 nullius
599 3617 644 3680 rei
654 3635 737 3696 opus
752 3616 881 3695 hebeat3
893 3624 926 3677 ot
939 3616 1045 3677 uronis
1056 3614 1148 3677 nobis
1160 3620 1194 3677 et
1204 3630 1265 3694 pro

171 3715 293 3781 omnibus
306 3719 371 3783 erit
386 3718 494 3782 divina
512 3726 627 3782 nutura
642 3717 682 3779 ati
695 3734 822 3779 omnem
838 3716 928 3781 iliius
945 3718 1028 3780 vitoe
1042 3716 1264 3779 necessitatem

105 3884 106 3889 ἵ
169 3828 193 3871 te
213 3832 243 3877 se
262 3826 334 3899 apte
355 3828 391 3883 et
404 3820 636 3883 convenienter
650 3818 826 3899 impertita,
854 3819 885 3879 iu
910 3818 973 3881 boc
986 3817 1163 3891 concludit,
1185 3816 1263 3879 mibi

172 3913 276 3981 vitetur
300 3920 483 4001 perlectum
508 3930 541 3983 et
565 3920 751 3983 absolutum
784 3918 843 4001 τῆς
868 3914 990 3999 κακίας
1017 3918 1198 3982 vitiositatis
1220 3918 1267 3979 in·

105 4094 106 4097 Ἴ
171 4014 276 4079 teritum
290 4018 410 4085 locere
424 4018 604 4101 Scriptura.
627 4018 659 4083 Si
675 4038 815 4099 namque
839 4023 871 4082 in
885 4020 1050 4093 omnibus,
1074 4036 1159 4099 quae
1172 4025 1262 4088 sunt,

105 4114 106 4119 ’
173 4114 321 4196 eritlleus,
345 4122 504 4187 vitiositas
534 4121 701 4185 maniieste
715 4122 748 4183 in
772 4138 884 4183 rerum
905 4129 1023 4184 natura
1044 4136 1107 4182 nou
1126 4118 1200 4179 erit.
1214 4113 1262 4179 Si·

173 4214 226 4291 quis
243 4222 407 4286 enimenin
422 4222 721 4302 adessesupponat3
737 4222 903 4302 quomodo
916 4220 1103 4287 servabitur
1124 4217 1207 4282 ittet
1228 4215 1265 4279 io

173 4317 287 4383 insibus
306 4342 370 4387 esre
390 4322 517 4388 lirum?
537 4323 712 4406 subreptio
736 4343 814 4388 vero
837 4325 930 4387 illins
956 4323 1139 4386 vitiositatis
1159 4320 1190 4382 iu
1214 4336 1264 4381 re·

173 4430 228 4481 itu
244 4431 365 4502 natura,
396 4426 618 4507 imperieclam
637 4426 807 4490 coustituit
828 4426 973 4490 omnium
998 4423 1260 4503 comprehensio·

172 4530 260 4581 itm-¹
275 4524 315 4592 lit
325 4530 404 4595 baec
419 4538 468 4595 est
485 4528 660 4595 verborum
677 4526 812 4610 Nysaeui
825 4546 965 4606 summa,
982 4527 1127 4607 iuquam,
1141 4523 1262 4604 quibua
