3375 5567
445 760 476 819 iu
498 757 684 839 exemplum
705 759 764 835 iis,
788 760 843 841 qui
866 763 1048 843 suscepturi
1068 774 1144 827 sunt
1164 764 1247 829 illud
1268 763 1405 829 odicium
1423 763 1538 843 benigni

445 871 477 921 et
500 861 541 941 pii
563 861 718 939 doctoris,
735 872 771 925 ut
785 864 931 929 ostendat
947 866 1120 929 uerborum
1145 868 1312 930 veritatem
1318 887 1330 947 3
1345 878 1377 931 et
1397 874 1539 947 operetur

446 962 636 1026 charitatem
659 966 689 1027 iu
713 962 884 1029 Oomiuum
906 977 967 1030 etc.
991 988 1008 1024 a

525 1063 550 1126 E
572 1083 636 1145 qua
658 1066 866 1142 discussione,
884 1076 920 1130 ut
940 1068 1106 1147 praelatus
1126 1087 1220 1143 sum,
1242 1069 1420 1149 colligitur,
1438 1066 1539 1146 Orige·

442 1182 514 1227 nem
537 1166 620 1228 dieta
643 1186 711 1229 esse
733 1170 980 1247 interpretatum
1003 1167 1160 1250 Magistri.
1192 1169 1252 1235 Ubi
1274 1174 1358 1234 enim
1380 1170 1460 1233 dixit
1478 1168 1540 1233 cte-

443 1284 531 1330 meus
551 1267 706 1347 sophistae
729 1270 778 1331 rel
803 1269 1029 1350 philosopher,
1057 1270 1214 1351 Origenes
1238 1273 1365 1351 scripsit
1388 1270 1497 1343 Ploto;
1514 1278 1541 1331 et

445 1367 513 1430 lere
534 1368 564 1429 in
586 1372 702 1432 ceteris
723 1373 927 1433 conveniunt.
943 1370 1013 1436 Nisi
1034 1372 1121 1452 quud
1144 1374 1175 1434 in
1195 1391 1345 1436 sermone
1366 1371 1538 1443 Clementis,
1599 1453 1600 1456 Ἴ

443 1471 532 1533 clare
554 1472 651 1554 hujus
671 1472 836 1537 doctrinae
857 1492 974 1554 scopus
987 1476 1285 1556 comprehenditur,
1307 1483 1341 1538 et
1359 1475 1540 1556 qnalisaga·

370 1630 374 1646 ,
442 1572 540 1635 ritate
561 1592 639 1637 usus
659 1585 706 1638 est
729 1576 855 1639 Auctor
874 1576 906 1638 iu
936 1576 984 1639 his
1004 1576 1160 1641 dictandis
1180 1578 1281 1642 libris.
1314 1574 1539 1639 Tantummodo
1599 1585 1600 1588 ’

443 1690 527 1738 unus
547 1676 588 1737 ab
609 1678 713 1740 altero
734 1678 857 1755 diliert,
873 1678 959 1759 quod
981 1677 1128 1742 Clemens
1144 1680 1424 1743 circumcisionem
1444 1676 1539 1741 Timo

443 1776 508 1842 tbei
531 1796 589 1858 per
610 1780 802 1860 Apostolum
824 1789 982 1861 patratam
1004 1782 1242 1860 inexemplum
1270 1778 1538 1845 demonstrationis

438 1981 570 2043 storiam
583 2000 595 2061 3
617 1981 699 2044 adeo
721 1992 768 2056 ut,
791 1983 815 2045 si
839 1984 870 2043 iu
893 1986 998 2063 primo
1027 1984 1107 2044 nibil
1131 1983 1280 2046 rideatur
1301 1984 1539 2063 reprehensione

442 2081 595 2162 dignum,
617 2084 765 2147 similiter
786 2085 816 2145 iu
837 2084 980 2147 secundo
1003 2086 1180 2165 putandum
1201 2088 1253 2150 sit.

520 2180 660 2259 Quarto,
677 2187 730 2248 laic
747 2194 859 2249 notare
875 2185 981 2267 jurat,
996 2205 1081 2267 quae
1102 2189 1170 2267 ipse
1184 2185 1406 2270 Hieronymus
1425 2186 1463 2249 s'rr
1475 2183 1540 2265 ept-

438 2284 520 2348 stelo
540 2283 591 2353 td.
606 2281 636 2352 l.
659 2287 697 2349 ad
714 2286 867 2368 Magnum
888 2288 1061 2351 Oratorem
1080 2286 1263 2352 Humanum
1287 2288 1400 2352 scribit
1421 2288 1464 2351 de
1481 2286 1541 2352 cte

438 1897 518 1943 suae
540 1881 673 1943 tuleritr
689 1880 844 1962 Origenes
861 1900 940 1945 vero
961 1880 1127 1956 luditbae,
1149 1881 1294 1945 Estheris
1315 1891 1347 1945 et
1368 1880 1482 1946 lucebi
1501 1882 1539 1943 bi·
1599 1917 1600 1952 i

439 2396 545 2450 mente
566 2389 798 2469 alexaudriuo;
822 2390 916 2472 eujus
947 2391 1076 2471 vestigia
1109 2400 1241 2453 secutus
1269 2398 1318 2453 eat
1338 2389 1494 2469 Origenes
1515 2388 1540 2449 ir
1599 2457 1600 2476 ,

439 2491 501 2553 boc
521 2486 712 2553 Strumotum
726 2490 854 2573 Opere:
868 2492 1067 2567 «Clemens,
1089 2491 1216 2572 inquit,
1239 2491 1471 2555 alexandrinae
1492 2489 1541 2553 lic·
1599 2507 1600 2544 i

439 2590 556 2656 clesiae
579 2593 767 2678 presbyter,
790 2594 1004 2675 meoiudicio
1025 2595 1168 2657 omuinm
1195 2594 1456 2671 eruditissimus,
1477 2602 1539 2655 octo

438 2696 566 2773 scripsit
582 2693 773 2757 Stromntum
796 2694 909 2768 libros,
932 2704 964 2757 et
979 2694 1109 2757 totidem
1129 2693 1381 2774 Hypotpposeen,
1395 2705 1429 2757 et
1449 2695 1539 2757 aliun

439 2804 550 2859 contre
579 2794 719 2860 Gentes:
755 2797 932 2876 Puedugogi
961 2815 1092 2877 quoque
1115 2799 1175 2859 tria
1199 2797 1375 2859 volumina.
1410 2794 1495 2873 Quid
1513 2798 1539 2856 in

438 2896 502 2959 illis
525 2894 716 2960 indoctum?
737 2896 822 2973 Quid
845 2914 909 2959 non
931 2897 1072 2959 emedio
1096 2897 1297 2976 philosophia
1319 2894 1397 2960 est?
1416 2894 1540 2959 Hunci-

437 2997 568 3060 miletus
589 2996 764 3078 Origenes,
787 2998 898 3060 decem
919 2998 1047 3078 scripsit
1068 2993 1276 3072 stromateas,
1298 2996 1538 3060 christianorum
1599 2997 1600 3076 j

436 3107 470 3159 et
490 3098 760 3180 pbilosophorum
795 3101 879 3163 inter
898 3118 933 3163 se
953 3101 1124 3163 sententias
1145 3115 1335 3179 comparans
1345 3118 1356 3175 3
1389 3105 1423 3161 et
1442 3100 1537 3160 omnia
1599 3089 1600 3124 ³

437 3210 566 3264 uestrae
588 3202 750 3282 religionis
764 3202 926 3281 dogmata,
948 3200 988 3263 de
1011 3199 1144 3263 Platone
1165 3209 1197 3263 et
1217 3198 1406 3274 dristutile,
1428 3197 1537 3263 Nume-

437 3305 503 3375 niu,
521 3303 731 3382 Coruuteque
749 3302 952 3365 eouiirmaus.
966 3320 982 3358 a
996 3299 1063 3364 Hos
1078 3318 1154 3364 sane
1168 3301 1342 3364 Clementis
1356 3300 1457 3363 libros
1471 3300 1537 3363 dle·

436 3404 561 3467 aaudcr
582 3402 887 3489 Hierosolymorum
908 3403 1078 3483 episcopus
1092 3412 1124 3466 et
1145 3401 1315 3466 Narcissus
1336 3403 1472 3483 insigues
1490 3418 1536 3463 ro

432 3513 507 3567 cant
527 3513 559 3568 et
579 3506 875 3569 luculentissimosc
899 3522 958 3568 nec
978 3504 1020 3566 ab
1041 3504 1111 3567 nllo
1133 3504 1217 3579 alio,
1240 3506 1286 3568 ait
1306 3500 1473 3579 Rudinus,
1492 3522 1534 3565 re

436 3606 610 3685 prehensos
625 3608 683 3670 nisi
705 3608 744 3669 ab
760 3604 971 3691 Hieronymo.
990 3604 1056 3668 Nisi
1071 3607 1158 3686 quod
1175 3606 1261 3669 band
1282 3605 1458 3668 attenderit
1471 3600 1534 3667 Hie·

437 3726 604 3791 rouymus‚
621 3726 696 3771 cum
721 3709 762 3772 ob
783 3706 977 3772 stromatum
997 3709 1098 3771 libros
1112 3706 1287 3788 Origeuem
1307 3716 1340 3769 et
1360 3707 1533 3788 origenistes

434 3808 533 3891 orgiis
554 3808 787 3872 mendaciorum
807 3810 978 3891 foederatos
1000 3819 1115 3884 vocat,
1137 3810 1213 3872 alibi
1233 3809 1276 3872 ob
1295 3809 1428 3872 eusdem
1447 3808 1531 3870 libros

433 3914 635 3992 amplissimis
650 3913 801 3976 leudibus
813 3932 848 3975 se
862 3912 1042 3975 celebrasse
1051 3910 1235 3992 Origcuem.
1254 3911 1297 3975 lit
1310 3928 1389 3973 sane
1402 3909 1530 3990 quiden,

434 4014 460 4077 sl
483 4012 655 4078 Clementis
676 4014 819 4077 studium
842 4013 873 4075 iu
895 4014 944 4075 his
963 4014 1188 4076 concinnandis
1208 4013 1300 4075 libris
1322 4014 1355 4073 iu
1376 4030 1416 4075 eo
1440 4024 1529 4071 versa·

435 4123 505 4179 tum
526 4124 586 4191 est,
610 4127 646 4179 nt
659 4114 731 4179 idei
753 4116 983 4196 integritatem,
1006 4132 1201 4194 morumque
1216 4113 1417 4193 disciplinam
1438 4113 1468 4172 in
1482 4106 1530 4171 lle·

434 4217 531 4281 elesia
554 4216 733 4282 Christiana
755 4224 903 4281 servaret
923 4217 1101 4294 illibatam3
1123 4226 1156 4279 et
1175 4216 1202 4277 si
1222 4215 1327 4278 eidem
1347 4213 1529 4280 aemulatus

435 4318 567 4398 vestigia
585 4318 727 4400 magistri
749 4318 884 4383 calcarit
896 4316 1053 4397 Origenes
1073 4317 1105 4377 iu
1126 4316 1238 4379 eudem
1259 4313 1390 4395 Opere;
1411 4327 1530 4394 quoue

434 4420 476 4483 do
497 4420 725 4501 suspicandum
745 4427 793 4483 est
812 4418 909 4483 istum
930 4418 972 4480 ab
991 4436 1028 4481 ea
1051 4436 1131 4482 cura
1152 4417 1348 4492 decessisse,
1371 4418 1440 4479 rire
1458 4410 1531 4475 cbri-

433 4522 538 4586 stiauo
557 4522 659 4585 licere
680 4518 843 4586 mendacia
865 4518 956 4599 loqui
977 4519 1045 4582 ulla
1066 4519 1191 4598 absque
1213 4518 1408 4581 verecundia
1427 4516 1529 4577 decan

435 4629 501 4687 tam
516 4620 533 4687 i
