3375 5567
431 626 567 851 wrote,
578 737 744 820 indicendi
764 738 866 805 simne
885 738 979 819 qussi
993 732 1112 804 in'imioi
1133 737 1218 821 ejus,
1238 740 1294 817 qui
1310 740 1377 845 Ιιίῑε
1393 756 1444 819 syo
1460 756 1521 801 oser

431 846 563 1005 malit
581 858 646 1007 'ineo
658 940 806 1021 Origenis
820 941 1019 1007 discussione
1032 934 1174 1005 oiie'nsos
1195 939 1422 1025 Hieronymus,
1442 941 1524 1007 rsids

432 1044 464 1107 in
485 1042 651 1109 Rudinum
665 1044 880 1123 conqueritur
898 1046 998 1111 ueluti
1020 1060 1095 1108 eum
1108 1032 1178 1124 ipso
1192 1040 1333 1123 Origene
1346 1036 1527 1109 messenen

433 1151 510 1220 tem,
532 1154 589 1209 ent
611 1144 813 1209 ioederotum
835 1147 867 1208 io
895 1146 1068 1209 mendaciis
1088 1156 1121 1208 et
1142 1144 1305 1226 perjuriis.
1328 1143 1420 1221 Quod
1439 1163 1525 1225 segre

433 1246 506 1309 iniit
528 1244 676 1310 Huffinus
698 1246 782 1309 idem
792 1268 805 1327 3
827 1249 876 1310 nii
896 1248 1088 1328 signiiiouvit
1107 1245 1325 1329 Hieronymus
1346 1246 1377 1308 iu
1397 1243 1489 1309 Libro
1505 1244 1525 1308 Ι.

430 1347 587 1409 advorsus
608 1347 736 1426 ipsum,
759 1348 928 1427 inquiens:
946 1368 963 1407 o
979 1347 1189 1428 indignentur
1215 1345 1387 1425 (Rudinus
1406 1345 1527 1427 ejusque
1594 1331 1595 1338 ἵ

430 1446 592 1522 osseeloe)
608 1464 710 1527 quere
732 1449 922 1527 origenismi
936 1446 1120 1528 scripserim
1142 1448 1226 1511 ioter
1244 1466 1280 1511 se
1293 1449 1393 1529 orgiis
1413 1448 1528 1511 menda·

430 1548 558 1612 oiornm
572 1547 745 1611 ioedereri.
762 1546 937 1612 Nominovi
957 1549 1093 1622 tiorum,
1108 1549 1140 1611 io
1161 1566 1228 1629 qno
1241 1550 1304 1612 iroo
1319 1550 1472 1627 scriptum
1488 1547 1527 1609 ie·

430 1648 545 1726 gerim,
568 1647 650 1710 idest
669 1656 798 1711 sextum
820 1645 1013 1712 Strumotnm
1033 1647 1199 1729 Origeois:
1224 1650 1280 1715 nbi
1310 1648 1450 1713 Pietouis
1468 1666 1528 1712 sen

429 1750 546 1813 tentioe
567 1759 714 1813 nostrum
736 1749 852 1831 dogmn
872 1769 1088 1832 componens,
1120 1753 1165 1814 ite
1185 1752 1359 1831 ioquitnrr
1392 1748 1482 1813 Pioto
1498 1748 1528 1811 is
1594 1751 1595 1818 t

428 1848 535 1928 tertio,
556 1859 618 1915 ote.
641 1861 680 1915 ut
698 1870 810 1933 supro.
833 1851 955 1919 Deinde
975 1853 1142 1917 nouoludit
1162 1852 1403 1934 Hieronymusr
1421 1849 1528 1914 «Hsee
1594 1841 1595 1892 ³

428 1951 584 2033 Origenes
604 1954 750 2035 scripsit:
782 1971 900 2035 regere
920 1972 983 2019 non
1005 1972 1187 2036 possumus.
1218 1953 1355 2035 Scripsit
1374 1953 1526 2027 inlibris,

428 2072 510 2136 qnos
527 2056 567 2119 od
589 2055 749 2139 periectos
762 2065 794 2121 et
814 2058 854 2119 od
869 2058 1044 2137 discipulos
1058 2057 1256 2139 loquebatur
1265 2076 1278 2135 3
1298 2057 1457 2137 doeetqne
1469 2072 1527 2117 mr·
1594 2073 1595 2136 t

427 2158 534 2237 gistris
566 2158 783 2224 mentiendum
789 2180 801 2238 3
832 2158 1007 2240 discipulos
1037 2168 1147 2224 entem
1168 2177 1231 2222 uon
1261 2157 1383 2223 debere
1404 2157 1528 2220 mentiri.

430 2256 495 2334 Qut
509 2276 587 2341 ergo
610 2261 690 2325 beno
709 2262 878 2337 mentitur,
893 2269 926 2323 et
946 2257 1068 2342 obsone
1083 2261 1152 2325 nlio
1173 2259 1370 2323 verecundis
1385 2256 1529 2340 quidquid

429 2361 462 2421 in
478 2361 613 2425 buooem
626 2365 761 2439 venerit,
779 2362 930 2443 eoniingit
943 2364 976 2426 in
988 2363 1119 2437 iratres,
1132 2360 1326 2443 magistrum
1335 2379 1372 2425 se
1383 2360 1528 2441 optimum

429 2462 557 2628 ma
573 2481 622 2627 gis
642 2566 752 2645 itaque
766 2563 900 2646 Origeni
914 2573 947 2629 et
961 2566 1035 2629 hino
1050 2560 1180 2630 Ruiiino
1198 2567 1291 2648 qussi
1307 2563 1453 2647 eiusdem
1472 2562 1528 2624 rin·

420 2663 491 2741 diei
512 2665 726 2747 exprobrarit
746 2662 965 2752 Hieronymus
983 2667 1085 2741 -iiind,
1111 2667 1198 2748 quod
1224 2666 1351 2747 primus
1369 2666 1450 2731 idest
1467 2663 1530 2727 Ori·

427 2782 522 2846 geues
545 2766 587 2829 ob
610 2768 766 2849 exemptis
788 2766 956 2844 Jodiihse,
979 2767 1124 2832 Estheris
1147 2767 1307 2833 otincoti
1331 2769 1529 2850 qnodrmmo·

427 2866 471 2930 do
493 2868 693 2933 mendeoium
715 2878 874 2945 ereoset,
896 2877 955 2933 nui
975 2871 1159 2948 permittet,
1181 2868 1325 2934 Plutonis
1347 2871 1528 2934 suetoritrts
1594 2903 1595 2912 κ

427 2969 614 3047 praemisse.
639 2967 724 3046 Qui,
746 2970 900 3049 gravibus
921 2970 961 3033 od
994 2972 1055 3033 itoo
1075 2970 1234 3050 egendum
1254 2972 1384 3050 petrino
1403 2972 1528 3035 eireum·
1594 3011 1595 3050 3

425 3070 549 3133 stnntiis
570 3070 793 3149 exigentibus,
816 3070 873 3146 eit,
896 3071 1070 3153 prodentes
1090 3071 1177 3134 solos
1198 3071 1367 3137 mendseio
1390 3082 1529 3152 tunquam
1594 3067 1595 3138 3

425 3170 640 3245 nondimento,
662 3190 722 3236 sen
743 3174 918 3252 phoroneo
939 3175 987 3236 uti
1007 3191 1122 3254 nosse3
1137 3173 1221 3236 idest
1240 3192 1318 3237 eum
1338 3174 1528 3255 reipuiiiiese
1594 3213 1595 3282 y

424 3273 456 3335 in
477 3271 659 3337 discrimine
678 3268 885 3339 'constitutae
905 3276 1077 3340 eonsniere
1106 3274 1216 3338 veiint.
1239 3274 1401 3352 Quemvis
1428 3284 1525 3339 numm
1594 3287 1595 3292 ’

424 3374 528 3452 msgni
549 3373 681 3454 quidem
703 3376 856 3438 momenti
878 3377 959 3454 hose
973 3376 1132 3439 dunestor
1150 3378 1312 3457 quaestio,
1327 3378 1411 3442 odeo
1430 3385 1466 3442 nt
1484 3393 1527 3439 ue

424 3474 580 3553 imperem
603 3474 707 3539 interr
727 3484 838 3557 uotum
860 3478 1080 3542 ooneinuondo
1100 3496 1315 3559 responsum
1331 3478 1526 3543 nihilomiuus

424 3576 578 3640 nonnulle
599 3586 713 3641 notatu
734 3578 826 3658 digne
849 3587 929 3659 puto
949 3580 1082 3645 teotonis
1101 3581 1294 3644 submittere
1313 3582 1449 3664 judicio.

505 3674 541 3739 ln
556 3677 679 3759 primis,
694 3695 770 3741 sone
788 3678 902 3743 durius
916 3680 992 3743 mihi
1010 3680 1139 3743 ridetur
1152 3677 1375 3765 Hieronymus
1387 3679 1524 3761 Origeuis
1594 3735 1595 3764 ζ

422 3775 508 3839 dieto
531 3778 814 3855 animadvertisse,
837 3782 1098 3861 consequentium
1120 3781 1194 3845 iude
1213 3800 1357 3859 eruens,
1372 3777 1524 3863 mimis
1594 3775 1595 3864 ζ

420 3877 633 3943 mentiendum
652 3898 713 3943 erse
716 3900 733 3954 ,-
743 3880 912 3961 discipulis
935 3901 1006 3944 nero
1029 3881 1065 3945 id
1087 3900 1152 3947 sos
1175 3882 1279 3945 iirorr.
1302 3882 1400 3963 Quod
1421 3897 1523 3947 rerer·
1594 3913 1595 3972 y

424 3994 487 4043 uon
501 3980 545 4043 its
567 3978 714 4045 obsolute
728 3982 839 4047 docuit
852 3980 1022 4064 Origenes3
1035 4002 1094 4049 neo
1109 3984 1214 4050 muito
1228 3986 1334 4051 miuus
1355 3988 1419 4051 itoo
1432 3982 1525 4047 voluit

423 4076 584 4157 Huiiious,
600 4083 656 4161 qni
677 4079 873 4147 Strornotnnr
893 4084 994 4149 iiitros
1008 4086 1151 4151 nondum
1170 4085 1307 4168 legeret.
1332 4087 1523 4167 Origessse·

422 4182 502 4258 dim,
515 4182 610 4248 sinoti
625 4200 753 4247 morum
766 4186 1017 4251 christianorum
1029 4188 1204 4269 integritati
1214 4190 1438 4271 munisterio
1449 4202 1521 4268 qno·

422 4298 525 4365 queo
553 4285 669 4350 sonetis
691 4287 768 4351 viris
799 4304 838 4352 ro
860 4287 1052 4353 mulieribus
1072 4291 1104 4352 iu
1132 4307 1225 4355 suero
1254 4288 1424 4373 Seripturr
1442 4302 1521 4352 eom·

421 4384 598 4463 mendatis,
613 4394 646 4451 et
666 4404 727 4451 eeu
751 4388 784 4450 in
805 4390 957 4471 exemplo
977 4390 1068 4456 uobis
1084 4391 1221 4466 inditis,
1242 4393 1290 4455 uti
1311 4408 1374 4472 por
1390 4397 1456 4465 est,
1469 4387 1518 4449 de·

423 4482 527 4549 isotns
540 4502 663 4565 omnes,
678 4488 735 4569 qui
747 4488 883 4554 iliorum
903 4492 1104 4557 sonetitntem
1114 4492 1314 4559 irisiretrre
1328 4492 1515 4561 riderentur,
