3375 5567
1249 724 1284 775 rx

202 830 243 906 de
265 826 470 919 Trinitate,
494 831 541 907 de
561 828 692 907 Libero
712 830 886 917 Arbitrio,
914 831 959 905 alc
985 829 1282 915 Resurrectioac,

201 973 236 1035 ct
265 976 385 1037 cetera
419 960 569 1048 similia,
591 960 775 1049 alacriter,
802 962 978 1037 adversus
1002 958 1206 1035 incredulos
1238 940 1282 1034 aa

200 1090 410 1188 pracsertim
447 1105 574 1165 contra
607 1091 770 1165 omnium
803 1090 1071 1165 baereticorum
1105 1087 1202 1163 illius
1222 1111 1278 1162 ae·

200 1218 280 1291 tatis
308 1216 528 1317 phalangem
549 1216 754 1317 (inquibus
781 1242 870 1295 sane
891 1217 1102 1294 eminebant
1127 1216 1282 1291 marcio-

199 1344 316 1431 nitae,
344 1342 573 1431 basilidiani,
593 1356 632 1420 ct
656 1342 914 1441 valentiniani)
939 1342 1053 1418 luisse
1076 1364 1282 1439 propugna-

197 1484 231 1545 ta
257 1472 546 1549 orthodoxorum
575 1486 614 1548 ct
642 1472 860 1549 eximiorum
886 1472 1046 1548 virorum
1075 1469 1210 1546 studio.
1241 1468 1281 1543 ln

196 1622 261 1696 qao
279 1598 451 1675 conflictu
472 1600 553 1675 uois
578 1624 662 1677 cum
694 1599 820 1675 alteris
849 1578 1120 1681 dimicantibus,
1139 1596 1194 1672 uti
1215 1617 1281 1693 par

197 1739 261 1813 cat,
284 1726 459 1802 haeretici
480 1752 527 1803 ex
545 1739 844 1827 argumentorum
865 1727 901 1801 vi
924 1725 1114 1825 prostrati,
1133 1745 1200 1801 nec
1218 1724 1280 1801 bu·

195 1850 318 1929 mnus
343 1854 429 1954 quid
456 1856 732 1955 responderent,
757 1856 800 1931 ad
830 1854 1031 1930 calumnias
1061 1854 1203 1951 seipsos
1227 1872 1281 1927 re·

194 1995 366 2078 ceperunt
402 1981 578 2059 falsantes
617 1996 657 2057 et
692 1995 971 2080 corrumpentes
1011 1978 1276 2056 catholicorum
1336 2006 1345 2023 ·

193 2107 301 2193 dicta,
318 2123 384 2183 aut
401 2109 533 2185 boram
560 2110 668 2185 fldem
691 2110 834 2185 diverse
857 2120 1099 2207 exponentes,
1123 2119 1189 2181 aut
1207 2127 1280 2181 ser·

193 2236 306 2309 monis
336 2238 633 2335 perspicuitatem
662 2236 940 2323 conlaudentes,
964 2248 1029 2312 aut
1050 2236 1188 2312 eisdem
1213 2254 1278 2331 pc·

192 2361 331 2459 regrina
362 2364 608 2441 adscribentes
622 2364 818 2464 dogmata,
845 2366 962 2443 donec
989 2365 1099 2441 dubia
1127 2376 1192 2439 aut
1219 2363 1277 2436 in-

192 2506 289 2565 certa
319 2490 425 2567 beret
455 2494 608 2569 istorum
633 2494 831 2593 professio:
861 2510 900 2571 et
927 2495 979 2570 ita
1007 2495 1043 2568 in
1076 2505 1276 2591 conspectu

192 2618 439 2723 eeclesiarum,
458 2622 540 2699 fidei
562 2624 751 2723 integritas
770 2637 809 2699 et
827 2622 971 2722 publica
991 2622 1036 2698 de
1060 2621 1197 2720 pietate
1212 2644 1279 2697 eo·

192 2768 269 2821 ram
294 2746 392 2823 lama
413 2750 693 2848 periclitaretur,
713 2764 777 2828 aut
795 2774 939 2851 quoque
958 2750 1096 2851 periret
1114 2748 1276 2825 omnino.

293 2874 436 2976 Ubique
461 2902 548 2954 sene
573 2903 617 2955 ac
644 2892 823 2978 perpetuo
853 2879 991 2955 veritae
1018 2899 1101 2953 cum
1128 2876 1280 2951 menda·

189 3002 244 3076 cio
270 3003 494 3082 decenarit:
533 3022 572 3083 ct
603 3008 783 3085 calumnia
811 3006 993 3107 quotidie,
1026 3005 1277 3103 improborum

188 3128 340 3227 gladius,
360 3134 484 3208 extitit
507 3133 680 3211 adversus
707 3134 879 3211 candidos
901 3133 1066 3209 veritatis
1090 3144 1277 3231 patronos.

187 3254 236 3333 Et
259 3259 509 3354 huiuscemodi
539 3262 688 3361 proinde
708 3262 778 3339 luit
803 3261 1016 3340 tristissima
1040 3260 1279 3337 humanitatis

187 3386 347 3461 conditio
376 3387 444 3463 sub
476 3387 738 3467 malevolorum
766 3402 804 3465 et
841 3388 1131 3468 obtrectatorum
1160 3390 1277 3487 impc-

187 3514 296 3600 rium‚
321 3529 364 3591 at
395 3516 554 3593 hincab
583 3517 643 3593 vix
678 3518 725 3593 ab
752 3517 960 3593 bominibus
988 3518 1277 3604 animadversam

187 3640 437 3738 improborum
465 3643 667 3731 astutiam,
695 3656 734 3720 ct
762 3644 861 3720 illinc
894 3659 1043 3744 propter
1074 3646 1277 3721 animorum

188 3767 475 3865 simplicitatem,
498 3784 562 3848 aut
591 3772 763 3847 scientiae
781 3771 981 3860 defectum,
1000 3796 1065 3849 seu
1097 3774 1275 3849 mentium

187 3896 462 3992 praejudicium,
483 3898 551 3981 aab
570 3898 660 3978 alias
679 3914 828 3998 propter
855 3900 1147 3977 circumstantias
1165 3924 1280 3998 quao-

187 4022 303 4121 ‹lnque
327 4024 404 4099 scre
425 4026 699 4124 insuperabiles,
718 4027 933 4126 saepissime
952 4028 1071 4115 lieret,
1089 4028 1184 4127 quod
1214 4028 1277 4101 do·

188 4164 245 4225 cet
264 4148 461 4229 Voltairius
493 4156 538 4231 de
571 4155 838 4233 calumniarum
865 4158 1023 4244 semiae;
1050 4156 1146 4253 quod
1175 4155 1280 4229 undi-

190 4302 258 4376 que
285 4280 458 4357 diffusum
488 4282 561 4370 blo,
590 4283 646 4357 vel
675 4282 748 4357 illic
774 4283 914 4359 radices
932 4281 1046 4380 ligat3
1071 4296 1111 4363 et
1134 4281 1278 4380 aliquod

190 4428 300 4505 usquc
330 4423 480 4485 maneat
506 4409 680 4485 adversus
707 4407 825 4491 illum.
850 4410 886 4483 in
910 4432 1021 4506 quem
1047 4411 1278 4493 ceciderunt,

190 4537 391 4636 vestigium.
426 4535 477 4612 lla
504 4536 563 4613 bic
602 4552 661 4615 est
694 4536 904 4613 incurabilis
931 4550 1082 4615 naturae
1105 4553 1277 4637 precatae
