3375 5567
412 780 507 846 cliuos
528 798 680 863 ιιιιῃιιιιιιι
698 780 861 861 firmatum
879 788 943 854 est,
962 791 999 845 ιιι
1017 782 1053 846 tr·
1062 825 1075 861 ‚
1095 780 1155 865 psi
1172 781 1282 845 solutu
1300 780 1378 843 isiae
1398 778 1538 844 Μήτι

413 882 456 943 cd
475 899 543 957 eos,
565 900 631 945 non
646 881 785 962 possint,
804 900 905 963 nsque
924 881 997 947 inde
1014 883 1079 946 hnc
1097 893 1301 947 ismeone.
1322 880 1417 945 ilaec
1438 899 1541 963 expe·

415 998 492 1045 neus
512 983 578 1047 aits
602 1003 620 1043 ιι
642 980 769 1060 Quibus
789 1002 867 1048 saue
884 984 1098 1048 inexercitata
1120 986 1205 1048 ratio
1225 992 1287 1061 eet,
1308 990 1349 1047 ut
1366 982 1453 1064 qnid
1473 1001 1540 1046 ιιιο·

412 1080 477 1147 lius
497 1084 552 1156 sit,
572 1084 779 1149 considerare
798 1102 864 1148 nou
881 1086 1015 1165 possint,
1038 1085 1071 1147 hi
1091 1103 1152 1167 per
1170 1086 1348 1166 inglusiem
1366 1092 1405 1148 et
1424 1084 1540 1149 intem·

414 1186 592 1263 percutiam
615 1186 646 1248 iu
667 1186 793 1249 mruali
813 1186 1107 1267 sitn‚·eanr,t1uae
1127 1195 1265 1251 aarum
1283 1185 1441 1259 debetur,
1464 1184 1540 1250 boui

412 1286 534 1341 sortem
555 1288 629 1345 aute
651 1290 778 1365 tempus
797 1288 1007 1356 consumunt,
1028 1281 1374 1363 aequepotentem,
1395 1280 1483 1343 nihii
1507 1279 1539 1341 iu

414 1388 500 1447 enm,
522 1390 608 1453 quse
629 1374 804 1454 posthanc
825 1372 937 1437 tuturo
959 1382 1028 1449 est,
1052 1378 1151 1439 sitem
1169 1380 1374 1439 reservantes
1394 1380 1432 1437 et
1452 1390 1542 1437 com·

413 1484 592 1558 parcentes.
614 1474 680 1539 sut
702 1490 781 1541 vero
804 1475 930 1539 ratione
948 1493 1026 1539 sana
1048 1492 1087 1539 nc
1110 1476 1339 1557 diiudicatrice
1367 1492 1468 1539 snam
1496 1474 1541 1535 ri·

415 1589 479 1641 tam
502 1577 717 1658 gubernantes
737 1578 770 1639 iu
792 1575 854 1638 hac
874 1575 966 1639 hreni
989 1578 1053 1640 sita
1074 1594 1135 1656 per
1152 1594 1304 1657 eo‚quse
1322 1575 1539 1639 seusumise·

413 1677 506 1755 dunt,
528 1676 709 1739 contristati
729 1683 829 1755 atque
852 1676 983 1749 serati,
1004 1678 1038 1739 iu
1058 1676 1210 1739 futurum
1233 1675 1384 1743 seculum
1415 1676 1539 1739 honum

412 1786 627 1857 comparcunt
646 1784 746 1857 atquo
767 1775 948 1839 recondunt
958 1818 973 1850 ,
993 1786 1031 1839 ut
1049 1776 1111 1839 sihi
1132 1794 1198 1839 nna
1222 1796 1298 1841 cum
1322 1778 1389 1838 rita
1417 1776 1537 1855 sempi-

414 1888 504 1943 teruo
527 1879 645 1943 melior
664 1896 735 1943 sors
756 1878 955 1943 extendetur
974 1885 1074 1958 atque
1094 1887 1304 1959 prorogetur.
1327 1876 1391 1941 Hic
1411 1877 1538 1957 igitur,

415 1990 452 2044 ut
474 1998 543 2043 mea
563 1980 696 2060 quidem
717 1979 826 2059 opinio
848 1979 934 2055 tert,
957 1978 1065 2045 hiatus
1094 1980 1152 2043 iile
1171 1987 1240 2055 est,
1261 1981 1321 2059 qai
1349 1996 1415 2041 nou
1448 1987 1536 2043 terra

413 2080 596 2146 discedente
616 2087 716 2161 atque
736 2079 878 2143 deductu
897 2079 956 2154 tit,
975 2080 1031 2143 sed
1053 2099 1152 2161 quem
1170 2080 1332 2161 judicium
1361 2095 1424 2159 per
1455 2079 1539 2141 hanc

414 2185 512 2246 sitam
535 2185 566 2247 iu
587 2183 751 2245 contraria
771 2181 878 2245 studia
893 2189 994 2261 atque
1009 2184 1155 2246 instituto
1170 2182 1309 2247 diuisum
1325 2189 1430 2261 atque
1445 2179 1540 2243 didu-

413 2291 512 2347 ctum.
536 2281 697 2364 Numqui
717 2282 818 2345 semei
839 2282 998 2363 quidquid
1019 2283 1052 2345 iu
1072 2283 1135 2347 hac
1157 2283 1222 2345 sits
1241 2300 1345 2366 suase
1362 2299 1402 2346 sc
1415 2280 1540 2362 iucun-

412 2382 490 2447 dum
511 2390 572 2457 est,
594 2382 743 2465 clegerit,
765 2400 824 2447 uec
846 2383 1041 2463 poenitentia
1061 2384 1194 2457 doctus,
1207 2382 1365 2445 stolidum
1378 2398 1419 2445 ac
1436 2388 1536 2445 teme·

413 2484 538 2549 rarium
559 2501 657 2547 suum
678 2483 1006 2565 consiliumcorripit
1025 2491 1126 2563 atque
1145 2482 1308 2559 emendat,
1328 2482 1535 2547 inaccessam

412 2592 447 2649 et
475 2587 599 2651 iunium
627 2586 689 2650 sihi
717 2587 826 2650 iocum
857 2586 1019 2653 honorum
1049 2585 1185 2665 posthac
1204 2584 1323 2660 edicit,
1345 2602 1423 2651 cum
1452 2584 1536 2647 hauc

413 2677 600 2779 ἀδιάβατοι
623 2687 814 2769 imperviam
836 2694 933 2768 (quse
949 2687 1078 2750 transiri
1093 2705 1156 2749 non
1173 2688 1290 2765 potest)
1311 2684 1535 2750 uecmsitateru

414 2797 568 2868 tanquam
590 2787 782 2871 barathrum
803 2780 926 2880 ἀχανὲς
940 2780 1048 2859 risui
1061 2782 1271 2887 ὼιορόδωτοι
1291 2785 1460 2867 quoddam
1483 2800 1538 2847 ιι·

412 2895 500 2953 stum
516 2896 548 2953 et
562 2888 686 2953 ionium
707 2889 866 2953 adserens
884 2908 920 2953 se
940 2907 975 2953 se
995 2890 1187 2971 perfoderit.
1208 2910 1227 2949 s

495 2986 576 3055 item
605 2989 636 3051 iu
656 2987 812 3054 Sermone
841 2998 956 3054 contro
979 2994 1052 3069 eoi,
1073 2990 1131 3073 qui
1150 2987 1372 3071 cnstipots‘ones
1398 2986 1536 3071 depress-

413 3100 513 3168 rsm,
536 3090 656 3155 fideles.
674 3091 847 3167 hortatus,
871 3099 1034 3171 utusque
1055 3094 1164 3157 auimo
1189 3090 1397 3155 sacerdotum
1422 3107 1534 3155 corre·

412 3192 766 3274 ptieoemsustiuesn13
788 3211 848 3257 uec
869 3192 972 3257 veluti
992 3194 1095 3257 insani
1117 3195 1150 3255 in
1169 3193 1246 3257 iilos
1266 3192 1436 3273 indignati,
1458 3206 1534 3255 con·

414 3293 503 3357 viciis
523 3292 603 3355 ioris
628 3300 803 3373 appetant,
824 3292 879 3357 sed
902 3310 961 3374 per
983 3295 1213 3374 poeniteutiam
1234 3290 1397 3372 Episcopo
1418 3298 1454 3355 et
1474 3288 1536 3355 Ec·

411 3391 529 3455 ciesisc
558 3390 617 3454 Dei
636 3411 672 3455 se
691 3392 908 3470 submittant,
930 3394 1089 3469 scientes,
1112 3393 1192 3456 nihii
1213 3392 1287 3456 taisi
1310 3392 1470 3472 scriptum
1499 3391 1531 3451 iu

414 3490 608 3574 Evangeliis,
631 3512 737 3574 neque
758 3494 880 3561 Christi
901 3496 1153 3576 praedictionem
1169 3493 1319 3557 ialiacem
1332 3494 1460 3557 exitum
1479 3491 1535 3555 hs·

410 3591 500 3671 bore;
523 3593 661 3673 ideoque
682 3595 924 3662 reminiscentes
949 3614 1008 3675 per
1038 3593 1269 3660 Petrumsune
1292 3592 1452 3673 episcopis
1476 3590 1532 3653 de·

330 3748 341 3757 .
410 3690 493 3755 disse
514 3689 678 3758 Christum
700 3694 825 3760 dasem
846 3694 1037 3763 coelestium
1052 3696 1226 3758 honorans
1241 3714 1260 3753 ιι
1276 3690 1399 3757 Scitoo
1418 3692 1530 3763 homo,

410 3792 468 3869 ⁸512
485 3793 574 3873 qood
595 3796 748 3873 solutus,
769 3796 899 3863 solutus
918 3814 966 3872 es,
988 3805 1023 3861 et
1040 3797 1180 3878 ligatus,
1204 3796 1341 3859 vinculis
1362 3790 1531 3859 invisibili·

411 3892 471 3957 hus
491 3895 684 3983 constrictus
705 3914 750 3959 es.
772 3894 804 3959 Si
825 3897 914 3961 oculi
937 3898 993 3959 tihi
1013 3906 1132 3972 emeat,
1146 3898 1267 3977 quihus
1287 3914 1437 3960 cerneres
1457 3892 1527 3959 aui·

410 3994 453 4057 mi
473 3993 697 4071 substantiam,
719 3995 923 4062 ostenderem
943 3997 1012 4072 tihi,
1033 3998 1089 4077 qui
1110 4015 1129 4060 a
1150 3997 1379 4061 communione
1397 4009 1528 4074 separe·

412 4101 463 4159 tus
483 4112 529 4171 es,
554 4096 693 4175 speciem
713 4095 930 4173 condemnati,
950 4096 1146 4176 gravissimis
1169 4098 1305 4165 vinculis
1325 4095 1454 4159 cervice
1473 4093 1530 4155 de·

408 4182 522 4275 pressi,
544 4194 673 4261 nullum
696 4197 919 4261 membrorum
944 4197 1102 4271 liberum,
1120 4204 1180 4261 aut
1201 4197 1347 4261 solutum
1371 4193 1526 4257 habentis.

408 4292 519 4376 Atque
539 4298 662 4363 utinum
682 4316 758 4362 cum
781 4299 845 4361 vita
866 4298 1063 4378 supplicium
1086 4293 1335 4364 terminaretur!
1359 4293 1455 4361 Nunc
1477 4310 1530 4354 ve·

410 4414 449 4462 ro
468 4400 495 4466 si
515 4399 593 4481 quid
616 4400 794 4468 humanum
816 4399 999 4480 contigerit,
1022 4400 1109 4465 etde
1123 4409 1255 4482 repente
1280 4415 1368 4465 mors
1388 4410 1531 4461 arcesse·

410 4498 476 4577 rit,
499 4509 534 4565 ut
555 4501 641 4565 latro
663 4500 703 4565 de
724 4510 843 4575 nocte,
864 4503 946 4570 scito
976 4502 1031 4567 tihi
1057 4502 1212 4579 socioso,
1233 4518 1319 4582 quoe
1347 4499 1416 4563 iilic
1439 4500 1528 4562 suot.
