3375 5567
421 632 484 703 iffi

416 741 475 824 ζον
497 736 572 818 τούς
593 733 675 833 μετὰ
695 738 808 836 ὑγιοῦς
829 743 1006 843 sepedictus
1028 741 1113 842 ὢιτῷ
1137 744 1334 846 χρωμένους.
1359 751 1380 812 ι.
1406 766 1433 811 e.
1452 743 1511 810 iius
1600 767 1601 848 ᾗ

419 857 529 908 nutem
551 850 607 929 qui
629 847 794 914 Condituri
816 853 959 916 omniurn
981 854 1100 931 gratias
1114 856 1250 934 agimus,
1273 861 1345 915 tum
1365 867 1435 914 cum
1450 865 1513 930 gri·

420 952 537 1011 tinrum
559 951 684 1012 actione
708 959 775 1013 tum
798 953 948 1032 precibus
970 973 1069 1033 super
1091 973 1162 1030 eus,
1194 951 1251 1034 qui
1272 953 1363 1016 nobis
1384 952 1511 1024 duntur,

419 1051 545 1113 obtutus
567 1052 796 1116 manducamus
814 1073 930 1135 puncs3
952 1059 1008 1135 uui
1029 1075 1087 1136 per
1108 1058 1287 1120 cretionem
1309 1057 1391 1118 iinut
1410 1070 1515 1132 corpus
1600 1051 1601 1136 Q

419 1164 580 1229 sunctum,
602 1164 634 1216 ct
654 1155 854 1218 sanctificans
875 1175 950 1232 eos,
973 1160 1030 1238 qui
1052 1176 1125 1220 cnm
1147 1177 1225 1221 suno
1246 1158 1410 1238 proposito
1430 1173 1467 1216 eu
1485 1171 1517 1214 n·
1600 1183 1601 1216 t

310 1283 313 1293 ι
418 1265 544 1318 tuntur.

498 1355 671 1421 Pructereu
694 1376 725 1421 ιι.
740 1355 789 1422 57.
805 1360 882 1440 qnid
905 1361 935 1422 iu
956 1380 995 1422 cn
1018 1361 1360 1440 vocubutosymdotum
1381 1374 1514 1437 compre·

399 1458 401 1461 ’
418 1457 577 1532 henderit,
599 1478 665 1539 quo
685 1479 780 1540 saepe
801 1480 879 1525 usus
899 1471 947 1524 est
968 1463 1007 1524 de
1029 1463 1089 1524 hoc
1110 1471 1311 1526 sacramento
1332 1461 1459 1524 locutus
1481 1457 1514 1535 tsi

420 1558 505 1620 iortc
524 1561 598 1638 quis
612 1560 651 1622 de
672 1579 712 1624 eo
732 1561 873 1624 offensus
888 1561 950 1638 siti
972 1572 1045 1643 apte
1060 1563 1203 1643 explicet
1220 1563 1328 1626 diceus
1343 1585 1352 1625 s
1370 1559 1457 1624 «Sed
1472 1577 1514 1621 er·

418 1675 456 1739 gu
479 1659 582 1722 Deum
603 1661 719 1740 ingrsti
740 1679 809 1724 csse
830 1681 1002 1739 ueremur,
1031 1665 1150 1745 qnippe
1171 1664 1266 1744 cujus
1289 1661 1449 1726 beneficiis
1467 1677 1515 1722 cu·

417 1763 531 1824 muloti
551 1765 800 1844 sumus‚„cnjus
820 1782 902 1844 onus
922 1783 1054 1843 sumus,
1076 1769 1134 1846 qui
1155 1766 1245 1829 nobis
1266 1765 1419 1845 providet
1445 1778 1516 1843 qut·

416 1881 557 1943 eumque
585 1873 675 1927 sorte
695 1883 752 1928 uos
780 1866 928 1946 dignutus
948 1871 1007 1946 sit;
1040 1878 1072 1931 et
1092 1889 1110 1931 n
1132 1888 1199 1950 quo
1220 1877 1292 1950 post
1323 1869 1408 1931 tinne
1429 1866 1517 1928 ritem

411 1968 575 2044 recepturi
596 1983 722 2039 snmus,
741 1973 825 2047 quun
847 1986 903 2031 nos
924 1987 1056 2050 sperare
1073 1971 1189 2034 votuit.
1213 1969 1325 2050 Atque
1336 1969 1435 2050 hujus
1447 1983 1516 2045 erge

417 2063 521 2129 Deum
536 2069 618 2146 greti
633 2069 728 2130 enimi
748 2065 920 2160 σύμβολον
934 2073 1103 2151 symbulum
1118 2073 1209 2136 nobis
1223 2071 1312 2153 punis
1329 2071 1458 2145 idiensi,
1471 2069 1520 2149 qui

414 2169 611 2273 ἐυχαριστία
625 2169 830 2239 Bucituristiu
848 2185 994 2239 uocatur.
1007 2193 1024 2232 ιι
1035 2174 1140 2251 Quum
1158 2175 1211 2252 (iu
1225 2172 1436 2255 {inpositione
1450 2171 1519 2235 Pro-

418 2277 604 2340 verbiurnm
626 2297 653 2340 c.
667 2276 720 2339 vi.
736 2272 787 2344 di.
810 2276 851 2340 ub
867 2277 991 2357 Angelo
1012 2275 1107 2342 Cnrd.
1123 2274 1210 2355 Maio
1232 2276 1340 2353 editu)
1362 2282 1516 2338 sumentes

415 2377 579 2458 improbos
597 2379 756 2460 judicium
778 2381 837 2442 sibi
860 2373 1054 2443 munducare
1076 2395 1130 2442 eus
1153 2378 1248 2442 dicits
1263 2376 1441 2442 «Penestis
1458 2377 1517 2438 suis

415 2482 554 2559 improbi
576 2481 719 2544 homines
733 2481 852 2546 Christi
868 2499 980 2545 carnes
1001 2487 1185 2555 conterunt,
1204 2489 1236 2542 et
1248 2481 1438 2559 sangninem
1452 2493 1519 2541 cun·

415 2589 560 2656 sumunt,
583 2599 654 2644 rem
676 2601 879 2645 communem
901 2586 968 2645 sire
990 2581 1158 2661 proienem
1181 2581 1450 2643 existimantes.»

494 2678 568 2744 Huc
588 2701 720 2763 qnoque
742 2683 939 2757 referuntur,
953 2699 1038 2762 quae
1061 2681 1186 2744 ductor
1208 2688 1298 2744 uotnt
1319 2678 1360 2742 de
1383 2679 1517 2742 iideiium

418 2785 597 2846 reverentia
625 2803 699 2864 erga
727 2785 787 2847 hoc
809 2785 998 2868 mysterium
1017 2781 1158 2847 Humilis
1175 2779 1265 2845 Xlii.
1289 2799 1319 2843 n.
1334 2779 1367 2845 3.
1390 2779 1517 2843 totim-

417 2884 644 2949 dumssvuio
667 2904 722 2948 vos
743 2887 916 2949 admouere
939 2887 1100 2966 religionis
1125 2893 1251 2948 vestrae
1273 2883 1453 2965 exempliss
1468 2902 1518 2946 uo-

415 2989 484 3062 stis‚
507 2989 562 3067 qni
576 2988 690 3050 divinis
712 2989 871 3070 mysteriis
894 2988 1047 3050 interesse
1062 2987 1253 3061 consuestis,
1268 2987 1439 3067 quomodo
1450 3002 1517 3048 rum

413 3091 574 3167 suscipitis
595 3107 710 3169 empus
736 3087 889 3165 Domini,
911 3107 985 3154 cum
1007 3091 1092 3151 omni
1114 3087 1241 3152 cuuteiu
1263 3099 1295 3151 et
1318 3089 1516 3152 veneratione

416 3193 565 3266 serratis,
582 3181 621 3254 ιιι
643 3212 684 3254 cx
701 3211 739 3254 en
760 3209 875 3271 purum
898 3191 974 3271 quid
990 3191 1130 3266 decidat,
1150 3209 1192 3255 ne
1214 3191 1393 3254 consecrati
1416 3205 1516 3252 mnne·

417 3295 461 3354 ris
481 3292 604 3372 eliquit
620 3293 792 3355 ditabatur.
815 3291 901 3355 Reos
921 3295 1004 3357 enim
1020 3311 1075 3354 ros
1096 3293 1238 3366 creditis,
1254 3301 1286 3354 et
1307 3301 1398 3354 recte
1418 3291 1514 3354 credi·

416 3395 468 3469 tis,
483 3394 586 3475 siquid
609 3394 681 3457 iude
702 3413 761 3473 per
782 3393 1004 3474 negligentium
1025 3393 1162 3456 decidat.
1179 3392 1273 3469 Quod
1296 3393 1322 3456 si
1347 3395 1436 3456 circu
1457 3409 1514 3452 cor·

410 3511 474 3574 pus
493 3494 561 3576 ejus
580 3493 836 3558 conservandum
860 3502 944 3556 tantu
967 3495 1092 3556 utimini
1106 3494 1249 3568 conteis,
1272 3502 1304 3556 et
1325 3495 1443 3557 merito
1463 3493 1514 3556 nti

415 3595 508 3674 mini3
524 3596 687 3674 quomodo
707 3597 826 3674 putatis
849 3595 979 3657 minoris
1000 3613 1070 3658 csse
1092 3595 1210 3674 pisculi
1232 3591 1375 3658 Verbum
1395 3591 1455 3658 Dei
1471 3611 1516 3654 ne·

418 3695 556 3777 giexisse
577 3715 673 3776 quum
695 3714 806 3776 corpus
826 3689 925 3778 ejus?
947 3713 963 3752 ιι

497 3795 547 3860 En
568 3806 688 3876 quante
710 3800 741 3859 in
762 3798 823 3860 hec
842 3795 991 3876 Origenis
1011 3795 1176 3859 locutione
1198 3797 1378 3872 mirabitis,
1395 3805 1429 3859 et
1448 3793 1515 3857 dde-
1600 3821 1601 3886 t

416 3899 497 3960 lium
525 3899 730 3963 meditatione
749 3899 854 3977 digus.
877 3895 925 3960 En
946 3915 1064 3977 corpus
1090 3894 1215 3960 Domini
1236 3899 1414 3962 secundnm
1432 3895 1514 3962 Cirri-

413 4002 453 4064 sti
477 4001 593 4064 serbe:
617 4001 673 4063 ιιι
692 4009 737 4062 ιιι
755 4017 869 4080 corpus
889 4018 1000 4062 meum.
1036 3999 1084 4062 En
1105 3997 1225 4064 Christi
1246 4001 1444 4064 mundatum:
1465 3991 1514 4079 qui

413 4101 533 4166 diuinis
553 4102 709 4183 mysteriis
738 4099 882 4163 iuteresse
913 4101 1083 4166 consuestis
1106 4099 1269 4182 Apostuiis
1291 4105 1510 4165 commissum:

409 4205 486 4270 inec
501 4202 751 4287 quotiescumque
765 4203 902 4283 feceritis
923 4203 959 4265 ιἰι
972 4201 1034 4265 mei
1047 4202 1228 4266 memorium
1244 4202 1376 4283 fumeus.
1392 4201 1437 4266 En
1458 4203 1513 4263 irn-

411 4308 466 4390 jns
486 4307 626 4371 mundati
657 4307 893 4370 observantium
915 4305 956 4367 eb
976 4322 1058 4369 sero
1087 4306 1265 4387 apostolico
1285 4305 1324 4368 sd
1349 4301 1511 4386 origenem
1600 4327 1601 4366 1

411 4427 516 4488 usquo
538 4417 807 4488 perseuerantem.
839 4405 887 4471 En
911 4408 1128 4471 reverentiam
1153 4424 1228 4487 erun
1252 4407 1313 4472 huo
1342 4420 1511 4470 ιιιιιιιιιι·
1600 4409 1601 4436 ³

415 4517 483 4574 tnm
501 4511 736 4591 religiosissime
757 4511 942 4592 praestitam
959 4528 975 4573 ι
992 4509 1114 4592 priscis
1133 4507 1296 4587 fidelibus,
1309 4509 1352 4574 ite
1368 4517 1404 4572 ut
1414 4501 1509 4586 siquid
