3375 5567
407 661 500 833 {Ceut
517 765 646 847 sanguis
666 767 791 832 revelat
809 767 901 832 uobis
920 763 1032 832 lesum
1047 786 1116 833 esse
1130 764 1293 834 Christum
1316 765 1430 833 Filium
1449 763 1502 832 liei

407 868 484 943 vivi,
505 867 559 931 sed
581 867 689 944 Pater,
708 869 764 948 qui
785 879 832 934 est
848 871 880 933 in
896 868 1012 933 coelis:
1035 870 1163 950 quaudo
1184 871 1385 935 conversatio
1405 880 1504 933 nostra

405 970 438 1032 iu
458 972 557 1033 coelis
572 977 632 1047 est,
647 978 681 1033 et
695 971 787 1050 digus
810 973 1007 1036 revelatione
1028 967 1133 1036 Patris
1153 972 1323 1051 coelestis3
1346 983 1421 1035 tunc
1436 989 1505 1034 vere

296 1121 299 1128 .
407 1072 564 1136 revelatio
585 1069 643 1134 Dei
664 1072 799 1136 abstulit
818 1075 981 1155 quideme
1001 1072 1091 1137 nobis
1105 1093 1197 1137 omne
1214 1074 1428 1138 velamentum
1441 1091 1507 1136 cor·

405 1170 454 1234 dis
464 1190 476 1251 3
493 1171 581 1235 dedit
601 1179 710 1236 eutem
731 1173 821 1238 uobis
840 1178 989 1257 spiritum
1011 1175 1185 1254 sapientiae
1198 1184 1231 1239 et
1251 1174 1464 1238 revelationis.
1478 1171 1509 1236 st

405 1281 517 1337 eutem
542 1273 719 1338 secundum
747 1293 877 1339 carnem
898 1284 931 1340 et
950 1277 1135 1356 sauguinem
1157 1294 1409 1351 conversemur,
1436 1274 1510 1338 elias

405 1384 515 1441 sutem
537 1376 749 1441 confiteamur
768 1377 880 1455 lesum
896 1377 1058 1442 Christum
1080 1397 1149 1442 esse
1171 1377 1288 1442 Filium
1305 1377 1365 1442 liei
1388 1379 1461 1452 vivi,
1476 1385 1511 1439 ut

406 1485 506 1557 puta,
532 1477 647 1557 doqmu
668 1477 853 1561 hujusmodi
883 1480 1090 1559 suscipientes
1112 1500 1130 1543 a
1156 1482 1343 1561 perentibus
1365 1479 1509 1544 traditum

408 1579 517 1642 nobis:
543 1585 619 1644 tuuc
640 1595 702 1642 non
725 1577 820 1644 Peter
841 1583 999 1645 revelavit
1019 1581 1128 1658 nobis,
1150 1582 1204 1646 sed
1227 1601 1304 1646 caro
1326 1590 1359 1644 et
1379 1579 1508 1662 sanguis.

406 1677 582 1759 Propterea
601 1697 660 1744 uec
679 1681 811 1746 stubiles
831 1699 944 1745 sumus
959 1682 990 1744 in
1012 1681 1073 1745 iude
1087 1681 1198 1762 ipsius,
1214 1683 1298 1746 sient
1313 1679 1442 1757 Petrus,
1457 1699 1510 1744 uec

408 1780 546 1844 similem
561 1783 590 1846 ei
613 1781 839 1846 beatitudinem
862 1800 1107 1863 consequemur.
1129 1781 1162 1846 Si
1183 1801 1261 1861 ergo
1282 1791 1317 1846 et
1336 1801 1408 1859 nos,
1424 1781 1512 1844 Patre

407 1880 509 1960 nobis,
525 1890 563 1946 ut
576 1883 729 1958 diximus,
746 1884 922 1961 revelante,
942 1883 1127 1948 coufitentes
1143 1883 1256 1950 desum
1270 1905 1341 1950 esse
1356 1885 1510 1950 Christum

409 1982 529 2047 Filium
552 1981 703 2061 boisili,
720 1983 795 2047 iacti
817 1983 974 2048 fuerimus
998 1983 1132 2050 l'etrus:
1155 1987 1268 2066 utique
1284 1995 1317 2050 et
1333 1987 1423 2050 uobis
1435 1985 1511 2050 dice·

407 2091 463 2149 tur
483 2103 501 2149 u
518 2082 586 2149 ileo
608 2081 736 2149 Verbo:
758 2094 795 2148 tu
813 2104 847 2148 er
866 2085 980 2149 Petrus
1000 2095 1028 2148 et
1048 2104 1143 2167 super
1162 2085 1243 2148 hunc
1263 2085 1394 2150 Petrum
1413 2083 1513 2165 aedifi·

407 2186 482 2249 cebo
504 2184 677 2249 Ecclesium
696 2203 794 2250 mcum
815 2197 888 2250 ete:
913 2187 1007 2250 Petra
1028 2195 1077 2250 est
1096 2189 1179 2250 euim
1201 2189 1316 2264 omnis,
1341 2189 1398 2269 qui
1419 2189 1512 2250 imita·

407 2295 460 2352 tor
473 2287 593 2355 Christi
612 2296 672 2365 est,
688 2308 730 2352 ex
750 2308 817 2370 quo
832 2289 993 2365 bibebant,
1015 2289 1071 2370 qui
1085 2287 1225 2353 bibebant
1237 2291 1275 2352 de
1286 2287 1434 2370 spirituli
1449 2305 1514 2350 eus·

410 2400 553 2469 sequente
578 2399 678 2469 petru.
707 2387 750 2454 Et
778 2408 878 2470 super
897 2393 984 2455 omni
1012 2390 1196 2472 hujusmodi
1217 2396 1310 2472 petre
1332 2389 1512 2456 aedificetur

409 2490 556 2556 Ecclesia
578 2489 648 2555 Dei.
673 2489 709 2554 lu
728 2493 862 2572 siugulis
882 2493 965 2556 enim
987 2492 1169 2575 quibusque
1190 2491 1366 2572 perlectis,
1387 2493 1442 2573 qui
1463 2491 1511 2552 ha·

406 2591 483 2656 beut
505 2594 536 2656 iu
556 2611 591 2656 se
611 2595 891 2674 congregationem
912 2593 1090 2657 verborum
1110 2599 1143 2656 et
1162 2609 1300 2674 operum
1315 2602 1350 2658 et
1368 2607 1510 2656 sensuam

408 2694 564 2770 omnium,
580 2693 637 2774 qui
652 2694 836 2776 hujusmodi
852 2694 1080 2759 beatitudiuem
1094 2703 1284 2775 operantur,
1299 2694 1444 2759 consistit
1456 2689 1509 2755 Ec·

410 2798 507 2862 clesia
529 2796 601 2875 Dei,
624 2796 677 2861 cui
699 2805 812 2878 portae
832 2815 895 2860 nou
917 2797 1106 2879 praevalent
1125 2797 1317 2860 interorum.
1341 2817 1358 2855 s

485 2897 526 2962 Et
545 2900 592 2962 sic
612 2899 643 2961 in
663 2899 873 2978 sequentibus
894 2899 1104 2980 prosequitur
1117 2897 1284 2978 Origenes,
1301 2897 1467 2963 osteudens
1481 2897 1509 2960 iu

385 3001 457 3094 ‘his
480 3000 584 3064 verbis
604 3000 832 3081 comprehendi
853 3008 885 3063 et
908 2999 1061 3076 Petrum,
1084 3007 1117 3064 et
1147 3009 1272 3064 ceteros
1299 2999 1461 3082 apostolos
1482 3005 1511 3060 et

407 3119 517 3165 omnes
538 3117 685 3181 quosque
704 3099 866 3181 periectos
893 3101 1009 3164 Christi
1039 3101 1236 3177 imitatores,
1258 3119 1297 3163 nc
1318 3118 1428 3164 omnes
1445 3098 1510 3160 ideo

411 3201 524 3265 fideles
546 3219 615 3266 esse
636 3211 668 3266 et
687 3199 749 3264 diei
770 3199 903 3266 Petrum
916 3210 948 3265 et
964 3201 1103 3277 Petram,
1119 3212 1151 3265 et
1163 3201 1194 3264 iu
1209 3203 1359 3266 omuibus
1373 3202 1421 3264 his
1434 3197 1509 3262 sedi·

411 3302 501 3366 beeri
516 3301 691 3367 Ecclesiam
709 3301 841 3384 Christi3
864 3303 1019 3367 sdversus
1041 3321 1134 3383 quos,
1148 3321 1221 3367 euru
1245 3303 1324 3366 tales
1340 3317 1509 3384 permense-

410 3406 487 3482 riut,
502 3403 679 3469 inferorum
695 3423 757 3467 uon
768 3405 1000 3486 praevalebunt
1013 3411 1136 3484 portae.
1150 3401 1204 3479 Et,
1221 3403 1301 3468 sicui
1327 3401 1508 3482 praevolue-

313 3538 317 3547 ·
410 3507 474 3569 rint
494 3513 608 3588 portae
632 3505 740 3582 inferi,
766 3507 847 3570 idest
873 3505 991 3571 Christi
1016 3505 1195 3586 denegatio,
1218 3500 1509 3581 tornicatio,avsri·

409 3612 465 3683 tia,
488 3609 642 3685 haeresis,
663 3616 697 3673 et
717 3610 816 3691 huius
836 3611 962 3689 generis
983 3607 1111 3688 culpae,
1134 3607 1228 3672 Petra
1250 3623 1451 3688 nequaquem
1468 3603 1508 3666 di-

409 3709 528 3775 condus
552 3719 609 3774 est.
627 3709 709 3774 llino
723 3713 839 3788 cernis,
855 3708 1027 3789 (trigenum
1042 3711 1073 3771 in
1089 3709 1250 3785 hocloco,
1267 3727 1326 3789 pro
1341 3727 1432 3772 more
1443 3722 1506 3775 suo,

408 3812 475 3874 lato
495 3830 591 3876 seusu
602 3815 848 3889 interpretatum
865 3811 944 3876 Iesu
965 3829 1157 3885 sermonem,
1174 3812 1261 3891 quod
1279 3810 1444 3891 proprium
1458 3805 1506 3869 uni

409 3922 533 3978 tentum
555 3921 637 3990 erat,
659 3915 783 3978 scilieet
805 3913 924 3987 Petro,
948 3915 1126 3993 improprie
1147 3912 1295 3976 omuibus
1316 3907 1506 3976 credentibus

409 4018 610 4080 concessisse.
629 4013 724 4092 Quod
736 4017 865 4096 quidem
888 4015 958 4079 aliis
980 4035 1041 4078 non
1063 4015 1225 4094 displicuit
1241 4012 1353 4096 priscis
1369 4015 1508 4090 iuterpre-

375 4181 382 4194 ,
411 4115 497 4179 tibus
518 4117 715 4192 Ambrosio,
738 4102 944 4197 Epiphanio,
966 4125 998 4179 et
1020 4113 1262 4194 Theophilucto.
1285 4111 1401 4193 quue
1419 4107 1505 4186 turgis

410 4235 484 4281 cum
505 4219 647 4293 seimus,
670 4219 753 4282 hauc
772 4218 1069 4298 interpretationem
1092 4217 1257 4280 exordisse
1285 4213 1451 4293 Origenem
1469 4225 1505 4269 ex

410 4319 510 4398 ipsius
531 4316 619 4382 Petri
641 4318 862 4383 confessione:
886 4317 934 4381 Tu
949 4337 980 4380 rs
998 4315 1141 4383 Christus
1152 4315 1259 4380 Filius
1276 4313 1334 4376 [lei
1347 4311 1425 4387 oiri,
1438 4309 1506 4372 ulio·

411 4437 485 4481 rum
506 4418 640 4482 seclusis
661 4417 701 4482 de
722 4418 802 4483 Jesu
822 4419 1025 4499 opinionibus
1046 4417 1166 4498 quippe
1187 4416 1286 4480 ialsis.
1314 4410 1504 4494 Quspropter

411 4519 442 4580 in
464 4518 523 4583 hac
544 4519 743 4586 confessione
761 4519 916 4599 studens,
939 4519 1057 4602 quibus
1082 4517 1332 4600 alloquebatur,
1356 4513 1501 4582 continere
