3375 5567
424 671 486 748 ibi

422 779 597 861 petiisses,
620 782 702 860 oues
723 779 788 843 tttts
810 786 946 862 propter
966 785 1080 846 eorum
1103 779 1276 861 peccatum
1299 775 1418 844 iecerat
1436 769 1521 850 Deus,

426 880 457 942 io
480 882 671 964 mysterium
703 881 867 962 quoddam
889 883 1030 948 continet
1053 881 1157 947 multo
1179 883 1414 962 praestantius,
1439 897 1521 962 quau

425 981 513 1062 quoti
530 979 624 1044 Pisto
639 981 737 1046 tradit
752 982 792 1046 de
806 985 925 1059 anima,
942 1001 1026 1064 quoe
1042 983 1164 1047 evulsis
1179 982 1239 1045 aiis
1257 983 1320 1046 bue
1335 981 1458 1055 dcciiii,
1477 980 1523 1042 tio

427 1099 487 1146 uec
507 1080 630 1164 aliquid
652 1083 794 1147 solidum
815 1085 1034 1161 nanciscatur,
1052 1084 1106 1148 ubi
1128 1083 1291 1146 consistat.
1310 1103 1326 1140 s
1342 1079 1484 1147 Ceterum
1503 1079 1524 1142 si

428 1185 461 1247 iu
483 1200 544 1248 usu
567 1184 805 1249 venabulorum
826 1186 922 1249 ambo
943 1183 1097 1248 Tatiaous
1112 1190 1145 1246 et
1169 1181 1261 1245 Pisto
1283 1180 1525 1260 coureuiao13iu

428 1284 558 1347 untione
580 1293 698 1361 tamen,
720 1303 903 1367 corumque
924 1286 994 1349 ides
1017 1292 1133 1348 mutuo
1154 1284 1357 1362 desciscuut3
1382 1282 1474 1343 veluti
1493 1298 1527 1342 ex

428 1392 587 1447 contextu
609 1396 706 1465 patet.
721 1384 932 1467 Quapropter
946 1394 978 1449 et
1000 1405 1040 1448 ex
1055 1383 1206 1463 Origcois
1227 1392 1258 1445 et
1279 1379 1403 1443 'iuliani
1418 1397 1528 1442 couscr-

431 1485 471 1548 tis
493 1487 682 1551 testimoniis
703 1489 875 1569 bucusque
895 1488 1091 1562 illustratis,
1114 1502 1280 1565 uunquam
1301 1481 1401 1546 statui
1422 1488 1528 1561 potest,

430 1584 518 1665 quod
541 1587 756 1666 praetendunt
769 1587 961 1664 novenarii,
977 1604 1036 1650 uec
1050 1587 1231 1648 animarum
1247 1582 1439 1661 corporibus
1453 1597 1530 1660 prae·

432 1687 614 1762 existentia,
637 1705 696 1752 uec
710 1689 783 1753 ilias
804 1690 847 1752 ob
868 1697 1037 1770 peccatum
1058 1685 1206 1768 supplicii
1228 1699 1326 1748 causa
1349 1701 1367 1746 e
1389 1681 1475 1747 cocio
1488 1681 1531 1742 ie·

433 1787 556 1865 spissas,
579 1806 638 1852 uec
658 1789 732 1853 ideo
749 1791 946 1872 corporibus
971 1789 1069 1852 tuisse
1091 1787 1242 1850 inclusas.

513 1887 630 1952 Cetera
654 1908 733 1953 vero
753 1891 794 1953 ab
815 1889 1016 1972 Hieronymo
1030 1890 1106 1952 buic
1129 1887 1334 1968 paragrapho
1356 1887 1489 1964 adiecta,
1507 1893 1534 1948 et

433 2005 452 2050 s
467 1985 597 2052 Ruiiiuo
611 1991 707 2054 sicuti
718 1998 751 2055 et
761 1993 793 2054 in
808 1991 952 2073 Epistola
965 1991 1004 2054 ei
1018 1989 1167 2055 Meunaru
1182 1990 1298 2052 omissa
1314 1989 1401 2052 circa
1414 1988 1534 2050 auium

437 2085 525 2152 Esau
546 2099 680 2170 propter
709 2093 841 2173 antiqua
863 2099 896 2155 et
917 2090 1145 2173 praecedentia
1180 2097 1311 2170 peccata
1333 2087 1491 2163 damuati,
1510 2095 1536 2147 et

436 2187 526 2250 eirca
537 2191 627 2265 sotis,
643 2189 741 2253 ionae
755 2200 787 2255 et
801 2201 966 2254 astrorum
981 2191 1124 2252 aliorum
1143 2189 1265 2251 animos
1280 2189 1387 2268 (quac
1401 2187 1442 2250 ob
1458 2202 1535 2267 pree

436 2287 586 2352 cedentes
607 2307 720 2354 causas
746 2291 867 2355 tuerint
884 2291 1032 2354 vanitatis
1052 2289 1213 2354 obnoxiae
1229 2297 1311 2364 eto,
1327 2296 1359 2352 et
1373 2286 1415 2350 dc
1433 2287 1535 2367 quibus

439 2389 516 2452 aiibi
535 2408 644 2454 sermo
664 2394 746 2471 erit)
765 2395 906 2472 acceptis
928 2401 960 2456 et
981 2391 1125 2472 probetis
1147 2397 1240 2453 antea
1259 2391 1407 2469 expensis
1428 2388 1465 2452 tie
1483 2387 1537 2448 sui·

440 2503 556 2555 maest
575 2493 689 2556 incutis
703 2494 905 2556 distinctione
924 2493 1020 2574 justa
1035 2491 1208 2570 origenem
1225 2488 1322 2565 iacta,
1341 2491 1457 2552 merito
1476 2503 1538 2550 cou-

437 2592 571 2673 jicitur,
595 2595 721 2659 nulium
743 2614 781 2659 ea
814 2596 857 2657 ibi
880 2595 1000 2658 babere
1027 2594 1162 2670 locum,
1185 2600 1217 2657 et
1239 2592 1312 2655 ideo
1335 2591 1401 2654 buc
1425 2587 1539 2653 alionis

442 2695 590 2759 traducta
613 2697 777 2759 ebuliens
801 2715 909 2761 manu.
940 2693 1034 2772 Quae
1055 2694 1187 2774 quidem
1209 2692 1392 2756 Adamantii
1413 2689 1539 2755 conside·

399 2848 404 2857 ,
442 2797 583 2860 rationes
612 2797 652 2860 de
675 2801 763 2862 varia
785 2801 918 2880 spiritus
952 2798 1083 2860 humani
1112 2802 1202 2859 sorte
1222 2794 1264 2858 ub
1289 2801 1539 2876 protoparentum

441 2896 586 2975 cuipam,
607 2900 735 2962 sinistre
755 2907 924 2980 acceptae,
949 2897 1049 2962 veluti
1072 2895 1171 2978 hujus
1193 2896 1317 2976 generis
1339 2896 1424 2957 stiae
1444 2910 1482 2955 ex
1501 2891 1539 2952 bis

442 2990 638 3061 Periercios
659 3000 748 3064 libris
769 3011 801 3064 et
823 3001 1023 3080 potissimum
1046 3016 1086 3062 er
1108 2999 1212 3077 capite
1233 2995 1304 3060 Vii.
1330 2995 1416 3059 Libri
1439 2993 1462 3056 Ι.
1483 3009 1540 3055 seu

445 3099 564 3160 tentiae
584 3099 794 3180 desumptae,
816 3118 904 3182 quae
931 3097 1170 3164 accommodari
1202 3097 1396 3160 ridebantur
1419 3095 1541 3160 buicas·

441 3197 589 3272 sectioni,
611 3197 756 3280 ejusdem
776 3200 925 3280 Origeois
945 3215 1075 3263 sensum
1097 3197 1304 3277 genuinuma
1325 3215 1385 3259 suo
1401 3212 1504 3273 scopo,
1517 3197 1542 3252 et

445 3295 542 3357 simui
563 3312 582 3357 s
607 3300 743 3362 veritate
763 3301 859 3379 ionga
881 3299 1125 3380 propulsarunt.
1150 3296 1191 3360 Et
1212 3299 1284 3361 inde
1307 3297 1426 3360 iactant
1446 3303 1500 3366 est,
1513 3297 1541 3352 ot

445 3397 515 3476 ipse
533 3399 760 3502 corriperetur
780 3403 812 3464 iu
832 3420 900 3483 quo
922 3419 985 3465 nou
1005 3399 1139 3464 errarit.
