3375 5567
183 715 260 778 mm
283 723 374 778 erant
394 721 456 779 ete.
488 714 525 780 in
555 733 595 782 eo
615 717 723 780 nascio
754 717 830 797 quid
852 716 912 782 sibi
935 716 1013 781 velit
1039 716 1187 795 ductor,
1209 721 1270 787 nisi

181 819 369 880 lmstraneam
392 817 633 896 praedictorum
657 819 890 900 repetitionem.
915 815 957 880 Et
976 817 1004 881 si
1022 819 1180 883 sermonis
1195 837 1269 902 syo·

181 918 259 980 tasin
277 925 482 998 spectemus,
505 918 714 1000 propositioni
747 920 914 998 negativae
923 961 937 994 ,
958 935 1056 998 qnam
1079 920 1268 998 praemisit,

181 1019 337 1082 necessario
351 1019 558 1082 adversativa
572 1020 738 1084 subeunda
754 1021 935 1095 ridebatur,
948 1038 987 1082 ne
1000 1019 1206 1110 lranqeretur
1220 1021 1270 1088 lo·

178 1121 259 1192 autin,
279 1119 396 1184 saltem
411 1123 603 1200 priusquam
623 1121 663 1182 ad
679 1121 932 1202 propositione·
953 1120 1202 1185 conditionalem
1215 1141 1269 1185 ac·

178 1221 414 1297 eederel,reluti
434 1222 603 1301 leqebalnr
617 1223 648 1283 in
666 1221 829 1286 codicibus
850 1240 878 1284 s.
897 1217 1062 1304 Martyris.
1080 1219 1266 1298 Praeterea,

177 1322 196 1382 si
214 1323 360 1400 penninas
385 1329 576 1402 acceptetur
599 1332 705 1386 textos
738 1320 898 1406 Anonymi
922 1321 1029 1400 graeci
1055 1320 1223 1385 scribentis
1242 1325 1272 1387 si

177 1420 242 1482 emas
259 1421 362 1484 adhuc
384 1432 547 1502 parantes
567 1422 864 1502 deprehenduntnr,
886 1423 979 1502 quasi
1000 1422 1144 1498 dicaret,
1165 1423 1191 1486 si
1214 1424 1270 1486 ho·

177 1524 254 1586 niues
274 1542 421 1606 peceare⁴
432 1525 671 1607 perseverarint
692 1527 723 1586 in
737 1525 879 1588 adventu
894 1523 965 1587 Filii
980 1525 1118 1589 hominis
1138 1524 1220 1589 idest
1238 1527 1269 1589 in

176 1624 430 1688 mnsnmmalione
450 1625 564 1700 seculi,
589 1633 665 1688 tone
686 1624 857 1689 dicendum
878 1630 973 1701 esset,
997 1634 1069 1706 post
1088 1625 1199 1688 mnndi
1221 1627 1268 1688 in-

176 1725 281 1786 teritum
294 1725 446 1789 docuisse
467 1723 651 1805 Oriqeuem,
668 1727 811 1789 homines
833 1743 969 1805 peecare
988 1743 1092 1806 posse,
1116 1727 1203 1805 quod
1219 1733 1268 1790 est

175 1825 340 1888 abundum.
363 1824 411 1888 Et
430 1826 475 1890 sic
496 1826 535 1888 da
556 1827 697 1903 celeris,
717 1843 802 1908 quac
823 1827 866 1888 ibi
879 1813 1082 1906 sequnntur,
1104 1826 1196 1906 loqui
1219 1827 1265 1890 las
1378 1823 1383 1831 '

174 1934 224 2006 esl3
245 1926 294 1988 nbi
318 1928 460 1988 varietas
491 1926 588 2008 hujus
609 1927 650 1989 ah
669 1927 775 1990 allero
799 1924 939 2000 Rudini,
962 1924 1031 1989 sire
1049 1945 1074 1987 s.
1106 1923 1265 2007 Pamphili

175 2031 258 2104 testu,
273 2027 498 2108 paraphrasim
515 2028 715 2092 tenebrosam
731 2027 913 2090 manifestat
929 2025 1088 2109 Anonymi
1100 2021 1267 2088 Transcri-

176 2127 266 2203 pteris.

236 2226 338 2311 Siquis
359 2235 473 2294 autem
495 2239 606 2292 eontra
629 2227 727 2306 istud,
754 2235 896 2294 veterem
925 2231 992 2296 hnc
1020 2230 1145 2294 vocarit
1164 2228 1268 2294 inter·

173 2331 363 2407 pretationem
397 2332 528 2394 latinam
551 2331 598 2395 nti
626 2331 667 2393 ab
690 2339 832 2412 utroque
861 2331 1020 2396 diversam
1042 2340 1075 2396 et
1106 2350 1124 2394 a
1153 2332 1264 2396 codice

172 2448 191 2491 s.
207 2429 354 2516 ldartyris
379 2441 411 2496 at
432 2432 474 2494 ab
495 2432 654 2513 Anonymi
684 2450 802 2512 graeco
824 2441 941 2512 textu3
966 2451 1083 2515 negare
1104 2453 1167 2496 non
1194 2452 1266 2515 pos·

173 2547 263 2596 sumus
281 2529 433 2615 ejusdem
454 2551 531 2614 prae
546 2534 713 2616 ceteris-in
729 2535 929 2622 expositione
950 2536 1152 2598 brevitatem.
1175 2534 1266 2597 arra-

174 2647 229 2693 nen
246 2651 306 2696 non
329 2641 457 2698 tantum
479 2651 563 2714 quae
584 2635 762 2696 necessaria
784 2643 878 2698 erant
898 2636 937 2697 ad
959 2635 1107 2716 Oriqanis
1129 2642 1267 2698 mentem

174 2729 415 2812 explanandam,
437 2737 541 2816 ipsum
578 2742 704 2798 uolasse
724 2743 870 2816 constat,
895 2753 1003 2799 seram
1030 2737 1125 2798 etiam
1147 2736 1272 2799 uniior-

177 2833 254 2896 niter
272 2836 337 2898 disi
362 2835 523 2917 Pamphili
546 2837 664 2912 textui,
689 2837 841 2900 doctoris
863 2837 962 2900 rerba
983 2838 1188 2918 expressisse.
1209 2834 1271 2901 Ubi

172 2935 238 2997 enirn
264 2935 322 3001 iste
344 2936 516 3018 Evangelii
546 2937 629 3000 dicta
659 2939 771 3000 citavit
796 2937 835 3000 de
865 2939 1008 3017 glorioso
1033 2939 1174 3001 adeenln
1208 2938 1266 3002 lilii

174 3035 291 3102 hominis
318 3041 459 3104 scribite
483 3061 499 3100 a
522 3038 563 3103 Et
584 3039 646 3102 erit
667 3039 725 3114 eis,
745 3041 803 3119 qui
826 3047 903 3103 tuuc
924 3040 1058 3103 luerunt
1080 3046 1265 3121 peccatores

172 3139 287 3216 punitio,
302 3160 372 3204 non
393 3143 425 3204 in
447 3140 773 3220 transcorporalione,
789 3141 843 3204 sad
860 3142 891 3202 in
914 3141 996 3221 ique.
1011 3138 1102 3205 Unda
1123 3157 1268 3203 necessa·

172 3239 223 3313 no,
237 3240 290 3318 qni
312 3241 641 3320 trauseorporatinnis
663 3237 776 3320 doqma
801 3240 976 3304 delendunt
996 3241 1151 3321 gentiles,
1174 3240 1267 3320 qnasi

171 3343 399 3421 consequentias
427 3343 471 3405 ibi
491 3342 600 3405 dicere
628 3345 814 3422 cupientes,
838 3342 995 3422 denegant
1016 3340 1171 3405 mnndum
1197 3359 1266 3405 esse

170 3439 323 3519 aliqnando
354 3444 653 3507 consummandum.
681 3441 801 3506 Contra
830 3460 913 3522 qnos
934 3449 996 3506 otc.
1029 3441 1110 3504 »Et
1139 3442 1169 3503 id
1201 3444 1266 3522 eqit

173 3549 247 3602 setus
260 3539 439 3622 interpres,
456 3543 528 3606 illas
545 3543 652 3606 denuo
667 3543 777 3606 nolens
794 3559 962 3606 recensere
977 3541 1180 3606 ethnicorum
1195 3545 1264 3621 opi-

172 3639 261 3706 niones
280 3643 321 3708 de
345 3647 673 3725 transcorporatione,
697 3662 777 3725 qnas
798 3651 891 3706 antea
913 3650 1111 3706 excusserat.
1128 3641 1195 3706 Aut
1215 3643 1263 3703 di·

174 3746 333 3810 lersimode
356 3746 528 3810 dicendum
549 3765 574 3810 s.
598 3745 802 3826 Pamphilum
817 3743 966 3824 Origenis
987 3744 1145 3808 adsersus
1166 3746 1265 3824 ipsius

173 3856 361 3912 amoeniores
382 3865 494 3911 sensns
514 3849 657 3915 aseleri
674 3847 855 3928 interprete
875 3845 977 3909 latino
999 3847 1137 3926 genuine
1154 3846 1265 3908 tradu-

173 3952 236 4022 ctos,
257 3949 322 4012 late
351 3952 552 4032 exposuisse.

235 4046 385 4125 Domum,
401 4051 460 4113 etsi
482 4049 677 4131 quandoque
700 4049 727 4111 si
753 4049 795 4112 ila
818 4048 917 4125 selis,
933 4049 1053 4112 latinae
1070 4045 1269 4126 interprete·

174 4145 394 4228 stanislaum,
408 4150 556 4231 Oriqenis
570 4151 769 4215 locutionem
784 4150 952 4225 breviarii,
965 4165 1131 4227 nunquam
1151 4164 1227 4209 vero
1247 4162 1264 4207 a

173 4261 252 4328 scopu
263 4253 396 4316 recessit
417 4259 524 4316 textus
539 4252 701 4334 originalis
723 4252 843 4333 graeei3
861 4269 919 4314 nec
938 4250 1023 4314 ullas
1039 4245 1183 4326 reliquit,
1205 4261 1265 4307 nec

175 4352 319 4428 praecidit,
333 4373 392 4418 uec
408 4352 603 4426 emendarit,
613 4352 922 4434 quomodocumque
936 4370 970 4414 se
982 4347 1152 4420 haberent,
1166 4363 1271 4426 appo·

176 4447 236 4514 sitas
244 4452 463 4520 discussiones.
475 4453 692 4536 Proindeqoe,
705 4454 797 4535 siqua
812 4461 985 4519 occurrant
1000 4452 1031 4512 in
1044 4455 1136 4514 textu
1148 4463 1266 4528 graeco
