3375 5567
166 739 234 804 quas
251 722 410 790 arbitratu
432 724 597 806 praeditae
618 725 659 790 ab
679 726 792 792 ortlino
822 731 946 794 statuto
965 726 1049 794 alias
1070 723 1261 800 iotacissout

165 829 189 886 iu
207 827 321 892 nulum
342 827 506 908 delapsae,
526 827 611 895 aliae
632 828 664 892 in
686 828 770 892 bono
791 834 1062 907 perseverassent.

228 925 358 1004 Verum,
377 938 413 994 ιιι
426 932 611 996 summatim
633 930 751 1006 iteum,
767 931 894 997 Anslor
915 930 947 992 in
962 947 1002 992 en
1026 927 1185 996 vocabulo
1205 949 1261 1001 ator·

164 1021 276 1116 ταβολή
295 1031 472 1109 etquidem
487 1050 530 1098 eu
546 1030 694 1111 tonsori
709 1051 817 1099 sensu:
833 1029 894 1110 qui
907 1027 998 1108 clepit
1012 1048 1069 1098 oros
1082 1037 1157 1096 noto
1171 1047 1261 1094 sass-

161 1128 189 1190 ls'
204 1127 449 1194 contitutionem
468 1131 537 1198 sire
559 1131 759 1212 deiectionem
779 1130 1105 1207 allodiariorium,
1129 1147 1259 1210 reprae-

163 1235 266 1294 sentari
287 1241 380 1312 putat
394 1232 552 1298 mnndum
573 1235 777 1310 irrisibilem,
794 1234 850 1298 ubi
872 1234 1030 1313 deponant
1051 1231 1257 1298 rationabiles

163 1340 328 1407 creaturos.
345 1332 427 1396 idest
441 1334 560 1412 napoli,
574 1345 648 1400 ante
662 1335 760 1415 bnjns
781 1332 892 1398 munti
910 1331 1043 1398 risibilis
1059 1333 1259 1398 constitutio·

161 1451 231 1506 non.
252 1435 282 1496 in
297 1451 396 1513 quens
418 1435 532 1498 deiude
552 1434 709 1518 demissas
729 1444 818 1512 sunt,
842 1436 933 1500 sario
954 1433 1066 1502 ortlino
1087 1433 1259 1513 dispositas

161 1534 320 1598 secunlum
341 1551 457 1601 oarnno
487 1537 648 1618 cujusquo
669 1537 833 1602 meritum.
864 1533 934 1602 llas
954 1552 1055 1616 porro
1084 1533 1258 1602 invisibiles

160 1635 370 1701 irrationales
390 1646 565 1703 creaturae
582 1639 652 1702 siro
673 1638 811 1714 animas,
833 1637 874 1701 de
894 1636 1014 1718 quibus
1035 1637 1089 1702 blo
1109 1637 1259 1716 loquitur

160 1735 309 1814 Origenes,
326 1736 505 1800 nullimode
521 1737 766 1804 contundendae
786 1745 862 1803 sunt
877 1755 951 1802 oum
969 1735 1150 1812 animabus,
1175 1753 1261 1818 quae

162 1845 254 1912 postor
275 1837 307 1900 iu
329 1837 392 1900 boc
413 1837 533 1904 mundo
556 1837 672 1903 risibili
693 1849 725 1902 et
746 1853 942 1918 corporeos
968 1833 1036 1900 tiso
1052 1843 1193 1911 orestae,
1217 1835 1259 1898 b·

159 1937 239 2002 iano
257 1941 391 2020 suisque
412 1942 549 2019 posteris
569 1940 749 2006 soooauiro
770 1940 889 2004 inditas
908 1944 1003 2006 sunl:
1025 1936 1069 2002 nd
1088 1934 1258 2018 impioram

158 2039 429 2105 orinitirosioms
448 2058 541 2108 sotem
558 2039 632 2121 serit
655 2058 717 2103 sos.

222 2139 263 2204 lit
283 2143 314 2204 in
329 2142 401 2206 boo«
412 2142 490 2206 tnibi
506 2141 600 2206 valtle
613 2159 740 2206 errasse
759 2141 909 2230 vitientur
923 2144 1127 2223 interpretes,
1143 2138 1258 2218 oripo-

160 2241 198 2304 ais
209 2259 334 2306 semum
350 2243 444 2322 louge
459 2243 500 2306 ab
514 2261 566 2316 oo,
584 2259 682 2322 quem
697 2242 1000 2324 comprehenderat,
1015 2239 1255 2313 transissentss‚

162 2340 248 2406 roluti
268 2343 352 2407 iuter
372 2343 454 2406 alios
474 2343 591 2408 accidit
612 2341 824 2427 Hieronymo,
851 2361 868 2406 a
899 2344 994 2426 cnjus
1014 2359 1090 2408 sone
1113 2343 1258 2407 versione

161 2443 360 2506 montorium
374 2451 436 2519 est,
450 2445 572 2523 quippe
587 2444 696 2523 potins
711 2445 814 2525 glossa
828 2464 927 2524 quam
945 2445 1050 2510 versio
1063 2443 1255 2521 uicinorum,

159 2542 327 2606 aientislibi
342 2544 570 2625 disputabitur.
583 2543 657 2608 Nou
671 2546 715 2608 its
732 2554 837 2607 tamen
852 2545 890 2610 tls
905 2542 1032 2608 Rul'tino
1046 2543 1204 2623 suspicari
1219 2541 1257 2604 li·

159 2650 211 2716 rat,
225 2645 280 2722 qni
301 2644 333 2706 ia
347 2652 490 2708 tractatu
510 2643 550 2708 tls
564 2644 809 2710 rationabilibus
830 2642 995 2722 professus
1022 2650 1086 2717 ost,
1107 2642 1187 2708 nibil
1201 2641 1256 2710 no-

160 2750 284 2805 nutasse
305 2743 346 2806 ab
367 2745 515 2823 originali
538 2762 665 2824 graeco.
689 2743 777 2807 Nihil
800 2747 940 2825 penitus,
965 2745 1115 2824 inquam,
1137 2743 1254 2810 ibidem

157 2839 297 2923 Origenes
317 2845 470 2907 indicarit
490 2844 530 2910 ie
549 2845 679 2923 spiritu,
694 2863 755 2907 ssu
768 2844 808 2908 tle
828 2845 933 2910 anima
957 2843 1093 2910 bominis
1103 2862 1115 2920 3
1139 2859 1253 2905 rerum

159 2944 366 3009 tantummodo
388 2946 427 3008 ie
449 2946 607 3011 ruentibus
627 2947 696 3009 siro
716 2944 884 3025 spiritibus
905 2944 1072 3024 angelicis,
1087 2942 1253 3010 invisibili·

159 3041 218 3118 bus,
238 3053 271 3114 st
290 3046 322 3109 in
343 3044 464 3110 mondo
479 3045 628 3111 invisibili
649 3055 683 3108 et
705 3053 838 3108 seterno
860 3046 988 3110 orestis.
1011 3041 1105 3120 Quos
1126 3048 1255 3114 croalli-

159 3161 204 3208 rae
217 3145 422 3214 rationabiles
438 3153 550 3230 utpote
569 3148 619 3210 sni
638 3146 723 3226 iuris
738 3163 776 3210 ar
796 3145 918 3210 liberae
937 3164 979 3209 ex
1000 3144 1070 3224 ipso
1091 3143 1252 3210 arbitratu

158 3262 274 3308 manere
294 3247 325 3309 in
346 3244 444 3318 bono.
462 3263 500 3308 ao
520 3247 561 3307 ab
581 3265 622 3310 eo
643 3246 782 3310 deficere
802 3246 1089 3325 monimentum
1110 3243 1251 3312 nuntium

159 3343 309 3410 bestilioae
332 3346 463 3411 inerant
485 3348 595 3415 visioni
615 3347 787 3412 admissas.
816 3345 911 3423 Quod
934 3347 1062 3425 saopirts
1083 3345 1196 3412 locuit
1215 3363 1254 3410 ss

158 3441 284 3510 tirmarit
301 3445 397 3527 juxta
419 3447 617 3514 natlrolionm
639 3446 768 3526 logni,
791 3447 892 3510 voluti
908 3455 1033 3512 antean
1056 3464 1105 3512 me
1126 3445 1256 3525 amplia·

101 3566 102 3569 ¹
157 3543 224 3610 siros
236 3548 430 3628 pntoiaotnrn
452 3558 501 3614 est
523 3557 586 3614 tarn
604 3547 705 3611 relate
725 3547 765 3612 ad
787 3547 920 3624 spiritns
936 3547 1106 3622 coelestes,
1129 3555 1193 3619 tant
1214 3546 1254 3608 tls

158 3643 272 3711 liabnlo
293 3657 328 3712 sl
346 3649 469 3729 snpelia
489 3649 571 3730 ojus.

223 3744 298 3813 Post
333 3749 434 3826 boso,
466 3749 655 3829 quaestione
687 3756 851 3828 resumpta
873 3749 913 3812 de
936 3749 1175 3814 rationabilium
1207 3749 1252 3814 la·

158 3863 207 3923 psu
223 3848 317 3929 juxta
339 3852 506 3934 anystiosm
526 3839 702 3939 ιιιιτιιβοὶιηι
724 3847 853 3930 dejectio
873 3849 1159 3928 significationem,
1182 3869 1253 3931 per-

157 3955 208 4009 stst
227 3950 381 4030 Origenes
402 3951 521 4024 tiosos,
544 3951 583 4012 sle
604 3952 720 4016 soloris
740 3951 921 4024 ornaturis,
944 3949 984 4013 ds
1005 3951 1126 4030 angelis
1148 3952 1253 4018 coelo·

157 4049 244 4113 stibus
265 4069 391 4132 nempe,
413 4054 509 4117 sinuli
530 4052 570 4116 tle
591 4051 659 4116 sols
680 4069 825 4132 quoqne,
850 4051 925 4113 luna
944 4060 977 4116 ol
992 4051 1094 4115 stellis
1114 4053 1251 4116 similent

158 4145 354 4229 injectionem
375 4154 443 4216 siro
463 4153 688 4217 deductionem
711 4153 842 4232 probari
866 4171 970 4231 pomo,
984 4152 1077 4231 qnasi
1092 4154 1191 4233 ipsae,
1213 4153 1252 4216 ll·

157 4260 198 4310 set
217 4254 508 4335 lusistislusistis
529 4254 664 4318 inissent
684 4255 717 4318 in
737 4255 823 4317 buno
844 4253 1003 4318 munium
1027 4253 1195 4327 risibilem.
1214 4261 1250 4323 ιιι

157 4349 264 4417 scilieet
283 4353 477 4432 obseouium
490 4362 693 4433 praestarent
711 4355 844 4430 mundo,
861 4362 892 4418 ot
914 4354 962 4419 bis
982 4348 1149 4418 animabus
1170 4353 1252 4420 idest

156 4447 319 4617 liaboloVol
338 4455 486 4618 offnibus
502 4456 713 4537 potnstatibus
734 4456 916 4531 contrariis,
932 4474 1017 4535 quse
1034 4456 1077 4523 ob
1092 4454 1249 4624 gissilo-

286 4555 326 4618 oi.
389 4605 396 4620 .
1092 4559 1100 4588 ‘
