3375 5567
194 648 252 723 tuit,
270 647 433 730 inquiem
456 672 474 711 c
494 648 545 714 Ad
568 650 649 714 taaee
669 648 747 715 licet
764 650 877 715 similis
898 668 1058 733 corporee
1090 653 1145 717 iiia
1168 655 1272 721 iorma

190 752 239 826 sit,
256 769 314 830 qna
340 751 458 817 Patrue
477 762 511 817 et
540 750 661 817 Paulus
682 752 884 833 pntiesimnm
914 754 1147 835 constitnitnr3
1178 757 1276 837 idque

190 854 286 932 ipsun,
307 854 394 934 quod
415 854 447 916 in
467 856 722 929 rerurrectione,
746 854 872 918 animae
893 853 1000 919 denno
1027 857 1195 933 tribuitur,
1217 859 1271 922 sed

188 953 327 1019 inneiius
346 972 554 1031 conuersum,
568 973 632 1019 nou
648 964 755 1020 tamen
768 957 883 1021 eadem
896 966 945 1021 est
959 958 1015 1021 iila
1026 960 1175 1031 materia,
1188 978 1274 1041 quae

188 1056 297 1137 corpori
316 1058 458 1136 primum
478 1058 573 1121 insita
593 1057 702 1121 iuerat
722 1078 740 1116 e
761 1056 806 1121 tte
823 1058 964 1139 amptius
977 1059 1010 1123 iu
1031 1078 1073 1123 eo
1094 1061 1164 1141 ipso
1181 1080 1275 1140 paru·

188 1157 291 1236 erepto
307 1154 347 1222 15
365 1156 500 1223 subdit:
523 1179 541 1218 ι
562 1156 634 1223 Non
657 1168 688 1223 te
707 1159 809 1240 igitur
828 1158 993 1236 offendat,
1014 1161 1115 1241 riquis
1136 1161 1274 1243 primam

185 1255 340 1340 subiectam
355 1262 526 1325 materiam
546 1278 610 1323 non
624 1260 771 1325 eamdem
792 1267 869 1325 tuuc
882 1261 1004 1325 dixerit
1024 1262 1183 1339 interam,
1199 1280 1273 1326 cnm

186 1376 217 1421 na
232 1359 322 1423 tttno
334 1360 467 1440 quidem
479 1361 575 1425 modo
588 1363 734 1426 eamdem
755 1362 845 1426 iliam
861 1379 1050 1443 permanere
1071 1381 1176 1441 porse,
1190 1366 1272 1427 ratio

184 1459 238 1540 ipsa
255 1460 407 1537 declaret,
428 1463 531 1543 aionis
551 1470 689 1527 mentem
712 1463 791 1528 velit
809 1463 994 1528 advertere.
1016 1484 1033 1521 a
1055 1462 1138 1529 Gnm
1164 1466 1273 1545 itaque

185 1560 374 1628 tonantius
378 1562 522 1644 primore
531 1563 699 1645 redientem
713 1563 877 1629 anteriori
893 1566 1025 1646 dixerit3
1040 1566 1114 1629 inde
1125 1566 1276 1646 sequitur

184 1665 341 1728 mmsario
363 1666 532 1728 materiam
554 1666 679 1745 pariter
703 1666 773 1730 aire
793 1684 925 1731 carnem
947 1667 1005 1731 etsi
1028 1683 1090 1729 non
1113 1666 1271 1740 enuntiem,

183 1782 262 1842 meu
280 1766 370 1844 priua
390 1766 496 1829 induit
517 1767 633 1844 homo,
656 1768 738 1833 hauc
758 1769 859 1849 ipsam
879 1767 1016 1832 solidam
1038 1768 1069 1830 in
1099 1768 1209 1832 iutura
1228 1769 1273 1829 ri·

184 1866 389 1931 taconsistcre
403 1868 501 1932 sicuti
521 1870 554 1931 in
575 1869 638 1933 hoc
662 1869 927 1949 scenioextiti13
953 1870 1012 1935 nisi
1033 1869 1120 1951 qood
1143 1876 1218 1933 tunc
1241 1870 1271 1931 in

183 1964 278 2029 setius
297 1984 455 2033 conversa
477 1968 577 2033 inerit
597 1988 616 2032 e
637 1968 772 2035 eincdi'n
790 1971 929 2036 deterso.

244 2063 451 2150 Quapropter
468 2070 496 2133 si
516 2070 549 2133 io
580 2073 819 2135 rerurrectione
841 2069 929 2136 Deus
949 2072 1122 2153 sepulchra
1150 2069 1272 2152 pateis·

182 2168 241 2241 ciat,
259 2178 296 2233 nt
313 2189 372 2234 noa
394 2170 436 2234 ad
458 2174 556 2236 vitam
578 2173 736 2236 instauret
756 2174 888 2253 perinde
909 2191 948 2237 ac
978 2172 1139 2238 Lazarum
1160 2170 1272 2237 Salva·

183 2273 232 2343 tor,
249 2272 295 2333 nti
314 2273 418 2353 panio
430 2282 504 2353 post
522 2274 590 2355 ipse
602 2273 694 2354 dicit;
714 2274 881 2355 quomodo
894 2274 992 2339 etabit
1011 2274 1187 2338 verborum
1201 2292 1272 2337 seu·

182 2368 264 2433 snsin
281 2372 431 2451 praerato
446 2375 641 2439 testimonio:
655 2392 732 2439 cnro
744 2385 849 2439 tomen
864 2373 1005 2457 amplier
1018 2392 1083 2439 non
1103 2372 1183 2439 erit?
1193 2372 1272 2440 Ger-

183 2466 235 2532 rito
250 2489 327 2552 ergo
346 2475 543 2541 antithesim.
561 2474 704 2558 ideoque
722 2477 791 2540 rire
805 2476 1050 2558 interpolatum,
1073 2476 1142 2541 aire
1157 2476 1272 2541 coniu-

182 2584 258 2647 stu,
277 2573 358 2637 ittnd
382 2576 546 2651 volucria,
568 2585 627 2641 aot
645 2595 775 2641 sensnm
795 2578 993 2660 abruptum,
1015 2596 1074 2643 seu
1094 2578 1190 2641 aliter
1217 2577 1272 2640 de·

182 2674 476 2750 ommittendum
498 2686 604 2742 tamen
625 2679 682 2741 tihi
710 2680 786 2754 erit,
809 2698 869 2745 nec
891 2679 1066 2743 verborum
1096 2678 1270 2764 syntaxim,

182 2786 227 2834 sec
237 2772 432 2843 locutionem
441 2787 536 2843 antea
550 2782 695 2843 excussis
708 2780 751 2843 ab
764 2779 919 2860 Origene,
934 2788 1183 2861 consequentem
1196 2797 1271 2843 con·

111 2915 113 2918 v
184 2877 282 2941 venire
292 2876 470 2953 Etobiunc.
481 2899 567 2961 qnae
579 2900 605 2945 s.
618 2878 833 2962 Epiphanius,
842 2882 912 2947 sire
923 2880 1108 2946 Methodius
1117 2882 1150 2945 in
1164 2881 1270 2961 iprum

183 2985 278 3054 trssent
295 2977 472 3062 origenem
494 2989 646 3063 unquam
667 2983 773 3046 cernis
795 2983 1026 3048 resurrectioni
1047 2982 1268 3057 adramium,

182 3075 284 3143 acilius
301 3092 379 3149 sunt
401 3086 565 3147 momenti.
595 3082 701 3149 Nimia
721 3102 798 3149 nane
818 3092 902 3149 esset
929 3084 1074 3167 ejnadem
1097 3083 1207 3165 culpa,
1227 3085 1268 3159 si,

183 3182 328 3259 munao
358 3184 390 3247 in
410 3201 491 3247 onae
512 3182 586 3247 fidei
607 3183 805 3266 professione
825 3184 1005 3249 obteniatur
1026 3190 1075 3248 est
1094 3184 1179 3247 inter
1205 3183 1270 3247 alia

183 3292 335 3358 tomorum
367 3288 665 3361 resurrectionem,
687 3284 802 3349 deinde
833 3285 935 3365 ipsam
958 3284 1047 3349 nitro
1071 3285 1268 3365 denegasset.

183 3370 279 3444 Scribit
295 3386 381 3449 enim
403 3385 437 3449 in
459 3385 599 3467 Prolopo
618 3384 794 3483 Librorum
809 3384 853 3449 oe
868 3384 1061 3467 Principiis,
1081 3386 1272 3451 manifestis·

183 3476 243 3543 sine
259 3483 289 3547 iu
309 3484 456 3551 Ecclesia
477 3487 671 3568 praedicari:
693 3506 809 3569 corpur
829 3487 888 3551 dcc
906 3488 990 3569 qnod
1002 3506 1088 3551 nunc
1107 3485 1145 3551 io
1158 3504 1270 3551 corrn-

179 3577 265 3653 etim
281 3587 469 3665 menter,
489 3585 726 3669 incorruptibile
743 3599 975 3653 invectorum.
999 3590 1035 3654 iu
1060 3608 1125 3671 qne
1145 3590 1271 3671 proies·

182 3676 251 3745 tione
276 3696 438 3769 perpetuo
468 3688 529 3751 ribi
558 3708 594 3753 se
622 3690 860 3755 consectarium
890 3688 1029 3755 ostendit
1040 3710 1054 3769 3
1078 3708 1117 3755 ac
1148 3691 1271 3771 ubique

186 3776 308 3860 Apostoli
320 3789 469 3853 rensibus
482 3790 665 3867 inhaerens,
680 3790 793 3855 docuit
805 3790 1017 3856 subeundam
1038 3801 1181 3857 noctram
1196 3810 1269 3857 cor·

185 3896 305 3966 dictam,
327 3892 449 3956 mutari
468 3892 601 3973 quidam
616 3895 648 3955 in
669 3893 921 3971 resurrectione,
936 3894 991 3957 sed
1012 3910 1076 3957 nou
1093 3894 1175 3971 tolli,
1199 3913 1270 3959 mu·

186 3984 231 4045 'tri
241 4004 342 4056 sanea
364 3993 565 4057 mortalitate
579 3992 774 4057 transeundo
788 3994 827 4057 ad
843 3994 1131 4059 immortalitatem
1146 3996 1268 4061 acideo

185 4081 341 4157 innuenti
360 4112 461 4160 carne
480 4113 519 4159 ea
541 4096 608 4176 ipsa
630 4094 714 4167 ficri,
734 4114 821 4176 quae
841 4102 979 4160 naturae
998 4097 1089 4177 grani
1113 4097 1173 4161 sati
1194 4116 1268 4163 eve·

186 4183 267 4267 neor,
285 4192 327 4257 ita
349 4202 388 4259 ut
407 4214 450 4259 ex
471 4195 570 4278 itujtts
589 4198 801 4278 corruptione
819 4197 888 4260 rire
910 4204 1014 4261 morte
1035 4200 1122 4283 opica
1140 4198 1269 4261 oriatur

186 4290 209 4343 ti
222 4290 338 4366 quidem
363 4314 536 4377 corporea,
565 4298 620 4362 aad
641 4315 660 4360 a
685 4298 787 4379 priori
809 4300 1053 4379 pronominum
1082 4305 1115 4369 in
1136 4299 1267 4364 modum

187 4392 374 4467 wentoniae
395 4407 430 4463 et
448 4396 553 4478 figura
573 4398 734 4465 cinerem.
