3375 5567
430 671 491 738 t56

508 773 653 855 Denique
673 776 766 857 siqua
787 775 926 840 obscura
949 774 992 837 ibi
1019 772 1235 855 reperiantur,
1260 772 1425 849 conteras,
1449 795 1522 857 quae

427 876 583 957 Origenes
598 877 682 941 ldom
703 878 797 942 docet
813 875 954 940 Humilis
967 874 1040 939 Xll.
1058 874 1095 939 in
1113 874 1246 951 Lucum,
1258 875 1295 937 de
1308 894 1343 937 eo
1360 878 1443 955 quod
1459 879 1527 941 scri·

423 986 514 1057 ptum
533 988 590 1052 est,
606 980 757 1059 angelum
778 976 898 1041 venisse
911 979 948 1041 de
968 978 1064 1051 coelo,
1079 984 1108 1039 st
1128 988 1232 1038 ortum
1249 974 1376 1040 Domini
1387 978 1525 1043 nuncios·

429 1098 459 1142 sc
477 1077 666 1158 pastoribus.
686 1078 762 1145 lude
777 1097 917 1160 namque
937 1080 1063 1154 statuit,
1087 1078 1208 1158 angelis
1223 1078 1361 1141 creditas
1375 1099 1442 1142 usse
1463 1099 1526 1159 geo·

430 1190 476 1244 tos
498 1181 592 1245 sicuti
607 1190 641 1243 et
663 1183 810 1245 homines
823 1181 1010 1260 singillatim
1023 1200 1034 1259 3
1057 1189 1089 1243 et
1103 1178 1243 1259 emplius
1256 1178 1345 1241 addit
1367 1182 1529 1261 unicuique

420 1282 540 1359 ‚adesse
561 1283 643 1345 dnos
664 1283 816 1362 angelos,
836 1282 977 1345 alterum
997 1281 1166 1363 justitiae,
1188 1281 1366 1361 iniqnitatis
1387 1283 1528 1345 alterum.

430 1380 553 1446 Deinde
577 1383 693 1446 docet:
718 1405 735 1442 n
757 1384 841 1446 note
862 1382 1036 1447 adventum
1067 1380 1194 1445 Domini
1216 1382 1394 1447 salvatorio
1415 1384 1463 1447 isti
1482 1402 1530 1447 au·

430 1486 492 1563 geli
515 1486 608 1566 probi
631 1502 748 1565 parum
770 1491 921 1564 poterant
951 1484 1082 1547 creditis
1102 1484 1161 1547 sibi
1184 1484 1332 1549 utilitatis
1355 1484 1483 1559 allerre,
1502 1494 1531 1549 et

430 1595 565 1649 conatus
586 1603 701 1649 eornm
722 1586 815 1665 sequi
838 1603 900 1647 non
924 1584 1053 1647 valebat
1074 1584 1218 1648 affectus.
1243 1584 1412 1662 Quoddam
1435 1594 1481 1649 est
1497 1588 1533 1649 si·

430 1704 542 1767 gnum,
563 1704 662 1767 quam
685 1704 801 1768 parum
823 1686 976 1767 prodesse
998 1696 1146 1766 poterant
1166 1687 1329 1768 subjectis.
1343 1708 1359 1747 s
1373 1686 1414 1751 Et
1433 1689 1533 1769 paucis

431 1788 607 1868 interjectis
620 1786 750 1851 subdit:
766 1809 783 1847 s
797 1786 892 1852 Nunc
907 1796 1016 1852 autem
1033 1788 1145 1870 populi
1166 1789 1367 1853 credentium
1385 1791 1535 1855 accedunt

430 1890 470 1952 ad
492 1890 587 1953 iidem
608 1889 710 1970 lesu3
733 1898 766 1953 et
785 1890 909 1969 augeli,
932 1890 1051 1970 quibus
1072 1891 1214 1955 creditor
1235 1889 1355 1955 inerim
1375 1892 1534 1964 eeclesiae,

431 1993 576 2056 roborati
601 1993 779 2073 praeseutia
802 1991 997 2067 salvatoris,
1018 1992 1138 2056 multos
1162 1992 1328 2056 adducunt
1349 1994 1535 2076 proselytos,

431 2103 469 2159 ut
488 2104 727 2174 congregentur
747 2097 778 2157 iu
800 2096 888 2157 omnl
904 2094 979 2158 loco
1000 2096 1226 2159 conventiculi
1241 2094 1501 2159 christianorum.
1522 2114 1535 2149 v

429 2194 526 2274 Quod
547 2196 743 2261 adamussim
765 2196 843 2261 lacit
864 2196 903 2259 ad
927 2196 1083 2279 majorem
1117 2193 1253 2277 praeisti
1277 2196 1451 2261 testimonii
1469 2194 1538 2259 illu·

432 2300 632 2364 stratiouem.
1407 2354 1411 2361 ,

512 2398 592 2464 ltem
613 2398 650 2461 in
671 2396 867 2463 diutinorum
880 2396 983 2463 Tomo
999 2396 1069 2461 xv.
1091 2417 1121 2461 n.
1142 2396 1193 2465 ii.
1216 2418 1259 2463 ex
1280 2396 1398 2463 Christi
1420 2406 1540 2464 senten·

431 2502 487 2566 tia:
510 2500 604 2564 multi
622 2508 728 2564 cutem
747 2509 842 2564 erunt
859 2497 971 2581 primi,
993 2495 1160 2563 nouissimi
1165 2543 1178 2575 ,
1197 2508 1227 2563 at
1247 2497 1414 2563 nouissimi
1431 2496 1539 2579 primi,

432 2604 544 2686 plures
563 2610 729 2667 scrutatus
757 2621 870 2667 seusus
891 2600 1068 2682 Origenes,
1101 2601 1305 2665 indiversus
1333 2620 1471 2676 eornm,
1489 2599 1540 2680 qui

432 2704 527 2786 primi
548 2711 645 2767 erunt
655 2745 667 2777 ,
688 2711 720 2766 et
741 2704 906 2767 novissimi
928 2704 1111 2784 expendens
1141 2704 1336 2780 relationes,
1361 2704 1448 2766 inter
1468 2702 1540 2763 alias

430 2806 514 2868 hano
542 2804 681 2885 subjecit
710 2806 1031 2885 interpretationem:
1065 2826 1081 2865 n
1107 2803 1292 2869 Postremus
1320 2804 1431 2867 itidem
1462 2810 1540 2875 erat,

431 2907 630 2986 quicumque
652 2913 724 2968 orat
753 2906 904 2987 iusipiens
925 2914 957 2969 et
978 2906 1166 2969 increduius
1184 2951 1195 2981 ,
1215 2890 1359 2969 servieus
1380 2904 1541 2967 desideriis

430 3015 464 3069 ct
485 3006 708 3086 voluptatibus
731 3008 850 3084 variis,
873 3007 905 3069 in
928 3007 1048 3071 mulitia
1071 3016 1104 3071 et
1130 3007 1250 3071 invidis
1279 3024 1397 3087 agens,
1419 3003 1542 3069 odibilis

431 3115 464 3170 et
477 3107 553 3171 odio
576 3124 784 3189 prosequens.
802 3106 845 3171 dt
866 3110 991 3187 primus
1006 3109 1121 3184 evasit,
1143 3126 1217 3173 cum
1238 3107 1412 3188 benignitas
1436 3114 1469 3171 et
1489 3105 1544 3167 hu·

431 3212 567 3273 mauitas
579 3211 733 3291 apparuit
753 3207 933 3273 salvatoris
948 3210 1051 3273 nostri
1074 3207 1131 3271 Dei
1154 3227 1213 3289 per
1227 3209 1396 3271 lavacrum
1418 3223 1546 3287 regene-

432 3314 566 3375 rstiunis
586 3320 619 3377 ot
640 3310 859 3375 renovationis
880 3310 1019 3392 Spiritus
1041 3308 1169 3391 Ssncti3
1193 3319 1319 3375 eleum
1343 3308 1470 3388 recipit,
1491 3304 1544 3386 qni

432 3412 537 3475 dixit:
559 3411 615 3493 qui
636 3431 682 3475 me
701 3410 828 3491 recipit,
848 3409 959 3493 recipit
973 3430 1054 3488 euru,
1077 3412 1134 3493 qui
1154 3430 1200 3471 suc
1220 3408 1317 3473 misit.
1341 3408 1465 3472 ilerum
1487 3408 1547 3488 pri·

432 3528 502 3574 mos
516 3530 599 3585 esse,
613 3515 669 3594 qui
689 3513 828 3576 salntem
845 3520 1098 3594 consequentur,
1117 3531 1176 3593 per
1189 3514 1245 3575 ills
1265 3512 1480 3590 tradidimus3
1495 3528 1547 3590 po·
1587 3580 1594 3601 ¹

431 3622 570 3677 stremos
587 3622 709 3690 autem,
726 3617 782 3695 qui
797 3614 911 3678 eodem
927 3616 1041 3677 ordine
1063 3616 1192 3677 minime
1208 3616 1292 3694 digni
1308 3621 1396 3690 sunt,
1411 3612 1468 3677 sed
1492 3630 1548 3693 pu·

434 3716 554 3779 uitione
575 3725 608 3779 et
628 3716 858 3791 derelictione,
893 3716 944 3779 vel
967 3718 1069 3779 donec
1099 3717 1266 3799 plenitudo
1288 3716 1431 3796 gentium
1452 3716 1550 3776 intra·

436 3818 490 3891 rit,
515 3817 565 3879 vel
588 3818 689 3881 donec
709 3838 785 3883 suns
801 3836 902 3882 noxas
917 3818 1067 3881 elueriut.
1091 3838 1107 3877 >v
1131 3818 1181 3882 lix
1198 3821 1246 3882 liis
1269 3818 1408 3883 liuetius
1422 3818 1548 3891 statuit,

433 3917 608 3999 Origenem
630 3922 803 3985 terminum
824 3921 1053 3985 damnatorum
1076 3922 1185 4002 poenis
1207 3920 1410 4002 imposuisse.

517 4019 747 4087 Verumtamen
769 4040 891 4104 quaeso
914 4030 977 4087 tam
1000 4023 1055 4086 ille
1076 4039 1174 4102 quam
1196 4022 1296 4085 ceteri
1319 4022 1395 4085 milri
1418 4036 1551 4101 respun-

433 4123 531 4187 deaut
550 4125 728 4189 adversarii
750 4144 788 4188 oc
816 4125 1007 4200 ostendant,
1030 4143 1108 4189 num
1132 4125 1172 4186 de
1195 4125 1258 4187 vits
1281 4122 1393 4187 loturo
1414 4121 1552 4185 disserat

434 4226 490 4289 lrlc
511 4224 735 4300 Adamantius,
757 4237 789 4289 et
811 4244 851 4287 an
874 4226 911 4289 de
936 4228 998 4290 vita
1022 4228 1201 4308 proesenti3
1223 4234 1256 4287 et
1282 4243 1358 4289 nurn
1380 4226 1420 4287 de
1442 4226 1552 4303 poeni·

436 4332 532 4391 tentia
554 4330 586 4392 iu
607 4330 712 4392 altero
733 4329 859 4404 seculo,
882 4339 912 4391 ct
935 4337 1046 4393 utrum
1069 4330 1099 4390 in
1122 4328 1183 4391 hoc
1206 4329 1325 4391 mundo
1347 4327 1460 4389 doceat
1483 4327 1550 4406 ipse

436 4448 495 4508 per
516 4432 768 4510 regenerationis
790 4430 982 4504 lavacrum,
1006 4449 1062 4493 seu
1086 4449 1144 4510 per
1164 4431 1358 4511 baptismum
1379 4430 1445 4492 sive
1469 4432 1549 4500 cito,

433 4535 502 4597 sive
515 4552 589 4598 sero
609 4534 748 4599 salutem
771 4534 919 4598 obtineri.
945 4532 984 4598 lit
1010 4537 1082 4614 quis
1104 4538 1152 4597 est
1167 4534 1226 4597 iste
1243 4542 1434 4614 postremus,
1449 4550 1550 4611 quum
