3375 5567
375 776 441 823 uua
471 775 546 821 cum
570 756 727 841 Apostolo
749 756 890 822 adstruit
921 756 1170 823 resurrectionis
1194 754 1357 821 hnmanae
1383 754 1503 819 verita·

376 870 441 925 tem
453 881 465 941 ;
488 860 625 941 ideoque
647 860 792 943 ejusdem
814 860 909 926 Pauli
931 860 1245 938 testimomonium,
1268 878 1338 941 qno
1360 860 1416 923 ille
1437 857 1502 923 Co·

379 964 578 1027 rintlriorum
600 964 725 1028 animos
745 964 786 1026 ub
807 982 922 1028 errore
942 971 1098 1029 evenerat
1118 962 1158 1026 ιιι
1178 973 1300 1028 rectam
1322 959 1502 1026 litemlle·

377 1065 451 1129 letis
479 1082 630 1146 namque,
654 1068 702 1131 uti
727 1065 845 1131 ibidem
867 1066 945 1131 tlicit
966 1066 1162 1147 Apostolus,
1183 1064 1269 1129 omni
1295 1061 1499 1145 principatu,

375 1164 464 1230 omni
484 1165 696 1241 anctoritate,
724 1178 753 1231 cl
780 1166 920 1249 potentio
944 1168 1110 1248 eademqne
1132 1178 1231 1232 morte
1258 1164 1422 1229 nouissime
1446 1166 1502 1227 de·

323 1338 330 1349 ¹
380 1277 504 1331 nuncto
524 1270 622 1349 (qnae
645 1268 803 1334 vocabula
824 1268 887 1334 sub
905 1264 1028 1348 κακίας
1053 1268 1234 1334 vitiositatis
1257 1266 1503 1333 tituloconrlu·
1616 1330 1617 1333 ,

383 1370 425 1433 sit
441 1388 470 1433 s.
492 1368 628 1449 Ductor)
650 1369 710 1433 crit
739 1368 822 1435 uem
849 1371 958 1437 omnio
979 1374 1016 1438 in
1040 1370 1195 1437 omnibns.

462 1468 707 1546 Verumtamen,
731 1479 767 1537 ut
788 1473 864 1537 satis
884 1475 1024 1557 amplius
1043 1477 1087 1539 ita
1108 1492 1169 1538 uec
1190 1473 1288 1537 alitor
1308 1470 1348 1537 tle
1368 1470 1505 1533 doemo-

380 1591 471 1649 unm,
494 1590 739 1656 pravorumque
759 1575 866 1639 saluto
886 1577 1061 1657 aliquando
1087 1577 1135 1641 lais
1155 1582 1408 1655 superventura,
1429 1572 1500 1633 divi
1615 1628 1617 1663 s

385 1674 535 1755 Gregorii
549 1684 686 1738 mentem
707 1694 777 1739 sese
792 1677 913 1742 habere
935 1679 1079 1759 puteliat,
1094 1696 1132 1742 ea
1155 1678 1221 1758 ipsa
1242 1675 1506 1740 animadvertan-

384 1786 453 1854 tur,
475 1778 630 1858 quaosub
652 1777 751 1859 hnjus
762 1775 926 1842 Sermonis
948 1780 1058 1858 linem,
1073 1780 1175 1844 veluti
1191 1779 1290 1841 totius
1301 1775 1501 1857 quaestionis

381 1878 546 1959 epilogum
568 1878 696 1944 confert
716 1878 757 1941 tle
778 1881 1026 1945 resurrectionis
1048 1880 1214 1963 mysterim
1236 1879 1292 1945 ubi
1312 1876 1501 1957 singillatim

383 1982 446 2045 lrnc
459 1981 612 2062 expendit
621 1982 719 2064 iuxta
741 1981 841 2045 divini
858 1982 981 2063 eloquii
996 2000 1137 2048 sensum:
1152 1978 1405 2051 «Resurrectio,
1419 1977 1501 2039 scri·
1615 2040 1617 2077 r

382 2085 446 2159 isit,
475 2094 524 2147 est
544 2092 681 2147 naturae
700 2090 830 2147 nostrae
851 2084 882 2145 iu
902 2085 1072 2165 antiquum
1093 2091 1214 2147 statum
1238 2075 1504 2159 ἀποκατάστασις

383 2185 559 2249 restitutio.
592 2183 714 2249 Verum
737 2188 768 2248 iu
790 2186 894 2267 prima
918 2187 997 2260 vitu,
1021 2185 1117 2266 cnjus
1142 2182 1230 2247 Dens
1255 2185 1322 2265 ipsc
1345 2182 1498 2245 conditor
1616 2252 1617 2267 2

383 2285 461 2363 luit,
491 2304 597 2366 usqne
621 2297 770 2352 seneclus
795 2295 884 2362 erat,
909 2290 959 2351 nti
983 2293 1033 2350 est
1064 2285 1260 2361 verisimile,
1284 2302 1344 2347 nec
1365 2282 1502 2347 infantia

383 2396 467 2467 erat,
490 2406 594 2469 neque
617 2407 668 2465 ea,
690 2407 775 2470 quas
795 2407 854 2469 per
875 2390 981 2452 varias
1002 2386 1204 2451 infirmitates
1225 2386 1420 2467 morbosque
1443 2402 1502 2449 ac·

381 2488 494 2553 cidnnt
518 2490 722 2556 incommodo
745 2510 804 2555 nec
820 2490 890 2555 ullu
912 2506 1148 2571 corporeorum
1168 2486 1378 2553 allectionum
1399 2486 1504 2549 mole·

383 2588 466 2668 stla3
498 2590 585 2655 lsuud
609 2593 694 2656 enim
720 2600 875 2674 parerat
906 2592 982 2655 talis
1006 2607 1121 2654 creare
1156 2588 1272 2653 Deum.
1297 2588 1359 2653 Setl
1389 2587 1500 2650 (lisina

381 2693 540 2770 quaedam
556 2714 607 2759 res
624 2705 696 2759 ernt
713 2704 828 2760 natura
855 2695 995 2757 humana
1011 2694 1202 2773 priusquam
1225 2690 1407 2753 hnmanitas
1421 2689 1501 2753 mali

381 2796 673 2875 concupiscentiam
702 2799 837 2861 subiret.
863 2793 953 2859 Hunc
976 2804 1086 2859 autern
1106 2795 1214 2859 omnia
1231 2794 1321 2856 uoltis
1336 2811 1401 2858 uua
1420 2809 1501 2856 cnm

380 2892 501 2976 κακίας
523 2899 701 2963 vitiositatis
723 2900 868 2976 ingressu
881 2905 1153 2977 supervenerunt.
1169 2894 1258 2975 llrgo
1272 2894 1400 2958 nullum
1414 2912 1501 2974 opus

381 3001 511 3064 habebit
531 3000 615 3081 (post
628 2999 917 3077 resurrectionem)
934 2999 998 3062 vita
1012 2998 1193 3063 vitiositatis
1206 3015 1338 3077 expers,
1350 2996 1400 3071 iis,
1412 3013 1503 3075 quoe

382 3112 519 3185 propter
545 3104 626 3166 huuc
646 3104 676 3166 oi
696 3102 942 3166 acciturum...
969 3100 1058 3180 Ergo
1080 3119 1141 3163 uon
1172 3098 1311 3179 amplius
1336 3096 1504 3161 coullictn·

383 3207 473 3271 bitnr
492 3215 608 3271 uetnru
623 3213 732 3270 nostra
751 3206 833 3269 vitiis
846 3223 885 3268 ac
905 3204 1120 3287 passionibus,
1131 3220 1218 3283 quae
1230 3200 1435 3265 vitiositatem
1447 3218 1504 3263 se·

354 3350 358 3357 ·
384 3317 543 3388 quunlttr.
567 3330 582 3367 a

458 3409 508 3473 lia
531 3411 579 3475 iris
600 3411 710 3491 itaque
732 3415 819 3491 putet
840 3406 1077 3491 apocatastusin
1098 3407 1177 3471 ntttt
1197 3406 1286 3471 aliun
1309 3424 1378 3469 esso
1399 3419 1501 3483 quam

385 3510 521 3574 hominis
541 3514 690 3592 corrupti
712 3512 990 3585 instaurationem,
1015 3511 1067 3573 vel
1083 3510 1319 3573 restitutionem
1341 3507 1380 3569 ad
1393 3507 1504 3569 incor-

384 3614 643 3693 ruptibilitatem
665 3631 750 3692 quae
772 3610 827 3675 uer
847 3614 879 3675 iu
895 3614 1058 3676 communi
1080 3612 1225 3675 omnium
1244 3610 1502 3687 resurrectioue3

382 3714 478 3779 sicuti
496 3724 528 3779 nt
542 3716 675 3779 sicelio
687 3716 854 3790 vitiositas,
867 3715 945 3777 otntt
960 3723 1020 3787 est,
1036 3713 1094 3775 nisi
1108 3711 1252 3793 ejusdem
1269 3711 1429 3773 humanae
1443 3725 1502 3770 na-

386 3827 481 3883 turae
501 3820 684 3898 corruptio,
705 3818 775 3881 sive
796 3826 964 3897 pesculum
986 3816 1018 3876 io
1038 3832 1148 3887 carne,
1170 3831 1212 3877 ex
1235 3811 1355 3874 veleris
1385 3808 1504 3871 Adami

384 3929 479 3995 rnatu
501 3920 662 3983 homiuem
683 3917 847 3983 invadens.
872 3914 944 3992 Qun
969 3915 1155 3987 vitiositate,
1177 3914 1246 3975 sive
1266 3929 1370 3975 curuo·
1384 3926 1505 3973 corru-

385 4022 487 4106 ptibili
499 4024 576 4085 exui
587 4039 716 4085 necesse
727 4028 775 4083 est
786 4020 960 4091 hominem,
973 4016 1120 4097 quisquis
1134 4016 1188 4087 sit,
1200 4015 1268 4077 sivo
1280 4012 1414 4094 probus,
1429 4012 1503 4075 sive

383 4122 550 4207 improbus
571 4124 602 4185 iu
635 4123 887 4194 resurrectione,
910 4128 946 4182 ut
973 4120 1109 4197 integer,
1131 4117 1269 4195 simplex
1295 4124 1329 4177 nt
1348 4114 1502 4177 incorru-

383 4234 457 4308 ptus
478 4242 588 4288 coram
604 4221 679 4287 ileo
698 4222 808 4303 judice
827 4240 863 4284 se
883 4220 986 4293 sistat,
1002 4220 1103 4281 veluti
1126 4219 1251 4298 abipso
1273 4215 1341 4279 Deo
1356 4216 1501 4295 primum

383 4327 530 4391 conditus
551 4334 598 4389 est
609 4346 621 4405 3
644 4336 676 4388 et
698 4332 734 4388 ut
755 4323 836 4386 illud
859 4322 1047 4401 impleatur,
1069 4320 1157 4402 qnod
1174 4321 1221 4380 ait
1242 4318 1429 4399 Apostolus:
1445 4312 1502 4379 se·

383 4429 527 4491 minutor
551 4425 588 4489 in
612 4424 809 4508 infirmitate,
828 4434 936 4503 surget
962 4422 999 4487 in
1028 4421 1154 4486 uirtute.
1178 4417 1362 4488 &iniuntur
1383 4435 1501 4498 corpus

382 4528 532 4607 animula,
559 4537 666 4609 surget
689 4546 802 4609 corpus
822 4521 978 4608 spiritale.
1005 4521 1180 4589 Deloecatu
1201 4538 1316 4603 nempe
1330 4520 1433 4585 anima
1455 4519 1501 4582 als
