3375 5567
432 632 491 706 sat

736 716 740 724 “
790 735 1176 812 secerneremur

434 947 570 1018 cnaeus
587 949 625 1015 s’n
646 949 812 1034 Oripencas
829 951 1084 1018 adversariorum
1109 951 1344 1020 eminerem
1369 971 1427 1036 per
1443 971 1534 1036 urps·

469 1051 689 1121 mnasonem
707 1055 745 1122 ab
764 1055 900 1120 absurdo
919 1064 1153 1138 eupupnuntur.

433 1303 651 1440 Novissime,
667 1362 856 1444 multiplicis
869 1364 995 1446 generis
1010 1363 1142 1443 regestis
1163 1366 1196 1428 in
1209 1361 1383 1444 Orisseuem
1402 1365 1533 1448 imputa·
1602 1349 1603 1356 ἵ

432 1465 586 1544 tionibus,
600 1472 634 1530 et
644 1465 831 1546 singillatim
845 1467 962 1530 harum
982 1465 1125 1530 omniurn
1138 1464 1290 1532 discussis
1303 1468 1484 1546 momentis,
1496 1471 1534 1532 si·
1603 1454 1604 1482 '

430 1567 510 1648 quid
531 1569 616 1632 tneo
636 1567 800 1649 culpabile
819 1577 1003 1648 appareret3
1024 1568 1310 1649 comprehenditur
1323 1575 1446 1650 quanto
1465 1570 1536 1652 jure

432 1669 610 1734 novenarii
622 1669 728 1751 ipsum
742 1667 970 1750 increpuerint.
990 1667 1097 1735 Veluti
1112 1671 1195 1735 enim
1210 1671 1241 1734 io
1256 1671 1357 1751 prims
1374 1670 1484 1748 Parte,
1497 1671 1533 1736 ne

433 1772 624 1836 aeternitate
643 1789 822 1853 poenarum
841 1771 947 1851 deque
968 1773 1073 1836 carnis
1093 1775 1331 1838 resurrectione
1345 1773 1535 1838 uniformem

433 1873 573 1955 dogmati
594 1873 757 1939 catholico
784 1873 925 1954 seipsum
952 1873 1138 1954 praebuisse
1166 1872 1345 1940 Auctorem
1365 1875 1534 1956 probatum

434 1984 498 2055 est;
514 1976 559 2041 its
573 1975 604 2041 in
619 1976 681 2039 bac
695 1973 834 2038 secunda
850 1973 947 2038 Parte
959 1993 1019 2054 pro
1035 1975 1157 2040 viribus
1171 1977 1287 2039 uostris
1304 1976 1479 2040 immunem
1495 1977 1537 2056 ip·

433 2095 506 2143 sum
527 2078 622 2142 ivisse
641 2077 682 2140 ab
703 2076 870 2141 erroribus
891 2094 930 2140 ac
950 2078 1139 2157 praesertim
1161 2076 1202 2140 ab
1222 2076 1392 2158 impietatis
1406 2077 1537 2140 crimine

435 2178 551 2259 (eidem
565 2197 722 2259 perquam
736 2178 891 2260 injuriose
903 2178 1021 2254 inusto)
1043 2185 1196 2243 recursio
1216 2177 1539 2258 usenntmu13nun

432 2280 530 2351 modo
554 2290 658 2344 tamen
678 2279 833 2344 nonnulla
854 2281 1041 2356 exceperis,
1064 2298 1148 2360 qnae
1169 2279 1291 2361 pariter
1310 2279 1396 2359 apud
1425 2279 1536 2344 Patres

432 2399 570 2445 coaevos
590 2381 697 2444 adbuc
716 2380 814 2446 dubia
836 2379 1006 2444 manebant
1025 2385 1057 2444 et
1079 2381 1226 2459 incertas
1248 2380 1368 2462 quippe
1395 2379 1535 2444 noudum

434 2481 477 2546 ab
498 2477 642 2546 Ecclesia
662 2481 802 2546 definita.

518 2582 672 2660 luteriro,
707 2581 865 2664 siquidem
886 2587 919 2646 et
948 2580 980 2645 iu
1004 2582 1106 2665 prima
1134 2589 1167 2647 et
1186 2581 1218 2646 in
1239 2581 1299 2648 bac
1319 2583 1424 2649 altera
1444 2583 1537 2648 Parte

433 2685 556 2751 dietum
572 2692 631 2760 est,
647 2693 728 2764 quot
740 2683 999 2748 criminationum
1015 2700 1130 2762 genera
1152 2681 1286 2750 audistis
1299 2701 1341 2748 ex
1359 2683 1461 2764 ipsius
1475 2702 1537 2748 ser·

433 2787 582 2852 monibus
601 2792 696 2851 eruta
716 2795 775 2849 aut
794 2785 1005 2884 iuventa‘sint
1024 2782 1065 2845 ab
1079 2783 1271 2848 adremariis
1285 2801 1323 2847 ac
1338 2782 1537 2866 hujusmodi,

434 2899 472 2957 ut
492 2887 730 2958 baereticorum
751 2887 894 2952 omnium
914 2903 1071 2967 superare
1091 2886 1220 2950 dicatur
1240 2885 1431 2966 audaciam3
1449 2905 1537 2969 prae·

435 3002 565 3067 terea,
595 3008 679 3071 quae
702 2989 860 3070 peculiari
882 2988 1004 3067 egimus
1031 2986 1274 3067 investigatione
1294 2986 1335 3052 de
1354 2989 1422 3053 suis
1448 3006 1536 3052 erre

435 3095 538 3172 ribus,
548 3093 731 3158 summatim
746 3107 831 3154 nuuc
844 3089 1144 3153 animadvertantur
1157 3086 1304 3168 Origeois
1320 3095 1385 3152 tam
1405 3106 1535 3170 perrer-

336 3196 339 3209 '
432 3215 469 3261 sa
492 3196 663 3276 dogmata,
687 3198 787 3273 prout
806 3191 942 3256 luerunt
968 3191 997 3254 ei
1019 3187 1061 3251 ab
1083 3187 1222 3269 antiquis
1245 3194 1279 3253 et
1302 3189 1534 3254 recentioribus

434 3299 560 3382 objecta
568 3294 580 3378 ς
603 3303 642 3362 ut
656 3303 827 3377 propterea
843 3292 1025 3355 haereticus
1040 3296 1073 3354 et
1085 3291 1202 3372 impius
1216 3297 1437 3374 reputaretur.
1458 3289 1536 3357 (ion

433 3403 596 3469 sileretur
614 3399 738 3464 scilicet
759 3413 824 3478 qua
847 3402 964 3469 mente,
987 3409 1053 3474 quo
1073 3392 1194 3473 studio,
1214 3393 1346 3476 qnalire
1370 3411 1472 3477 scopo
1485 3413 1536 3474 po

432 3503 535 3571 tuerit
553 3503 633 3585 ipse,
656 3501 714 3566 bos
735 3497 882 3580 preilteri
902 3505 935 3560 et
954 3495 1229 3577 probassemus,
1246 3495 1442 3579 eosdemque
1461 3496 1534 3562 brie

348 3653 353 3664 .
432 3606 521 3671 libus
541 3604 671 3668 tradere
691 3599 949 3682 propugnandos.
974 3595 1076 3662 lintea
1099 3615 1178 3660 reru
1191 3596 1462 3678 praemittendum
1478 3601 1533 3672 esi,

432 3701 522 3767 circa
542 3700 654 3764 aetatis
673 3715 753 3761 snae
773 3693 954 3771 dimidium,
975 3695 1043 3756 sive
1057 3701 1230 3773 autequam
1244 3693 1285 3756 ab
1301 3691 1533 3779 Aegyptoexu·

433 3804 532 3880 latet,
554 3803 602 3866 uti
622 3801 724 3867 velint
742 3796 954 3878 Theophilus,
975 3794 1187 3876 Epiphanius,
1209 3792 1441 3880 Hieronymus,
1455 3801 1532 3858 cete·

434 3905 552 3986 mnus,
574 3902 747 3983 Origenem
771 3897 915 3981 coepisse
935 3903 1001 3961 tam
1021 3896 1127 3977 inepta
1157 3902 1191 3960 et
1209 3913 1311 3978 praru
1337 3895 1485 3978 dogmata
1502 3893 1530 3956 in

435 4008 572 4089 vulgum
587 4003 736 4084 prolerre
745 4020 758 4081 3
771 4005 805 4064 et
818 4016 922 4080 usque
935 3995 975 4060 ad
992 3997 1075 4062 vitae
1088 3997 1259 4063 terminum
1271 3999 1318 4066 sic
1334 3997 1528 4081 perdurasse.

435 4105 494 4174 llis
507 4105 637 4190 <positis
658 4099 796 4185 enquid
816 4096 891 4164 intls
909 4097 1112 4163 inierendum
1132 4104 1225 4163 esset.

980 4241 996 4306 1
1124 4295 1127 4302 .
1215 4291 1219 4300 .

512 4398 624 4482 Siquid
644 4392 866 4479 philosophiae
884 4391 972 4472 leges
992 4388 1157 4472 polleant3
1186 4395 1219 4454 et
1242 4389 1270 4453 si
1294 4395 1415 4454 rectam
1441 4389 1530 4466 ratio

434 4524 520 4581 uem,
541 4499 674 4567 seorsim
695 4498 736 4560 ab
756 4493 889 4560 historia
912 4492 1036 4568 critica,
1059 4489 1198 4571 cuipiam
1218 4489 1352 4554 libuerit
1370 4490 1529 4573 praeferre

432 4609 466 4672 in
486 4606 546 4671 bac
566 4599 808 4685 disceptatione,
828 4594 968 4674 collutis,
983 4608 1068 4676 quae
1081 4589 1194 4660 Celsus
1209 4591 1384 4659 christiano
1398 4587 1529 4676 domati
