<?xml version="1.0" encoding="UTF-8"?>
<!DOCTYPE html PUBLIC "-//W3C//DTD XHTML 1.0 Transitional//EN"
    "http://www.w3.org/TR/xhtml1/DTD/xhtml1-transitional.dtd">
<html xmlns="http://www.w3.org/1999/xhtml" xml:lang="en" lang="en">
 <head>
  <title>
</title>
<meta http-equiv="Content-Type" content="text/html;charset=utf-8" />
  <meta name='ocr-system' content='tesseract 3.04.00' />
  <meta name='ocr-capabilities' content='ocr_page ocr_carea ocr_par ocr_line ocrx_word'/>
</head>
<body>
  <div class='ocr_page' id='page_1' title='image "./insgregoriinyss02vincgoog/insgregoriinyss02vincgoog_0826.png"; bbox 0 0 3375 5567; ppageno 0'>
   <div class='ocr_carea' id='block_1_1' title="bbox 434 634 1145 798">
    <p class='ocr_par' dir='ltr' id='par_1_1' title="bbox 434 634 1145 798">
     <span class='ocr_line' id='line_1_1' title="bbox 434 634 1145 798; baseline -0.013 1"><span class='ocrx_word' id='word_1_1' title='bbox 434 634 495 703; x_wconf 55' lang='lat'><strong><em>⁴8⁶</em></strong></span> <span class='ocrx_word' id='word_1_2' title='bbox 828 728 967 798; x_wconf 75' lang='lat' dir='ltr'><strong><em>catut</em></strong></span> <span class='ocrx_word' id='word_1_3' title='bbox 997 726 1145 796; x_wconf 78' lang='lat' dir='ltr'>XXXVI.</span> 
     </span>
    </p>
   </div>
   <div class='ocr_carea' id='block_1_2' title="bbox 436 915 1603 1018">
    <p class='ocr_par' dir='ltr' id='par_1_2' title="bbox 436 915 1603 1018">
     <span class='ocr_line' id='line_1_2' title="bbox 436 915 1603 1018; baseline 0.001 -22"><span class='ocrx_word' id='word_1_4' title='bbox 436 931 482 996; x_wconf 84' lang='lat' dir='ltr'><strong><em>Dc</em></strong></span> <span class='ocrx_word' id='word_1_5' title='bbox 502 931 725 996; x_wconf 71' lang='lat' dir='ltr'><strong><em>Eucharistiae</em></strong></span> <span class='ocrx_word' id='word_1_6' title='bbox 746 930 948 999; x_wconf 73' lang='lat' dir='ltr'><strong><em>Sacrameuo</em></strong></span> <span class='ocrx_word' id='word_1_7' title='bbox 971 935 1140 1018; x_wconf 72' lang='lat' dir='ltr'><strong><em>exponitur</em></strong></span> <span class='ocrx_word' id='word_1_8' title='bbox 1162 933 1311 1016; x_wconf 72' lang='lat' dir='ltr'><strong><em>Ompeois</em></strong></span> <span class='ocrx_word' id='word_1_9' title='bbox 1331 932 1470 998; x_wconf 79' lang='lat' dir='ltr'><strong><em>doctrino</em></strong></span> <span class='ocrx_word' id='word_1_10' title='bbox 1485 951 1526 998; x_wconf 92' lang='lat' dir='ltr'><strong><em>or·</em></strong></span> <span class='ocrx_word' id='word_1_11' title='bbox 1602 915 1603 986; x_wconf 67' lang='grc' dir='ltr'>ἶ</span> 
     </span>
    </p>
   </div>
   <div class='ocr_carea' id='block_1_3' title="bbox 474 1033 1390 1114">
    <p class='ocr_par' dir='ltr' id='par_1_3' title="bbox 474 1033 1390 1114">
     <span class='ocr_line' id='line_1_3' title="bbox 474 1033 1390 1114; baseline -0.002 -14"><span class='ocrx_word' id='word_1_12' title='bbox 474 1036 617 1100; x_wconf 77' lang='lat' dir='ltr'><strong><em>tbodoaa</em></strong></span> <span class='ocrx_word' id='word_1_13' title='bbox 628 1033 814 1114; x_wconf 84' lang='lat' dir='ltr'><strong><em>pracsertim</em></strong></span> <span class='ocrx_word' id='word_1_14' title='bbox 833 1037 986 1099; x_wconf 80' lang='lat' dir='ltr'><strong><em>adamans</em></strong></span> <span class='ocrx_word' id='word_1_15' title='bbox 1006 1039 1190 1101; x_wconf 71' lang='lat' dir='ltr'><strong><em>recentiores</em></strong></span> <span class='ocrx_word' id='word_1_16' title='bbox 1211 1037 1390 1100; x_wconf 72' lang='lat' dir='ltr'><strong><em>haereticos.</em></strong></span> 
     </span>
    </p>
   </div>
   <div class='ocr_carea' id='block_1_4' title="bbox 432 1284 1527 1428">
    <p class='ocr_par' dir='ltr' id='par_1_4' title="bbox 432 1284 1527 1428">
     <span class='ocr_line' id='line_1_4' title="bbox 432 1284 1527 1428; baseline 0 -24"><span class='ocrx_word' id='word_1_17' title='bbox 432 1284 508 1408; x_wconf 76' lang='lat' dir='ltr'><strong><em>Ab</em></strong></span> <span class='ocrx_word' id='word_1_18' title='bbox 529 1346 626 1428; x_wconf 86' lang='lat' dir='ltr'><strong><em>bajus</em></strong></span> <span class='ocrx_word' id='word_1_19' title='bbox 650 1347 761 1424; x_wconf 84' lang='lat' dir='ltr'><strong><em>capitis</em></strong></span> <span class='ocrx_word' id='word_1_20' title='bbox 786 1347 876 1408; x_wconf 85' lang='lat' dir='ltr'><strong><em>initio</em></strong></span> <span class='ocrx_word' id='word_1_21' title='bbox 898 1361 960 1406; x_wconf 91' lang='lat' dir='ltr'><strong><em>uon</em></strong></span> <span class='ocrx_word' id='word_1_22' title='bbox 982 1352 1030 1408; x_wconf 90' lang='lat' dir='ltr'><strong><em>est</em></strong></span> <span class='ocrx_word' id='word_1_23' title='bbox 1047 1345 1258 1424; x_wconf 90' lang='lat' dir='ltr'><strong><em>ignorandum</em></strong></span> <span class='ocrx_word' id='word_1_24' title='bbox 1284 1343 1430 1426; x_wconf 85' lang='lat' dir='ltr'><strong><em>Origenis</em></strong></span> <span class='ocrx_word' id='word_1_25' title='bbox 1455 1343 1527 1406; x_wconf 90' lang='lat' dir='ltr'><strong><em>testi·</em></strong></span> 
     </span>
    </p>
   </div>
   <div class='ocr_carea' id='block_1_5' title="bbox 433 1442 1603 1526">
    <p class='ocr_par' dir='ltr' id='par_1_5' title="bbox 433 1442 1603 1526">
     <span class='ocr_line' id='line_1_5' title="bbox 433 1442 1603 1526; baseline -0.006 -17"><span class='ocrx_word' id='word_1_26' title='bbox 433 1447 577 1509; x_wconf 89' lang='lat' dir='ltr'><strong><em>monium</em></strong></span> <span class='ocrx_word' id='word_1_27' title='bbox 591 1443 692 1508; x_wconf 84' lang='lat' dir='ltr'><strong><em>Tamo</em></strong></span> <span class='ocrx_word' id='word_1_28' title='bbox 706 1442 763 1508; x_wconf 85' lang='lat' dir='ltr'><strong><em>Xl.</em></strong></span> <span class='ocrx_word' id='word_1_29' title='bbox 777 1465 806 1507; x_wconf 92' lang='lat' dir='ltr'><strong><em>n.</em></strong></span> <span class='ocrx_word' id='word_1_30' title='bbox 821 1443 870 1510; x_wconf 81' lang='lat' dir='ltr'><strong><em>lt.</em></strong></span> <span class='ocrx_word' id='word_1_31' title='bbox 886 1445 920 1507; x_wconf 86' lang='lat' dir='ltr'><strong><em>iu</em></strong></span> <span class='ocrx_word' id='word_1_32' title='bbox 936 1443 1130 1510; x_wconf 83' lang='lat' dir='ltr'><strong><em>Mattbocum</em></strong></span> <span class='ocrx_word' id='word_1_33' title='bbox 1147 1449 1232 1510; x_wconf 84' lang='lat' dir='ltr'><strong><em>circa</em></strong></span> <span class='ocrx_word' id='word_1_34' title='bbox 1256 1447 1316 1510; x_wconf 90' lang='lat' dir='ltr'><strong><em>boc</em></strong></span> <span class='ocrx_word' id='word_1_35' title='bbox 1333 1445 1527 1526; x_wconf 63' lang='lat' dir='ltr'><strong><em>mysterium</em></strong></span> <span class='ocrx_word' id='word_1_36' title='bbox 1602 1471 1603 1480; x_wconf 18' lang='grc' dir='ltr'><strong>ἱ</strong></span> 
     </span>
    </p>
   </div>
   <div class='ocr_carea' id='block_1_6' title="bbox 432 1547 1603 1630">
    <p class='ocr_par' dir='ltr' id='par_1_6' title="bbox 432 1547 1603 1630">
     <span class='ocr_line' id='line_1_6' title="bbox 432 1547 1603 1630; baseline -0.003 -20"><span class='ocrx_word' id='word_1_37' title='bbox 432 1547 473 1610; x_wconf 88' lang='lat' dir='ltr'><strong><em>da</em></strong></span> <span class='ocrx_word' id='word_1_38' title='bbox 492 1567 558 1628; x_wconf 90' lang='lat' dir='ltr'><strong><em>quo</em></strong></span> <span class='ocrx_word' id='word_1_39' title='bbox 581 1547 673 1610; x_wconf 80' lang='lat' dir='ltr'><strong><em>valde</em></strong></span> <span class='ocrx_word' id='word_1_40' title='bbox 695 1547 877 1628; x_wconf 75' lang='lat' dir='ltr'><strong><em>gloriantur</em></strong></span> <span class='ocrx_word' id='word_1_41' title='bbox 908 1548 1116 1626; x_wconf 79' lang='lat' dir='ltr'><strong><em>heterodoxi3</em></strong></span> <span class='ocrx_word' id='word_1_42' title='bbox 1149 1547 1241 1626; x_wconf 83' lang='lat' dir='ltr'><strong><em>quasi</em></strong></span> <span class='ocrx_word' id='word_1_43' title='bbox 1263 1547 1336 1610; x_wconf 88' lang='lat' dir='ltr'><strong><em>iude</em></strong></span> <span class='ocrx_word' id='word_1_44' title='bbox 1363 1547 1528 1628; x_wconf 78' lang='lat' dir='ltr'><strong><em>quidquam</em></strong></span> <span class='ocrx_word' id='word_1_45' title='bbox 1602 1561 1603 1630; x_wconf 66' lang='lat' dir='ltr'><strong><em>l</em></strong></span> 
     </span>
    </p>
   </div>
   <div class='ocr_carea' id='block_1_7' title="bbox 432 1645 1530 1713">
    <p class='ocr_par' dir='ltr' id='par_1_7' title="bbox 432 1645 1530 1713">
     <span class='ocr_line' id='line_1_7' title="bbox 432 1645 1530 1713; baseline -0.002 -3"><span class='ocrx_word' id='word_1_46' title='bbox 432 1649 473 1710; x_wconf 89' lang='lat' dir='ltr'><strong><em>sit</em></strong></span> <span class='ocrx_word' id='word_1_47' title='bbox 494 1648 673 1713; x_wconf 89' lang='lat' dir='ltr'><strong><em>eruendum</em></strong></span> <span class='ocrx_word' id='word_1_48' title='bbox 687 1649 843 1712; x_wconf 83' lang='lat' dir='ltr'><strong><em>adsersus</em></strong></span> <span class='ocrx_word' id='word_1_49' title='bbox 866 1645 1030 1710; x_wconf 83' lang='lat' dir='ltr'><strong><em>Ecclesiae</em></strong></span> <span class='ocrx_word' id='word_1_50' title='bbox 1045 1647 1231 1712; x_wconf 77' lang='lat' dir='ltr'><strong><em>Catholicae</em></strong></span> <span class='ocrx_word' id='word_1_51' title='bbox 1253 1647 1346 1710; x_wconf 84' lang='lat' dir='ltr'><strong><em>fidem</em></strong></span> <span class='ocrx_word' id='word_1_52' title='bbox 1369 1655 1401 1710; x_wconf 90' lang='lat' dir='ltr'><strong><em>et</em></strong></span> <span class='ocrx_word' id='word_1_53' title='bbox 1425 1645 1530 1710; x_wconf 88' lang='lat' dir='ltr'><strong><em>doctri·</em></strong></span> 
     </span>
    </p>
   </div>
   <div class='ocr_carea' id='block_1_8' title="bbox 427 1748 1603 2134">
    <p class='ocr_par' dir='ltr' id='par_1_8' title="bbox 427 1748 1603 2134">
     <span class='ocr_line' id='line_1_8' title="bbox 432 1748 1603 1830; baseline -0.003 -18"><span class='ocrx_word' id='word_1_54' title='bbox 432 1768 506 1812; x_wconf 86' lang='lat' dir='ltr'><strong><em>nam</em></strong></span> <span class='ocrx_word' id='word_1_55' title='bbox 527 1751 569 1812; x_wconf 94' lang='lat' dir='ltr'><strong><em>ob</em></strong></span> <span class='ocrx_word' id='word_1_56' title='bbox 583 1769 633 1826; x_wconf 86' lang='lat' dir='ltr'><strong><em>ea,</em></strong></span> <span class='ocrx_word' id='word_1_57' title='bbox 650 1769 734 1830; x_wconf 87' lang='lat' dir='ltr'><strong><em>quae</em></strong></span> <span class='ocrx_word' id='word_1_58' title='bbox 754 1750 820 1828; x_wconf 89' lang='lat' dir='ltr'><strong><em>ipse</em></strong></span> <span class='ocrx_word' id='word_1_59' title='bbox 841 1751 969 1829; x_wconf 85' lang='lat' dir='ltr'><strong><em>scripsit</em></strong></span> <span class='ocrx_word' id='word_1_60' title='bbox 987 1749 1198 1812; x_wconf 77' lang='lat' dir='ltr'><strong><em>Adamantius</em></strong></span> <span class='ocrx_word' id='word_1_61' title='bbox 1220 1748 1259 1811; x_wconf 92' lang='lat' dir='ltr'><strong><em>de</em></strong></span> <span class='ocrx_word' id='word_1_62' title='bbox 1275 1749 1454 1812; x_wconf 85' lang='lat' dir='ltr'><strong><em>Salvatoris</em></strong></span> <span class='ocrx_word' id='word_1_63' title='bbox 1472 1765 1531 1810; x_wconf 86' lang='lat' dir='ltr'><strong><em>sen·</em></strong></span> <span class='ocrx_word' id='word_1_64' title='bbox 1602 1757 1603 1768; x_wconf 62' lang='lat'>¹</span> 
     </span>
     <span class='ocr_line' id='line_1_9' title="bbox 433 1849 1603 1933; baseline -0.003 -18"><span class='ocrx_word' id='word_1_65' title='bbox 433 1854 554 1915; x_wconf 86' lang='lat' dir='ltr'><strong><em>tentia:</em></strong></span> <span class='ocrx_word' id='word_1_66' title='bbox 577 1870 642 1914; x_wconf 82' lang='lat' dir='ltr'><strong><em>uon</em></strong></span> <span class='ocrx_word' id='word_1_67' title='bbox 662 1852 745 1932; x_wconf 83' lang='lat' dir='ltr'><strong><em>quod</em></strong></span> <span class='ocrx_word' id='word_1_68' title='bbox 765 1850 869 1914; x_wconf 82' lang='lat' dir='ltr'><strong><em>intrat</em></strong></span> <span class='ocrx_word' id='word_1_69' title='bbox 883 1850 918 1914; x_wconf 88' lang='lat' dir='ltr'><strong><em>iu</em></strong></span> <span class='ocrx_word' id='word_1_70' title='bbox 938 1870 970 1913; x_wconf 89' lang='lat' dir='ltr'><strong><em>os</em></strong></span> <span class='ocrx_word' id='word_1_71' title='bbox 993 1849 1179 1933; x_wconf 77' lang='lat' dir='ltr'><strong><em>coinquinat</em></strong></span> <span class='ocrx_word' id='word_1_72' title='bbox 1199 1849 1366 1926; x_wconf 75' lang='lat' dir='ltr'><strong><em>homiuem,</em></strong></span> <span class='ocrx_word' id='word_1_73' title='bbox 1387 1850 1441 1911; x_wconf 81' lang='lat' dir='ltr'><strong><em>sad</em></strong></span> <span class='ocrx_word' id='word_1_74' title='bbox 1460 1849 1532 1928; x_wconf 82' lang='lat' dir='ltr'><strong><em>quod</em></strong></span> <span class='ocrx_word' id='word_1_75' title='bbox 1602 1903 1603 1912; x_wconf 73' lang='grc'>,</span> 
     </span>
     <span class='ocr_line' id='line_1_10' title="bbox 427 1949 1603 2032; baseline -0.002 -20"><span class='ocrx_word' id='word_1_76' title='bbox 427 1949 621 2032; x_wconf 76' lang='lat' dir='ltr'><strong><em>proceditur</em></strong></span> <span class='ocrx_word' id='word_1_77' title='bbox 639 1970 710 2014; x_wconf 78' lang='lat' dir='ltr'><strong><em>orec</em></strong></span> <span class='ocrx_word' id='word_1_78' title='bbox 728 1973 744 2010; x_wconf 84' lang='lat' dir='ltr'><strong><em>o</em></strong></span> <span class='ocrx_word' id='word_1_79' title='bbox 759 1949 887 2014; x_wconf 86' lang='lat' dir='ltr'><strong><em>lllxerit</em></strong></span> <span class='ocrx_word' id='word_1_80' title='bbox 900 1960 1010 2014; x_wconf 89' lang='lat' dir='ltr'><strong><em>autem</em></strong></span> <span class='ocrx_word' id='word_1_81' title='bbox 1032 1953 1171 2032; x_wconf 88' lang='lat' dir='ltr'><strong><em>aliquis,</em></strong></span> <span class='ocrx_word' id='word_1_82' title='bbox 1193 1952 1250 2031; x_wconf 88' lang='lat' dir='ltr'><strong><em>qui</em></strong></span> <span class='ocrx_word' id='word_1_83' title='bbox 1270 1952 1301 2012; x_wconf 88' lang='lat' dir='ltr'><strong><em>in</em></strong></span> <span class='ocrx_word' id='word_1_84' title='bbox 1324 1952 1410 2014; x_wconf 90' lang='lat' dir='ltr'><strong><em>bunc</em></strong></span> <span class='ocrx_word' id='word_1_85' title='bbox 1426 1949 1531 2013; x_wconf 89' lang='lat' dir='ltr'><strong><em>incide·</em></strong></span> <span class='ocrx_word' id='word_1_86' title='bbox 1602 1951 1603 1956; x_wconf 75' lang='grc'>’</span> 
     </span>
     <span class='ocr_line' id='line_1_11' title="bbox 436 2037 1603 2134; baseline -0.005 -18"><span class='ocrx_word' id='word_1_87' title='bbox 436 2055 480 2116; x_wconf 89' lang='lat' dir='ltr'><strong><em>rit</em></strong></span> <span class='ocrx_word' id='word_1_88' title='bbox 498 2054 631 2116; x_wconf 90' lang='lat' dir='ltr'><strong><em>locum:</em></strong></span> <span class='ocrx_word' id='word_1_89' title='bbox 662 2053 935 2133; x_wconf 88' lang='lat' dir='ltr'><strong><em>quemadmodum</em></strong></span> <span class='ocrx_word' id='word_1_90' title='bbox 965 2037 1035 2116; x_wconf 79' lang='lat' dir='ltr'><strong><em>uon</em></strong></span> <span class='ocrx_word' id='word_1_91' title='bbox 1049 2053 1133 2134; x_wconf 79' lang='lat' dir='ltr'><strong><em>quod</em></strong></span> <span class='ocrx_word' id='word_1_92' title='bbox 1152 2052 1255 2114; x_wconf 85' lang='lat' dir='ltr'><strong><em>intrat</em></strong></span> <span class='ocrx_word' id='word_1_93' title='bbox 1275 2050 1311 2114; x_wconf 86' lang='lat' dir='ltr'><strong><em>ia</em></strong></span> <span class='ocrx_word' id='word_1_94' title='bbox 1332 2070 1379 2128; x_wconf 91' lang='lat' dir='ltr'><strong><em>os,</em></strong></span> <span class='ocrx_word' id='word_1_95' title='bbox 1402 2048 1532 2130; x_wconf 81' lang='lat' dir='ltr'><strong><em>coinqui-</em></strong></span> <span class='ocrx_word' id='word_1_96' title='bbox 1602 2063 1603 2066; x_wconf 72' lang='grc'>’</span> 
     </span>
    </p>
   </div>
   <div class='ocr_carea' id='block_1_9' title="bbox 432 2153 1530 2438">
    <p class='ocr_par' dir='ltr' id='par_1_9' title="bbox 432 2153 1530 2438">
     <span class='ocr_line' id='line_1_12' title="bbox 432 2153 1530 2236; baseline -0.003 -19"><span class='ocrx_word' id='word_1_97' title='bbox 432 2164 491 2219; x_wconf 85' lang='lat' dir='ltr'><strong><em>uot</em></strong></span> <span class='ocrx_word' id='word_1_98' title='bbox 509 2153 664 2217; x_wconf 82' lang='lat' dir='ltr'><strong><em>bominem</em></strong></span> <span class='ocrx_word' id='word_1_99' title='bbox 676 2199 688 2230; x_wconf 93' lang='lat'>‚</span> <span class='ocrx_word' id='word_1_100' title='bbox 719 2155 843 2216; x_wconf 87' lang='lat' dir='ltr'><strong><em>etiamsi</em></strong></span> <span class='ocrx_word' id='word_1_101' title='bbox 866 2158 1071 2219; x_wconf 79' lang='lat' dir='ltr'><strong><em>existimetur</em></strong></span> <span class='ocrx_word' id='word_1_102' title='bbox 1092 2175 1109 2218; x_wconf 93' lang='lat' dir='ltr'><strong><em>a</em></strong></span> <span class='ocrx_word' id='word_1_103' title='bbox 1129 2157 1255 2236; x_wconf 78' lang='lat' dir='ltr'><strong><em>iudaeis</em></strong></span> <span class='ocrx_word' id='word_1_104' title='bbox 1276 2155 1443 2234; x_wconf 89' lang='lat' dir='ltr'><strong><em>impurum</em></strong></span> <span class='ocrx_word' id='word_1_105' title='bbox 1454 2174 1465 2232; x_wconf 79' lang='lat'>3</span> <span class='ocrx_word' id='word_1_106' title='bbox 1495 2155 1530 2214; x_wconf 83' lang='lat' dir='ltr'><strong><em>itt</em></strong></span> 
     </span>
     <span class='ocr_line' id='line_1_13' title="bbox 432 2255 1530 2338; baseline -0.003 -19"><span class='ocrx_word' id='word_1_107' title='bbox 432 2257 518 2338; x_wconf 87' lang='lat' dir='ltr'><strong><em>quod</em></strong></span> <span class='ocrx_word' id='word_1_108' title='bbox 541 2255 720 2336; x_wconf 90' lang='lat' dir='ltr'><strong><em>ingreditur</em></strong></span> <span class='ocrx_word' id='word_1_109' title='bbox 740 2255 773 2317; x_wconf 91' lang='lat' dir='ltr'><strong><em>ia</em></strong></span> <span class='ocrx_word' id='word_1_110' title='bbox 794 2273 841 2329; x_wconf 92' lang='lat' dir='ltr'><strong><em>os,</em></strong></span> <span class='ocrx_word' id='word_1_111' title='bbox 865 2273 928 2318; x_wconf 90' lang='lat' dir='ltr'><strong><em>nou</em></strong></span> <span class='ocrx_word' id='word_1_112' title='bbox 949 2257 1150 2320; x_wconf 83' lang='lat' dir='ltr'><strong><em>sanctificare</em></strong></span> <span class='ocrx_word' id='word_1_113' title='bbox 1175 2256 1349 2330; x_wconf 90' lang='lat' dir='ltr'><strong><em>bominem,</em></strong></span> <span class='ocrx_word' id='word_1_114' title='bbox 1374 2258 1495 2318; x_wconf 85' lang='lat' dir='ltr'><strong><em>etiamsi</em></strong></span> <span class='ocrx_word' id='word_1_115' title='bbox 1515 2271 1530 2316; x_wconf 88' lang='lat' dir='ltr'><strong><em>a</em></strong></span> 
     </span>
     <span class='ocr_line' id='line_1_14' title="bbox 432 2355 1530 2438; baseline -0.001 -17"><span class='ocrx_word' id='word_1_116' title='bbox 432 2358 681 2438; x_wconf 82' lang='lat' dir='ltr'><strong><em>simplicioribus</em></strong></span> <span class='ocrx_word' id='word_1_117' title='bbox 702 2357 907 2421; x_wconf 87' lang='lat' dir='ltr'><strong><em>existimetur</em></strong></span> <span class='ocrx_word' id='word_1_118' title='bbox 925 2359 1125 2421; x_wconf 84' lang='lat' dir='ltr'><strong><em>sanctificare</em></strong></span> <span class='ocrx_word' id='word_1_119' title='bbox 1145 2359 1190 2434; x_wconf 88' lang='lat' dir='ltr'><strong><em>id,</em></strong></span> <span class='ocrx_word' id='word_1_120' title='bbox 1214 2358 1300 2438; x_wconf 82' lang='lat' dir='ltr'><strong><em>quod</em></strong></span> <span class='ocrx_word' id='word_1_121' title='bbox 1325 2357 1415 2436; x_wconf 86' lang='lat' dir='ltr'><strong><em>panis</em></strong></span> <span class='ocrx_word' id='word_1_122' title='bbox 1435 2355 1530 2420; x_wconf 87' lang='lat' dir='ltr'><strong><em>llomi·</em></strong></span> 
     </span>
    </p>
   </div>
   <div class='ocr_carea' id='block_1_10' title="bbox 433 2455 1603 2539">
    <p class='ocr_par' dir='ltr' id='par_1_10' title="bbox 433 2455 1603 2539">
     <span class='ocr_line' id='line_1_15' title="bbox 433 2455 1603 2539; baseline -0.003 -19"><span class='ocrx_word' id='word_1_123' title='bbox 433 2461 464 2520; x_wconf 91' lang='lat' dir='ltr'><strong><em>ui</em></strong></span> <span class='ocrx_word' id='word_1_124' title='bbox 486 2458 682 2539; x_wconf 88' lang='lat' dir='ltr'><strong><em>appellatur.</em></strong></span> <span class='ocrx_word' id='word_1_125' title='bbox 699 2477 715 2515; x_wconf 84' lang='lat' dir='ltr'><strong><em>u</em></strong></span> <span class='ocrx_word' id='word_1_126' title='bbox 733 2457 774 2520; x_wconf 84' lang='lat' dir='ltr'><strong><em>Et</em></strong></span> <span class='ocrx_word' id='word_1_127' title='bbox 787 2457 888 2537; x_wconf 88' lang='lat' dir='ltr'><strong><em>paulo</em></strong></span> <span class='ocrx_word' id='word_1_128' title='bbox 910 2466 1002 2537; x_wconf 82' lang='lat' dir='ltr'><strong><em>past:</em></strong></span> <span class='ocrx_word' id='word_1_129' title='bbox 1021 2481 1036 2516; x_wconf 79' lang='lat' dir='ltr'><strong><em>s</em></strong></span> <span class='ocrx_word' id='word_1_130' title='bbox 1053 2458 1150 2522; x_wconf 86' lang='lat' dir='ltr'><strong><em>Cibus</em></strong></span> <span class='ocrx_word' id='word_1_131' title='bbox 1165 2460 1232 2538; x_wconf 86' lang='lat' dir='ltr'><strong><em>ipse</em></strong></span> <span class='ocrx_word' id='word_1_132' title='bbox 1254 2457 1461 2538; x_wconf 80' lang='lat' dir='ltr'><strong><em>perverbum</em></strong></span> <span class='ocrx_word' id='word_1_133' title='bbox 1481 2455 1529 2519; x_wconf 86' lang='lat' dir='ltr'><strong><em>llei</em></strong></span> <span class='ocrx_word' id='word_1_134' title='bbox 1602 2467 1603 2472; x_wconf 75' lang='grc'>’</span> 
     </span>
    </p>
   </div>
   <div class='ocr_carea' id='block_1_11' title="bbox 431 2559 1530 3045">
    <p class='ocr_par' dir='ltr' id='par_1_11' title="bbox 431 2559 1530 3045">
     <span class='ocr_line' id='line_1_16' title="bbox 432 2559 1529 2640; baseline -0.001 -16"><span class='ocrx_word' id='word_1_135' title='bbox 432 2568 466 2626; x_wconf 90' lang='lat' dir='ltr'><strong><em>ct</em></strong></span> <span class='ocrx_word' id='word_1_136' title='bbox 485 2562 665 2623; x_wconf 90' lang='lat' dir='ltr'><strong><em>orationem</em></strong></span> <span class='ocrx_word' id='word_1_137' title='bbox 686 2567 915 2634; x_wconf 86' lang='lat' dir='ltr'><strong><em>consecratus,</em></strong></span> <span class='ocrx_word' id='word_1_138' title='bbox 948 2560 1126 2624; x_wconf 89' lang='lat' dir='ltr'><strong><em>secundum</em></strong></span> <span class='ocrx_word' id='word_1_139' title='bbox 1149 2560 1231 2623; x_wconf 88' lang='lat' dir='ltr'><strong><em>illud</em></strong></span> <span class='ocrx_word' id='word_1_140' title='bbox 1261 2559 1392 2639; x_wconf 87' lang='lat' dir='ltr'><strong><em>quidem</em></strong></span> <span class='ocrx_word' id='word_1_141' title='bbox 1415 2562 1529 2640; x_wconf 83' lang='lat' dir='ltr'><strong><em>ipsum,</em></strong></span> 
     </span>
     <span class='ocr_line' id='line_1_17' title="bbox 433 2661 1530 2742; baseline -0.002 -17"><span class='ocrx_word' id='word_1_142' title='bbox 433 2663 521 2742; x_wconf 83' lang='lat' dir='ltr'><strong><em>quod</em></strong></span> <span class='ocrx_word' id='word_1_143' title='bbox 544 2662 677 2724; x_wconf 87' lang='lat' dir='ltr'><strong><em>materia</em></strong></span> <span class='ocrx_word' id='word_1_144' title='bbox 700 2667 836 2736; x_wconf 87' lang='lat' dir='ltr'><strong><em>constat,</em></strong></span> <span class='ocrx_word' id='word_1_145' title='bbox 853 2661 884 2721; x_wconf 89' lang='lat' dir='ltr'><strong><em>in</em></strong></span> <span class='ocrx_word' id='word_1_146' title='bbox 908 2669 1049 2724; x_wconf 82' lang='lat' dir='ltr'><strong><em>ventrem</em></strong></span> <span class='ocrx_word' id='word_1_147' title='bbox 1071 2663 1149 2737; x_wconf 89' lang='lat' dir='ltr'><strong><em>abit,</em></strong></span> <span class='ocrx_word' id='word_1_148' title='bbox 1172 2669 1204 2724; x_wconf 89' lang='lat' dir='ltr'><strong><em>ct</em></strong></span> <span class='ocrx_word' id='word_1_149' title='bbox 1225 2664 1256 2724; x_wconf 89' lang='lat' dir='ltr'><strong><em>iu</em></strong></span> <span class='ocrx_word' id='word_1_150' title='bbox 1277 2679 1440 2725; x_wconf 88' lang='lat' dir='ltr'><strong><em>secessum</em></strong></span> <span class='ocrx_word' id='word_1_151' title='bbox 1455 2661 1530 2742; x_wconf 85' lang='lat' dir='ltr'><strong><em>ejici·</em></strong></span> 
     </span>
     <span class='ocr_line' id='line_1_18' title="bbox 432 2762 1529 2845; baseline -0.002 -18"><span class='ocrx_word' id='word_1_152' title='bbox 432 2770 505 2842; x_wconf 89' lang='lat' dir='ltr'><strong><em>tur;</em></strong></span> <span class='ocrx_word' id='word_1_153' title='bbox 527 2763 705 2828; x_wconf 89' lang='lat' dir='ltr'><strong><em>secuudum</em></strong></span> <span class='ocrx_word' id='word_1_154' title='bbox 727 2762 906 2826; x_wconf 89' lang='lat' dir='ltr'><strong><em>orationem</em></strong></span> <span class='ocrx_word' id='word_1_155' title='bbox 927 2771 1058 2839; x_wconf 88' lang='lat' dir='ltr'><strong><em>autem,</em></strong></span> <span class='ocrx_word' id='word_1_156' title='bbox 1093 2781 1177 2843; x_wconf 82' lang='lat' dir='ltr'><strong><em>quaa</em></strong></span> <span class='ocrx_word' id='word_1_157' title='bbox 1199 2765 1247 2826; x_wconf 87' lang='lat' dir='ltr'><strong><em>illi</em></strong></span> <span class='ocrx_word' id='word_1_158' title='bbox 1267 2766 1420 2836; x_wconf 85' lang='lat' dir='ltr'><strong><em>accessit,</em></strong></span> <span class='ocrx_word' id='word_1_159' title='bbox 1446 2763 1529 2845; x_wconf 82' lang='lat' dir='ltr'><strong><em>juxta</em></strong></span> 
     </span>
     <span class='ocr_line' id='line_1_19' title="bbox 431 2861 1529 2946; baseline -0.001 -19"><span class='ocrx_word' id='word_1_160' title='bbox 431 2865 675 2945; x_wconf 85' lang='lat' dir='ltr'><strong><em>proportionem</em></strong></span> <span class='ocrx_word' id='word_1_161' title='bbox 696 2863 781 2937; x_wconf 81' lang='lat' dir='ltr'><strong><em>fidei,</em></strong></span> <span class='ocrx_word' id='word_1_162' title='bbox 803 2863 892 2925; x_wconf 89' lang='lat' dir='ltr'><strong><em>utilis</em></strong></span> <span class='ocrx_word' id='word_1_163' title='bbox 913 2861 960 2938; x_wconf 84' lang='lat' dir='ltr'><strong><em>bt,</em></strong></span> <span class='ocrx_word' id='word_1_164' title='bbox 982 2864 1144 2945; x_wconf 84' lang='lat' dir='ltr'><strong><em>efficitque</em></strong></span> <span class='ocrx_word' id='word_1_165' title='bbox 1165 2873 1201 2929; x_wconf 91' lang='lat' dir='ltr'><strong><em>ut</em></strong></span> <span class='ocrx_word' id='word_1_166' title='bbox 1216 2868 1387 2946; x_wconf 79' lang='lat' dir='ltr'><strong><em>perspicax</em></strong></span> <span class='ocrx_word' id='word_1_167' title='bbox 1405 2865 1459 2928; x_wconf 88' lang='lat' dir='ltr'><strong><em>liat</em></strong></span> <span class='ocrx_word' id='word_1_168' title='bbox 1472 2865 1529 2926; x_wconf 90' lang='lat' dir='ltr'><strong><em>ani·</em></strong></span> 
     </span>
     <span class='ocr_line' id='line_1_20' title="bbox 434 2963 1529 3045; baseline -0.001 -17"><span class='ocrx_word' id='word_1_169' title='bbox 434 2983 520 3041; x_wconf 90' lang='lat' dir='ltr'><strong><em>mus,</em></strong></span> <span class='ocrx_word' id='word_1_170' title='bbox 541 2973 690 3043; x_wconf 85' lang='lat' dir='ltr'><strong><em>spectans</em></strong></span> <span class='ocrx_word' id='word_1_171' title='bbox 710 2963 749 3026; x_wconf 89' lang='lat' dir='ltr'><strong><em>ad</em></strong></span> <span class='ocrx_word' id='word_1_172' title='bbox 772 2964 802 3025; x_wconf 92' lang='lat' dir='ltr'><strong><em>id</em></strong></span> <span class='ocrx_word' id='word_1_173' title='bbox 825 2964 913 3043; x_wconf 88' lang='lat' dir='ltr'><strong><em>quod</em></strong></span> <span class='ocrx_word' id='word_1_174' title='bbox 937 2965 1066 3043; x_wconf 86' lang='lat' dir='ltr'><strong><em>prodest</em></strong></span> <span class='ocrx_word' id='word_1_175' title='bbox 1078 2987 1087 3043; x_wconf 93' lang='lat'>;</span> <span class='ocrx_word' id='word_1_176' title='bbox 1117 2984 1175 3029; x_wconf 87' lang='lat' dir='ltr'><strong><em>uec</em></strong></span> <span class='ocrx_word' id='word_1_177' title='bbox 1195 2968 1285 3045; x_wconf 83' lang='lat' dir='ltr'><strong><em>panis</em></strong></span> <span class='ocrx_word' id='word_1_178' title='bbox 1306 2968 1463 3040; x_wconf 86' lang='lat' dir='ltr'><strong><em>materia,</em></strong></span> <span class='ocrx_word' id='word_1_179' title='bbox 1483 2963 1529 3028; x_wconf 85' lang='lat' dir='ltr'><strong><em>scd</em></strong></span> 
     </span>
    </p>
   </div>
   <div class='ocr_carea' id='block_1_12' title="bbox 431 3064 1603 3148">
    <p class='ocr_par' dir='ltr' id='par_1_12' title="bbox 431 3064 1603 3148">
     <span class='ocr_line' id='line_1_21' title="bbox 431 3064 1603 3148; baseline -0.002 -19"><span class='ocrx_word' id='word_1_180' title='bbox 431 3083 531 3147; x_wconf 85' lang='lat' dir='ltr'><strong><em>snper</em></strong></span> <span class='ocrx_word' id='word_1_181' title='bbox 551 3085 625 3129; x_wconf 88' lang='lat' dir='ltr'><strong><em>eum</em></strong></span> <span class='ocrx_word' id='word_1_182' title='bbox 647 3064 776 3144; x_wconf 83' lang='lat' dir='ltr'><strong><em>prolatu</em></strong></span> <span class='ocrx_word' id='word_1_183' title='bbox 799 3066 906 3126; x_wconf 88' lang='lat' dir='ltr'><strong><em>oratio</em></strong></span> <span class='ocrx_word' id='word_1_184' title='bbox 928 3084 964 3128; x_wconf 90' lang='lat' dir='ltr'><strong><em>ea</em></strong></span> <span class='ocrx_word' id='word_1_185' title='bbox 983 3075 1043 3140; x_wconf 84' lang='lat' dir='ltr'><strong><em>cst,</em></strong></span> <span class='ocrx_word' id='word_1_186' title='bbox 1066 3085 1150 3146; x_wconf 90' lang='lat' dir='ltr'><strong><em>qnae</em></strong></span> <span class='ocrx_word' id='word_1_187' title='bbox 1172 3067 1265 3130; x_wconf 88' lang='lat' dir='ltr'><strong><em>illum</em></strong></span> <span class='ocrx_word' id='word_1_188' title='bbox 1278 3065 1387 3148; x_wconf 82' lang='lat' dir='ltr'><strong><em>jurat,</em></strong></span> <span class='ocrx_word' id='word_1_189' title='bbox 1408 3068 1463 3148; x_wconf 83' lang='lat' dir='ltr'><strong><em>qai</em></strong></span> <span class='ocrx_word' id='word_1_190' title='bbox 1477 3082 1529 3128; x_wconf 90' lang='lat' dir='ltr'><strong><em>uon</em></strong></span> <span class='ocrx_word' id='word_1_191' title='bbox 1602 3095 1603 3106; x_wconf 25' lang='grc' dir='ltr'><strong>κ</strong></span> 
     </span>
    </p>
   </div>
   <div class='ocr_carea' id='block_1_13' title="bbox 431 3165 1603 3254">
    <p class='ocr_par' dir='ltr' id='par_1_13' title="bbox 431 3165 1603 3254">
     <span class='ocr_line' id='line_1_22' title="bbox 431 3165 1603 3254; baseline -0.001 -24"><span class='ocrx_word' id='word_1_192' title='bbox 431 3169 558 3249; x_wconf 88' lang='lat' dir='ltr'><strong><em>indigue</em></strong></span> <span class='ocrx_word' id='word_1_193' title='bbox 577 3165 644 3231; x_wconf 85' lang='lat' dir='ltr'><strong><em>Deo</em></strong></span> <span class='ocrx_word' id='word_1_194' title='bbox 667 3168 753 3229; x_wconf 92' lang='lat' dir='ltr'><strong><em>buno</em></strong></span> <span class='ocrx_word' id='word_1_195' title='bbox 767 3167 917 3230; x_wconf 89' lang='lat' dir='ltr'><strong><em>comedit.</em></strong></span> <span class='ocrx_word' id='word_1_196' title='bbox 935 3166 975 3230; x_wconf 84' lang='lat' dir='ltr'><strong><em>Et</em></strong></span> <span class='ocrx_word' id='word_1_197' title='bbox 991 3167 1069 3231; x_wconf 89' lang='lat' dir='ltr'><strong><em>baec</em></strong></span> <span class='ocrx_word' id='word_1_198' title='bbox 1083 3168 1213 3249; x_wconf 91' lang='lat' dir='ltr'><strong><em>quidem</em></strong></span> <span class='ocrx_word' id='word_1_199' title='bbox 1230 3170 1269 3232; x_wconf 93' lang='lat' dir='ltr'><strong><em>de</em></strong></span> <span class='ocrx_word' id='word_1_200' title='bbox 1286 3172 1398 3252; x_wconf 79' lang='lat' dir='ltr'><strong><em>typico</em></strong></span> <span class='ocrx_word' id='word_1_201' title='bbox 1413 3177 1443 3232; x_wconf 88' lang='lat' dir='ltr'><strong><em>ct</em></strong></span> <span class='ocrx_word' id='word_1_202' title='bbox 1457 3186 1529 3254; x_wconf 67' lang='lat' dir='ltr'><strong><em>sym·</em></strong></span> <span class='ocrx_word' id='word_1_203' title='bbox 1602 3175 1603 3212; x_wconf 73' lang='lat'><em>³</em></span> 
     </span>
    </p>
   </div>
   <div class='ocr_carea' id='block_1_14' title="bbox 431 3268 1527 3756">
    <p class='ocr_par' dir='ltr' id='par_1_14' title="bbox 431 3268 1363 3348">
     <span class='ocr_line' id='line_1_23' title="bbox 431 3268 1363 3348; baseline -0.002 -16"><span class='ocrx_word' id='word_1_204' title='bbox 431 3268 539 3332; x_wconf 86' lang='lat' dir='ltr'><strong><em>bolico</em></strong></span> <span class='ocrx_word' id='word_1_205' title='bbox 560 3285 743 3348; x_wconf 82' lang='lat' dir='ltr'><strong><em>corpore.»</em></strong></span> <span class='ocrx_word' id='word_1_206' title='bbox 1355 3315 1363 3330; x_wconf 93' lang='lat'>.</span> 
     </span>
    </p>

    <p class='ocr_par' dir='ltr' id='par_1_15' title="bbox 432 3367 1527 3756">
     <span class='ocr_line' id='line_1_24' title="bbox 511 3367 1527 3450; baseline -0.002 -18"><span class='ocrx_word' id='word_1_207' title='bbox 511 3368 617 3450; x_wconf 88' lang='lat' dir='ltr'><strong><em>Siquis</em></strong></span> <span class='ocrx_word' id='word_1_208' title='bbox 632 3371 742 3449; x_wconf 86' lang='lat' dir='ltr'><strong><em>itaque</em></strong></span> <span class='ocrx_word' id='word_1_209' title='bbox 755 3368 896 3432; x_wconf 85' lang='lat' dir='ltr'><strong><em>ollensus</em></strong></span> <span class='ocrx_word' id='word_1_210' title='bbox 911 3368 1023 3444; x_wconf 84' lang='lat' dir='ltr'><strong><em>luerit,</em></strong></span> <span class='ocrx_word' id='word_1_211' title='bbox 1039 3372 1130 3450; x_wconf 83' lang='lat' dir='ltr'><strong><em>quasi</em></strong></span> <span class='ocrx_word' id='word_1_212' title='bbox 1147 3388 1207 3450; x_wconf 89' lang='lat' dir='ltr'><strong><em>per</em></strong></span> <span class='ocrx_word' id='word_1_213' title='bbox 1222 3371 1301 3434; x_wconf 88' lang='lat' dir='ltr'><strong><em>baec</em></strong></span> <span class='ocrx_word' id='word_1_214' title='bbox 1317 3371 1416 3434; x_wconf 84' lang='lat' dir='ltr'><strong><em>verba</em></strong></span> <span class='ocrx_word' id='word_1_215' title='bbox 1430 3367 1527 3450; x_wconf 82' lang='lat' dir='ltr'><strong><em>Orige</em></strong></span> 
     </span>
     <span class='ocr_line' id='line_1_25' title="bbox 433 3469 1524 3551; baseline -0.003 -17"><span class='ocrx_word' id='word_1_216' title='bbox 433 3489 488 3535; x_wconf 86' lang='lat' dir='ltr'><strong><em>nes</em></strong></span> <span class='ocrx_word' id='word_1_217' title='bbox 508 3471 635 3551; x_wconf 84' lang='lat' dir='ltr'><strong><em>indigne</em></strong></span> <span class='ocrx_word' id='word_1_218' title='bbox 655 3472 771 3534; x_wconf 91' lang='lat' dir='ltr'><strong><em>sentiat</em></strong></span> <span class='ocrx_word' id='word_1_219' title='bbox 792 3471 831 3534; x_wconf 93' lang='lat' dir='ltr'><strong><em>de</em></strong></span> <span class='ocrx_word' id='word_1_220' title='bbox 853 3469 971 3533; x_wconf 82' lang='lat' dir='ltr'><strong><em>Christi</em></strong></span> <span class='ocrx_word' id='word_1_221' title='bbox 994 3471 1072 3533; x_wconf 88' lang='lat' dir='ltr'><strong><em>reali</em></strong></span> <span class='ocrx_word' id='word_1_222' title='bbox 1095 3474 1275 3551; x_wconf 85' lang='lat' dir='ltr'><strong><em>praeseutia</em></strong></span> <span class='ocrx_word' id='word_1_223' title='bbox 1297 3473 1329 3533; x_wconf 90' lang='lat' dir='ltr'><strong><em>iu</em></strong></span> <span class='ocrx_word' id='word_1_224' title='bbox 1352 3469 1524 3535; x_wconf 83' lang='lat' dir='ltr'><strong><em>eucharisti·</em></strong></span> 
     </span>
     <span class='ocr_line' id='line_1_26' title="bbox 432 3573 1525 3654; baseline -0.005 -16"><span class='ocrx_word' id='word_1_225' title='bbox 432 3593 472 3638; x_wconf 91' lang='lat' dir='ltr'><strong><em>eo</em></strong></span> <span class='ocrx_word' id='word_1_226' title='bbox 495 3583 708 3649; x_wconf 89' lang='lat' dir='ltr'><strong><em>sacramento,</em></strong></span> <span class='ocrx_word' id='word_1_227' title='bbox 730 3573 810 3636; x_wconf 91' lang='lat' dir='ltr'><strong><em>sciat</em></strong></span> <span class='ocrx_word' id='word_1_228' title='bbox 832 3574 972 3652; x_wconf 88' lang='lat' dir='ltr'><strong><em>primum</em></strong></span> <span class='ocrx_word' id='word_1_229' title='bbox 998 3573 1092 3636; x_wconf 83' lang='lat' dir='ltr'><strong><em>valde</em></strong></span> <span class='ocrx_word' id='word_1_230' title='bbox 1121 3573 1180 3637; x_wconf 87' lang='lat' dir='ltr'><strong><em>sibi</em></strong></span> <span class='ocrx_word' id='word_1_231' title='bbox 1202 3575 1441 3654; x_wconf 89' lang='lat' dir='ltr'><strong><em>ambigendum,</em></strong></span> <span class='ocrx_word' id='word_1_232' title='bbox 1462 3589 1525 3636; x_wconf 88' lang='lat' dir='ltr'><strong><em>unu</em></strong></span> 
     </span>
     <span class='ocr_line' id='line_1_27' title="bbox 432 3673 1527 3756; baseline -0.003 -19"><span class='ocrx_word' id='word_1_233' title='bbox 432 3692 544 3737; x_wconf 90' lang='lat' dir='ltr'><strong><em>seusus</em></strong></span> <span class='ocrx_word' id='word_1_234' title='bbox 564 3675 615 3737; x_wconf 86' lang='lat' dir='ltr'><strong><em>isti</em></strong></span> <span class='ocrx_word' id='word_1_235' title='bbox 637 3674 700 3736; x_wconf 88' lang='lat' dir='ltr'><strong><em>sint</em></strong></span> <span class='ocrx_word' id='word_1_236' title='bbox 720 3691 833 3736; x_wconf 77' lang='lat' dir='ltr'><strong><em>revera</em></strong></span> <span class='ocrx_word' id='word_1_237' title='bbox 856 3673 1024 3754; x_wconf 77' lang='lat' dir='ltr'><strong><em>origenis,</em></strong></span> <span class='ocrx_word' id='word_1_238' title='bbox 1046 3676 1215 3755; x_wconf 82' lang='lat' dir='ltr'><strong><em>ampelius</em></strong></span> <span class='ocrx_word' id='word_1_239' title='bbox 1246 3677 1354 3756; x_wconf 85' lang='lat' dir='ltr'><strong><em>graeci</em></strong></span> <span class='ocrx_word' id='word_1_240' title='bbox 1376 3673 1527 3738; x_wconf 87' lang='lat' dir='ltr'><strong><em>Transcri-</em></strong></span> 
     </span>
    </p>
   </div>
   <div class='ocr_carea' id='block_1_15' title="bbox 430 3773 1603 3957">
    <p class='ocr_par' dir='ltr' id='par_1_16' title="bbox 430 3773 1603 3957">
     <span class='ocr_line' id='line_1_28' title="bbox 432 3773 1603 3857; baseline -0.002 -20"><span class='ocrx_word' id='word_1_241' title='bbox 432 3775 556 3856; x_wconf 71' lang='lat' dir='ltr'><strong><em>psoris,</em></strong></span> <span class='ocrx_word' id='word_1_242' title='bbox 584 3777 641 3855; x_wconf 87' lang='lat' dir='ltr'><strong><em>qui</em></strong></span> <span class='ocrx_word' id='word_1_243' title='bbox 663 3793 700 3837; x_wconf 86' lang='lat' dir='ltr'><strong><em>ea</em></strong></span> <span class='ocrx_word' id='word_1_244' title='bbox 722 3785 754 3837; x_wconf 89' lang='lat' dir='ltr'><strong><em>et</em></strong></span> <span class='ocrx_word' id='word_1_245' title='bbox 777 3773 893 3837; x_wconf 88' lang='lat' dir='ltr'><strong><em>similia</em></strong></span> <span class='ocrx_word' id='word_1_246' title='bbox 920 3775 1087 3838; x_wconf 88' lang='lat' dir='ltr'><strong><em>intruserit</em></strong></span> <span class='ocrx_word' id='word_1_247' title='bbox 1114 3777 1203 3840; x_wconf 82' lang='lat' dir='ltr'><strong><em>illius</em></strong></span> <span class='ocrx_word' id='word_1_248' title='bbox 1230 3777 1381 3855; x_wconf 87' lang='lat' dir='ltr'><strong><em>scriptis,</em></strong></span> <span class='ocrx_word' id='word_1_249' title='bbox 1404 3777 1527 3857; x_wconf 83' lang='lat' dir='ltr'><strong><em>ejusque</em></strong></span> <span class='ocrx_word' id='word_1_250' title='bbox 1602 3847 1603 3850; x_wconf 8' lang='grc' dir='ltr'><strong>Ἴ</strong></span> 
     </span>
     <span class='ocr_line' id='line_1_29' title="bbox 430 3873 1603 3957; baseline -0.006 -19"><span class='ocrx_word' id='word_1_251' title='bbox 430 3884 569 3939; x_wconf 83' lang='lat' dir='ltr'><strong><em>montem</em></strong></span> <span class='ocrx_word' id='word_1_252' title='bbox 586 3874 720 3938; x_wconf 87' lang='lat' dir='ltr'><strong><em>ialsarit.</em></strong></span> <span class='ocrx_word' id='word_1_253' title='bbox 746 3873 902 3955; x_wconf 84' lang='lat' dir='ltr'><strong><em>Superius</em></strong></span> <span class='ocrx_word' id='word_1_254' title='bbox 924 3876 955 3937; x_wconf 85' lang='lat' dir='ltr'><strong><em>in</em></strong></span> <span class='ocrx_word' id='word_1_255' title='bbox 980 3879 1082 3955; x_wconf 88' lang='lat' dir='ltr'><strong><em>prima</em></strong></span> <span class='ocrx_word' id='word_1_256' title='bbox 1110 3875 1205 3942; x_wconf 84' lang='lat' dir='ltr'><strong><em>Parte</em></strong></span> <span class='ocrx_word' id='word_1_257' title='bbox 1232 3877 1345 3942; x_wconf 81' lang='lat' dir='ltr'><strong><em>validis</em></strong></span> <span class='ocrx_word' id='word_1_258' title='bbox 1368 3893 1526 3957; x_wconf 87' lang='lat' dir='ltr'><strong><em>argumen-</em></strong></span> <span class='ocrx_word' id='word_1_259' title='bbox 1602 3877 1603 3932; x_wconf 67' lang='grc' dir='ltr'>ξ</span> 
     </span>
    </p>
   </div>
   <div class='ocr_carea' id='block_1_16' title="bbox 433 3975 1527 4058">
    <p class='ocr_par' dir='ltr' id='par_1_17' title="bbox 433 3975 1527 4058">
     <span class='ocr_line' id='line_1_30' title="bbox 433 3975 1527 4058; baseline -0.006 -15"><span class='ocrx_word' id='word_1_260' title='bbox 433 3981 472 4043; x_wconf 91' lang='lat' dir='ltr'><strong><em>tis</em></strong></span> <span class='ocrx_word' id='word_1_261' title='bbox 492 3977 709 4052; x_wconf 81' lang='lat' dir='ltr'><strong><em>ostendimus,</em></strong></span> <span class='ocrx_word' id='word_1_262' title='bbox 744 3984 869 4040; x_wconf 83' lang='lat' dir='ltr'><strong><em>textum</em></strong></span> <span class='ocrx_word' id='word_1_263' title='bbox 891 3995 1043 4058; x_wconf 88' lang='lat' dir='ltr'><strong><em>graecum</em></strong></span> <span class='ocrx_word' id='word_1_264' title='bbox 1073 3980 1382 4042; x_wconf 86' lang='lat' dir='ltr'><strong><em>commentariorum</em></strong></span> <span class='ocrx_word' id='word_1_265' title='bbox 1404 3979 1439 4040; x_wconf 88' lang='lat' dir='ltr'><strong><em>iu</em></strong></span> <span class='ocrx_word' id='word_1_266' title='bbox 1456 3975 1527 4040; x_wconf 83' lang='lat' dir='ltr'><strong><em>liat·</em></strong></span> 
     </span>
    </p>
   </div>
   <div class='ocr_carea' id='block_1_17' title="bbox 430 4076 1526 4564">
    <p class='ocr_par' dir='ltr' id='par_1_18' title="bbox 430 4076 1526 4564">
     <span class='ocr_line' id='line_1_31' title="bbox 430 4076 1526 4160; baseline -0.005 -16"><span class='ocrx_word' id='word_1_267' title='bbox 430 4081 556 4144; x_wconf 84' lang='lat' dir='ltr'><strong><em>tboousu</em></strong></span> <span class='ocrx_word' id='word_1_268' title='bbox 576 4080 617 4141; x_wconf 96' lang='lat' dir='ltr'><strong><em>ab</em></strong></span> <span class='ocrx_word' id='word_1_269' title='bbox 630 4076 751 4152; x_wconf 83' lang='lat' dir='ltr'><strong><em>lloetia</em></strong></span> <span class='ocrx_word' id='word_1_270' title='bbox 770 4078 870 4140; x_wconf 87' lang='lat' dir='ltr'><strong><em>latine</em></strong></span> <span class='ocrx_word' id='word_1_271' title='bbox 894 4097 1022 4143; x_wconf 85' lang='lat' dir='ltr'><strong><em>vorsum</em></strong></span> <span class='ocrx_word' id='word_1_272' title='bbox 1044 4089 1078 4143; x_wconf 87' lang='lat' dir='ltr'><strong><em>at</em></strong></span> <span class='ocrx_word' id='word_1_273' title='bbox 1098 4080 1219 4144; x_wconf 90' lang='lat' dir='ltr'><strong><em>editum</em></strong></span> <span class='ocrx_word' id='word_1_274' title='bbox 1241 4080 1301 4144; x_wconf 90' lang='lat' dir='ltr'><strong><em>snb</em></strong></span> <span class='ocrx_word' id='word_1_275' title='bbox 1316 4081 1461 4160; x_wconf 85' lang='lat' dir='ltr'><strong><em>Origeuis</em></strong></span> <span class='ocrx_word' id='word_1_276' title='bbox 1481 4095 1526 4138; x_wconf 87' lang='lat' dir='ltr'><strong><em>oo·</em></strong></span> 
     </span>
     <span class='ocr_line' id='line_1_32' title="bbox 432 4179 1525 4259; baseline -0.007 -15"><span class='ocrx_word' id='word_1_277' title='bbox 432 4182 529 4255; x_wconf 83' lang='lat' dir='ltr'><strong><em>mine,</em></strong></span> <span class='ocrx_word' id='word_1_278' title='bbox 546 4179 632 4244; x_wconf 86' lang='lat' dir='ltr'><strong><em>baud</em></strong></span> <span class='ocrx_word' id='word_1_279' title='bbox 654 4197 786 4242; x_wconf 82' lang='lat' dir='ltr'><strong><em>servare</em></strong></span> <span class='ocrx_word' id='word_1_280' title='bbox 806 4180 963 4259; x_wconf 79' lang='lat' dir='ltr'><strong><em>originale</em></strong></span> <span class='ocrx_word' id='word_1_281' title='bbox 985 4181 1138 4245; x_wconf 77' lang='lat' dir='ltr'><strong><em>bnatoris</em></strong></span> <span class='ocrx_word' id='word_1_282' title='bbox 1159 4181 1314 4243; x_wconf 88' lang='lat' dir='ltr'><strong><em>dictatum</em></strong></span> <span class='ocrx_word' id='word_1_283' title='bbox 1326 4201 1337 4258; x_wconf 82' lang='lat'>3</span> <span class='ocrx_word' id='word_1_284' title='bbox 1359 4181 1412 4243; x_wconf 90' lang='lat' dir='ltr'><strong><em>sed</em></strong></span> <span class='ocrx_word' id='word_1_285' title='bbox 1433 4179 1525 4258; x_wconf 86' lang='lat' dir='ltr'><strong><em>potius</em></strong></span> 
     </span>
     <span class='ocr_line' id='line_1_33' title="bbox 430 4280 1525 4364; baseline -0.008 -17"><span class='ocrx_word' id='word_1_286' title='bbox 430 4290 469 4347; x_wconf 91' lang='lat' dir='ltr'><strong><em>ut</em></strong></span> <span class='ocrx_word' id='word_1_287' title='bbox 490 4282 628 4361; x_wconf 90' lang='lat' dir='ltr'><strong><em>glossam</em></strong></span> <span class='ocrx_word' id='word_1_288' title='bbox 650 4280 761 4343; x_wconf 84' lang='lat' dir='ltr'><strong><em>baberi</em></strong></span> <span class='ocrx_word' id='word_1_289' title='bbox 783 4281 952 4361; x_wconf 83' lang='lat' dir='ltr'><strong><em>cujusdam</em></strong></span> <span class='ocrx_word' id='word_1_290' title='bbox 975 4285 1081 4362; x_wconf 88' lang='lat' dir='ltr'><strong><em>graeci</em></strong></span> <span class='ocrx_word' id='word_1_291' title='bbox 1103 4283 1308 4363; x_wconf 79' lang='lat' dir='ltr'><strong><em>iuterpretls3</em></strong></span> <span class='ocrx_word' id='word_1_292' title='bbox 1338 4284 1395 4364; x_wconf 83' lang='lat' dir='ltr'><strong><em>qui</em></strong></span> <span class='ocrx_word' id='word_1_293' title='bbox 1414 4281 1525 4359; x_wconf 84' lang='lat' dir='ltr'><strong><em>aliqum</em></strong></span> 
     </span>
     <span class='ocr_line' id='line_1_34' title="bbox 431 4381 1525 4463; baseline -0.008 -17"><span class='ocrx_word' id='word_1_294' title='bbox 431 4381 579 4461; x_wconf 88' lang='lat' dir='ltr'><strong><em>Origeuis</em></strong></span> <span class='ocrx_word' id='word_1_295' title='bbox 594 4381 805 4444; x_wconf 88' lang='lat' dir='ltr'><strong><em>discussiones</em></strong></span> <span class='ocrx_word' id='word_1_296' title='bbox 826 4383 945 4461; x_wconf 82' lang='lat' dir='ltr'><strong><em>omisit3</em></strong></span> <span class='ocrx_word' id='word_1_297' title='bbox 963 4382 1057 4463; x_wconf 87' lang='lat' dir='ltr'><strong><em>plura</em></strong></span> <span class='ocrx_word' id='word_1_298' title='bbox 1074 4382 1221 4459; x_wconf 79' lang='lat' dir='ltr'><strong><em>adauxit,</em></strong></span> <span class='ocrx_word' id='word_1_299' title='bbox 1236 4382 1285 4446; x_wconf 84' lang='lat' dir='ltr'><strong><em>vel</em></strong></span> <span class='ocrx_word' id='word_1_300' title='bbox 1303 4381 1525 4463; x_wconf 80' lang='lat' dir='ltr'><strong><em>exposuitcou·</em></strong></span> 
     </span>
     <span class='ocr_line' id='line_1_35' title="bbox 435 4479 1524 4564; baseline -0.006 -17"><span class='ocrx_word' id='word_1_301' title='bbox 435 4485 535 4547; x_wconf 84' lang='lat' dir='ltr'><strong><em>traria</em></strong></span> <span class='ocrx_word' id='word_1_302' title='bbox 559 4481 711 4548; x_wconf 78' lang='lat' dir='ltr'><strong><em>ductoris</em></strong></span> <span class='ocrx_word' id='word_1_303' title='bbox 731 4482 969 4564; x_wconf 85' lang='lat' dir='ltr'><strong><em>intelligentiae.</em></strong></span> <span class='ocrx_word' id='word_1_304' title='bbox 993 4483 1214 4560; x_wconf 84' lang='lat' dir='ltr'><strong><em>Quamobrem</em></strong></span> <span class='ocrx_word' id='word_1_305' title='bbox 1229 4501 1292 4549; x_wconf 91' lang='lat' dir='ltr'><strong><em>uon</em></strong></span> <span class='ocrx_word' id='word_1_306' title='bbox 1313 4494 1360 4550; x_wconf 87' lang='lat' dir='ltr'><strong><em>cst</em></strong></span> <span class='ocrx_word' id='word_1_307' title='bbox 1381 4494 1414 4548; x_wconf 89' lang='lat' dir='ltr'><strong><em>at</em></strong></span> <span class='ocrx_word' id='word_1_308' title='bbox 1427 4479 1524 4545; x_wconf 79' lang='lat' dir='ltr'><strong><em>cstbo</em></strong></span> 
     </span>
    </p>
   </div>
   <div class='ocr_carea' id='block_1_18' title="bbox 0 0 1695 5567">
    <p class='ocr_par' dir='ltr' id='par_1_19' title="bbox 0 0 1695 5567">
     <span class='ocr_line' id='line_1_36' title="bbox 0 0 1695 5567; baseline 0 0"><span class='ocrx_word' id='word_1_309' title='bbox 0 0 1695 5567; x_wconf 95' lang='lat' dir='ltr'><strong><em> </em></strong></span> 
     </span>
    </p>
   </div>
  </div>
 </body>
</html>
