3375 5567
441 796 515 861 Cur
534 796 618 857 enim
649 810 713 857 uon
734 795 831 857 etiam
854 796 947 855 antea
969 788 1147 854 crucifixus
1168 795 1239 863 est,
1262 794 1299 852 ut
1322 786 1531 867 crucifigendos

445 904 494 959 est
515 895 650 960 denuo?
670 893 752 959 Vide
773 910 853 957 tero
875 911 915 954 an
936 910 998 955 noo
1021 897 1143 954 tantum
1165 898 1372 964 sanctorum,
1393 888 1444 968 qni
1471 897 1530 967 pmt

443 998 562 1063 Christi
589 998 763 1060 adrentum
779 996 887 1067 inere,
908 994 949 1058 sit
971 1011 1036 1056 vox
1055 991 1123 1055 ille:
1139 1009 1212 1054 cum
1236 988 1359 1054 Christo
1378 987 1530 1069 crucifixus

442 1116 524 1173 rum,
546 1098 601 1161 setl
622 1114 728 1179 aequa
748 1095 788 1159 ati
811 1096 937 1177 priores
957 1096 1053 1159 otiam
1076 1094 1247 1174 pertineat,
1264 1110 1303 1154 ne
1323 1091 1529 1154 dilierretlica·

440 1218 513 1263 mus
533 1210 673 1276 sanctos,
696 1199 753 1280 qui
775 1207 848 1279 post
869 1194 988 1276 Christi
1011 1195 1185 1258 adrentum
1210 1193 1326 1268 luere,
1349 1210 1365 1255 a
1388 1190 1490 1275 llopse
1508 1201 1533 1254 et

439 1302 607 1383 propbetie
629 1310 662 1366 et
683 1300 888 1381 patriarchis.
912 1318 929 1357 ιι

518 1402 589 1465 Cur
604 1403 654 1465 tel
664 1400 830 1482 quomodo
844 1400 917 1465 inde
932 1402 1031 1465 statui
1044 1400 1155 1481 possit,
1168 1395 1535 1464 serenissimorum

439 1503 544 1567 cuisse
573 1501 687 1568 lesum
709 1502 905 1583 quaudoque
937 1520 1109 1584 passurum
1130 1503 1249 1565 iterum
1273 1500 1372 1565 luisse
1400 1517 1455 1579 pro
1474 1497 1535 1559 iae·

439 1605 554 1669 moniis
573 1606 642 1667 site
657 1604 827 1685 quibusvis
848 1604 931 1679 aliis,
954 1622 1028 1667 cnm
1044 1622 1178 1685 prorsus
1200 1606 1366 1667 contrario
1388 1604 1429 1667 ibi
1443 1602 1534 1673 liutet,

437 1706 558 1769 nescio.
572 1703 747 1785 Nunquam
770 1706 853 1768 euim
870 1704 940 1767 lieri
957 1723 1050 1787 posse
1066 1706 1122 1781 ait,
1139 1713 1177 1768 nt
1191 1701 1340 1767 Christus
1356 1704 1458 1767 tleuuo
1473 1719 1534 1765 cru·

436 1809 465 1870 ci
486 1806 638 1888 abigatur
658 1808 889 1888 corporaliter3
911 1825 950 1870 uc
970 1807 1070 1888 poulo
1090 1818 1163 1868 onte
1185 1806 1258 1867 ideo
1280 1805 1466 1867 adversario
1484 1821 1534 1866 suo

434 1910 560 1986 institit,
584 1919 620 1972 ut
640 1908 751 1984 sciret,
761 1910 914 1972 bominem
929 1907 1037 1984 illum,
1048 1907 1106 1991 qui
1119 1907 1236 1987 tropice
1251 1906 1445 1987 iutrllipitur
1461 1902 1537 1969 ttri-

433 1992 703 2094 rtut,'ounquom
723 2020 891 2075 oraturum
918 2030 981 2073 esce
1001 2010 1037 2074 in
1064 2011 1217 2074 muudum
1236 2019 1308 2090 port
1334 2009 1388 2071 rut'
1407 2004 1537 2088 temporis

434 2110 585 2176 ttrtorias
596 2156 609 2188 ,
632 2130 728 2193 urpuc
747 2120 842 2176 otrico
863 2109 992 2174 eruisse.
1026 2110 1229 2193 Proindeque
1249 2113 1382 2189 subdit,
1405 2110 1536 2191 quamtis

434 2234 475 2278 ex
499 2214 603 2278 Paulo
625 2232 661 2278 ea
683 2215 878 2277 admittentia
908 2217 971 2277 sint
993 2216 1090 2277 verba
1113 2214 1152 2277 tic
1173 2234 1231 2277 ore
1253 2214 1375 2278 Christi
1406 2212 1534 2295 ejusdem

434 2316 575 2379 adserta:
598 2316 699 2378 draeo
719 2314 806 2377 debeo
826 2314 984 2396 crucifipi,
1007 2333 1070 2379 ooo
1093 2317 1149 2378 uisi
1173 2318 1306 2399 mystice
1327 2318 1424 2381 sicuti
1445 2324 1475 2378 et
1492 2332 1535 2376 ce·

435 2426 503 2479 tera
520 2415 718 2498 hujusmodi,
740 2417 894 2479 sumendo
911 2434 992 2496 esse;
1014 2434 1089 2479 cum
1106 2435 1220 2480 revera
1236 2425 1309 2481 unte
1322 2426 1357 2481 et
1372 2427 1443 2499 post
1456 2416 1535 2480 Chri·

433 2518 474 2579 sti
496 2516 671 2580 adrentum
694 2515 741 2580 ias
760 2517 802 2580 sit
822 2516 931 2581 dicero
953 2519 984 2579 iu
1007 2520 1161 2601 mysterio
1176 2518 1321 2598 cruciligi
1344 2516 1471 2596 lesum3
1487 2534 1536 2579 nec

435 2628 542 2682 tomen
563 2619 790 2700 corporaliter,
812 2636 914 2700 quum
936 2621 1035 2683 semol
1058 2624 1147 2685 cruci
1170 2622 1201 2683 io
1222 2637 1318 2684 corne
1340 2620 1486 2685 coniixut
1502 2619 1538 2680 sit

435 2719 594 2785 Christus.

433 2838 437 2843 ’
513 2820 636 2902 Urgent
656 2822 863 2886 nibilominus
887 2820 1024 2888 llnetius
1045 2826 1224 2905 ceterique,
1248 2832 1361 2889 contra
1384 2845 1442 2903 ea,
1463 2840 1536 2905 qnae

432 2926 606 2988 statuimus
621 2924 807 2988 dimicantes
828 2943 870 2987 ex
885 2925 998 2989 eodem
1014 2923 1254 2989 Commentario
1269 2926 1304 2990 in
1317 2924 1472 2991 Joonorm
1485 2921 1536 2985 To·

434 3046 488 3090 mo
515 3027 538 3089 l.
565 3044 596 3089 n.
617 3024 668 3096 34.
702 3033 797 3091 etex
819 3023 919 3090 Libro
942 3025 965 3088 l.
988 3025 1222 3109 in'Ept'stolom
1243 3031 1287 3092 od
1312 3026 1481 3093 llomorror.
1504 3024 1539 3088 Et

435 3129 541 3208 quoad
557 3130 698 3209 primum
712 3128 836 3192 scribit:
855 3150 871 3187 ι
887 3126 1043 3192 Servator
1055 3130 1303 3209 igitnrtlirinins
1316 3134 1435 3207 multo,
1451 3144 1538 3212 qnam

436 3226 571 3305 Paulus,
588 3228 693 3292 lactus
713 3236 762 3292 cst
776 3228 896 3305 omniu,
920 3235 955 3291 ut
970 3246 1079 3292 omues
1102 3231 1153 3293 tol
1166 3231 1393 3305 lucrifaceret,
1411 3233 1461 3294 rel
1476 3248 1538 3311 per·

432 3328 556 3393 licerett
579 3338 611 3393 ct
632 3329 798 3394 manifeste
819 3330 916 3392 bomo
939 3330 1133 3406 bominibus,
1149 3331 1269 3413 angelis
1291 3332 1427 3413 angelus
1443 3331 1537 3394 iactus

432 3438 493 3493 est.
517 3451 534 3488 o
557 3428 646 3494 llaec
666 3437 774 3494 autem
796 3431 1016 3510 explanantur
1044 3431 1218 3496 abeodem
1240 3432 1385 3515 Origene
1408 3431 1538 3497 llomilit

435 3529 523 3595 vttt.
545 3530 575 3596 8.
598 3532 634 3593 itt
656 3528 813 3607 Genesim,
838 3534 892 3595 nbi
914 3534 1002 3599 dicit:
1025 3556 1041 3593 ιι
1064 3533 1155 3599 Umle
1175 3545 1268 3615 puto,
1291 3536 1380 3617 quod
1403 3533 1539 3601 cicutin-

433 3642 483 3695 tcr
504 3650 560 3694 nos
588 3633 732 3695 homines
752 3632 864 3697 babitu
898 3644 1046 3713 ropertus
1066 3643 1115 3699 ost
1136 3645 1172 3701 ut
1194 3638 1312 3716 bomo,
1336 3640 1380 3700 ita
1411 3646 1443 3701 et
1464 3638 1540 3698 iuter

433 3733 564 3813 angelos
586 3733 697 3797 habitu
719 3743 868 3816 repertus
890 3748 937 3799 est
959 3748 994 3801 ut
1015 3739 1159 3820 angelus.
1183 3738 1225 3804 Et
1246 3741 1344 3821 ipsius
1373 3748 1538 3823 sequentes

433 3836 620 3914 exemplum
636 3838 739 3917 augeli
755 3838 786 3899 io
800 3841 893 3901 coelo
908 3840 1071 3903 laetantur
1085 3860 1185 3922 super
1202 3861 1267 3906 uuo
1283 3853 1456 3924 peccatore
1473 3860 1541 3922 poe·

433 3936 597 4001 nitentiam
618 3947 732 4019 agente
752 3947 786 4003 et
806 3941 846 4002 tle
868 3941 1067 4022 profectibus
1089 3944 1255 4006 bominum
1277 3944 1472 4023 gloriantur.
1494 3962 1509 3999 a

512 4035 635 4101 Verum
657 4039 696 4100 ati
718 4040 860 4104 alterum
882 4041 1074 4106 accedamus
1097 4044 1150 4107 nbi
1172 4042 1328 4124 Origenes
1351 4047 1458 4126 primo
1472 4062 1540 4107 con·

431 4147 581 4203 seutaooa
604 4142 701 4203 tradit
720 4151 753 4204 et
773 4144 926 4222 explicat.
951 4144 1003 4207 elit
1018 4146 1115 4221 euim,
1137 4154 1267 4227 sumpto
1282 4147 1424 4211 themate
1445 4167 1485 4211 ex
1501 4145 1539 4207 t-

431 4244 571 4320 postolo:
593 4242 746 4323 opporut‘t
765 4245 901 4324 capelle:
926 4268 941 4305 ιι
964 4246 995 4312 Si
1017 4264 1096 4327 ergo
1117 4266 1193 4312 cum
1207 4252 1360 4329 apperuit
1381 4250 1472 4311 uobis
1488 4248 1538 4308 bo·

432 4342 582 4417 minibus,
606 4362 669 4407 ooo
689 4346 758 4408 aine
780 4345 958 4428 Evangelio
979 4348 1142 4428 apparuit,
1165 4352 1392 4430 consequentia
1418 4351 1539 4415 vitietur

431 4443 622 4520 ostendero,
645 4445 732 4525 quoti
761 4449 857 4510 etiam
880 4450 1025 4529 angelico
1051 4451 1155 4512 ordini
1177 4468 1239 4513 non
1269 4452 1337 4515 sine
1368 4452 1538 4532 Evangelio

429 4546 632 4623 apparuerit,
648 4542 706 4610 illo
729 4547 876 4625 tortasse,
893 4549 981 4631 quod
1003 4560 1163 4613 oeternum
1180 4550 1389 4633 Eounprlinm
1410 4573 1428 4616 a
1445 4552 1535 4617 luan-
