3375 5567
444 793 684 873 expletionem,
705 794 884 876 perlectam
912 795 972 861 sibi
992 796 1061 877 ipso
1079 792 1322 863 similitudinem
1351 814 1532 863 oonsuumr·

444 902 507 957 ret.
538 892 600 957 Sed
621 897 766 975 apertius
786 896 868 961 hanc
888 903 921 961 et
944 896 1124 961 evidentius
1144 897 1187 961 ila
1217 914 1253 961 se
1274 896 1393 961 uslere
1411 896 1533 963 Josnusr

405 1012 409 1019 ’
444 994 621 1076 Apostolus
634 999 667 1060 in
682 996 825 1078 Epistola
838 995 870 1063 t.
885 1017 913 1061 c.
929 996 988 1062 ill.
1005 996 1191 1063 delinitione
1207 999 1302 1064 modo
1315 1002 1532 1081 pronunciasse

439 1095 536 1177 filioli
556 1098 698 1163 nnndnm
718 1098 835 1165 scimus
859 1098 939 1180 qnid
957 1098 1063 1181 (nturi
1083 1119 1214 1164 morus.-
1242 1100 1272 1165 sr'
1293 1120 1364 1164 cero
1384 1102 1535 1165 renslntsm

440 1199 529 1263 nodis
543 1199 642 1281 faerit
656 1202 694 1265 de
714 1198 894 1277 weston,
914 1198 982 1264 rinc
1002 1200 1096 1266 dudio
1115 1199 1237 1265 oloris:
1252 1201 1369 1265 similer
1383 1202 1412 1265 er'
1425 1200 1534 1265 mmor.

441 1300 505 1367 Per
525 1302 612 1382 qnod
634 1303 811 1367 certissime
832 1303 952 1367 indiosl
971 1312 1005 1367 et
1025 1302 1120 1367 linem
1141 1304 1305 1381 omnium,
1327 1322 1424 1385 quern
1443 1304 1536 1367 ndhnn

440 1404 501 1467 sini
522 1403 601 1469 dicit
614 1404 761 1485 ignotum
781 1411 815 1468 et
834 1404 1077 1469 similitudinem
1090 1402 1149 1469 Dei
1162 1399 1366 1487 sperandam,
1387 1423 1466 1486 quse
1483 1423 1535 1486 pro

441 1507 633 1569 meritorum
655 1504 853 1587 perfectione
872 1506 1100 1587 praestabitur.

521 1628 538 1667 s
555 1606 626 1686 lpse
646 1624 779 1688 quoqne
793 1605 950 1670 Dominus
966 1606 997 1669 in
1012 1604 1189 1687 Evangelio
1204 1606 1285 1671 haee
1305 1606 1417 1671 endem
1430 1622 1486 1669 nou
1496 1622 1539 1669 so·

440 1708 511 1773 lum
533 1707 658 1785 lntnrn,
682 1727 796 1773 verum
818 1710 915 1772 etiam
936 1708 987 1771 sui
1008 1708 1233 1772 intercessione
1253 1708 1365 1773 lutura
1389 1709 1536 1789 desipuit,

441 1811 519 1873 dnm
540 1810 608 1899 ipse
621 1811 684 1875 hoc
704 1828 722 1873 a
739 1809 836 1875 Patre
857 1810 1023 1890 discipulis
1043 1810 1111 1874 suis
1125 1810 1301 1891 impetrare
1321 1811 1484 1891 dignatur,
1500 1810 1539 1871 di-

439 1930 535 1975 censr
559 1909 656 1975 Pater
674 1911 745 1974 nolo
764 1920 802 1974 ret
821 1908 877 1975 udi
896 1928 951 1991 epo
971 1928 1041 1973 sum
1061 1918 1089 1973 sl
1108 1907 1166 1973 s’sli
1184 1908 1250 1973 sint
1268 1929 1409 1984 mecam
1422 1919 1449 1972 et
1468 1912 1539 1972 siret

438 2032 493 2093 epo
512 2022 541 2076 et
560 2021 595 2077 ln
609 2031 710 2076 noum
730 2031 854 2086 mmor,
874 2012 921 2075 ito
933 2020 962 2075 et
974 2008 1031 2074 isti
1050 2010 1086 2074 irr
1107 2009 1194 2074 nodis
1215 2031 1315 2075 snum
1335 2005 1413 2077 sirit.
1432 2012 1464 2076 ln
1483 2030 1540 2093 qun

309 2198 313 2205 t
437 2113 504 2195 jsm
527 2114 657 2179 ridetur
676 2116 743 2195 ipsa
764 2114 945 2178 similitudo
967 2112 1012 2183 tsi
1034 2112 1096 2175 dini
1113 2116 1235 2193 potest)
1259 2113 1419 2196 prolicere
1429 2136 1441 2195 3
1462 2121 1537 2177 etex

439 2214 535 2278 simili
558 2215 736 2296 unumjnm
759 2214 842 2291 fieri,
857 2233 917 2294 pro
932 2234 970 2279 eo
991 2216 1058 2279 sine
1079 2214 1178 2277 dnbio
1194 2216 1280 2294 quod
1304 2216 1334 2276 in
1349 2232 1537 2278 consumme·

439 2318 526 2379 lione
548 2317 597 2379 rel
620 2316 695 2393 line,
717 2320 824 2381 omnia
839 2326 872 2380 nl
887 2316 918 2379 in
939 2317 1089 2381 omnibns
1109 2314 1195 2379 Dens
1216 2326 1274 2381 est.
1301 2315 1335 2379 ln
1359 2336 1426 2398 qno
1448 2316 1541 2396 requi·

439 2418 563 2480 ritune
585 2417 768 2493 nonnullis,
790 2417 816 2481 si
846 2420 929 2482 ratio
951 2426 1089 2480 naturae
1120 2436 1298 2497 corporeos
1319 2419 1468 2498 quamvis
1490 2438 1537 2480 ox·

438 2526 596 2599 purgetne
609 2518 651 2582 sd
664 2517 825 2597 liquidum
847 2527 880 2583 nt
894 2520 1020 2600 penitus
1034 2519 1187 2599 spiritalis
1201 2518 1349 2593 effectos,
1365 2537 1429 2581 non
1445 2519 1538 2581 sides·

438 2628 495 2681 tur
513 2618 670 2683 obsistere
692 2619 744 2681 sel
772 2619 811 2683 sd
833 2618 1051 2683 similitudinis
1077 2619 1262 2700 dignitatem
1286 2618 1336 2682 vel
1359 2620 1402 2682 sd
1424 2618 1541 2683 natulis

438 2721 691 2801 proprietatem:
706 2720 795 2801 qnod
816 2728 952 2785 nntnrse
967 2720 1207 2800 divinaequae
1229 2721 1343 2801 utique
1357 2724 1537 2801 incorpores

435 2827 495 2898 cst,
518 2839 577 2885 nen
595 2823 708 2887 similis
731 2822 880 2886 rideatur
901 2822 962 2885 dici
978 2840 1136 2902 corporea
1157 2830 1274 2887 nrtnrn
1297 2841 1412 2907 posse;
1434 2844 1489 2889 nec
1508 2842 1538 2885 n·

436 2938 514 2985 num
527 2942 602 2987 cum
618 2941 656 2986 nn
672 2942 749 2987 rere
768 2920 807 2986 ac
821 2924 938 2987 merito
954 2924 1127 3004 designari,
1142 2924 1281 2987 maxime
1302 2942 1379 2989 num
1402 2926 1446 3002 id,
1458 2924 1535 3007 quod

438 3042 539 3087 nuum
554 3034 602 3088 est
618 3022 721 3089 Filius
733 3044 810 3090 cnm
832 3024 945 3101 Patre,
962 3025 1001 3087 ad
1023 3033 1160 3089 naturae
1176 3025 1384 3090 referendum
1408 3028 1540 3110 proprie·

438 3134 534 3188 tatem
556 3124 631 3189 iidei
653 3128 772 3191 veritas
792 3125 917 3189 docent.
941 3146 958 3183 s

515 3222 636 3290 Ceruas
650 3227 750 3306 igitur
768 3244 865 3307 quam
882 3228 946 3290 late
965 3226 1081 3290 distent
1094 3226 1134 3288 nd
1150 3228 1286 3291 invicem
1308 3228 1376 3292 dno
1392 3232 1539 3309 interpre-

439 3336 497 3401 tes,
520 3336 553 3389 et
573 3327 654 3391 adeo
675 3328 751 3391 rnilri
773 3329 892 3391 distare
917 3328 1090 3404 sidentur,
1114 3336 1151 3391 nt
1171 3346 1255 3392 unns
1280 3350 1320 3393 ex
1343 3330 1456 3395 codiee
1475 3329 1539 3392 Ori·

438 3428 527 3506 genis
546 3431 712 3509 exceperit
733 3439 767 3494 et
787 3431 990 3509 prohnverit,
1013 3429 1101 3508 quod
1122 3428 1207 3493 niter
1227 3432 1430 3495 contrarium
1451 3448 1541 3510 expo·

435 3530 512 3593 snit.
535 3527 746 3615 Hieronymo,
769 3532 953 3595 summulirn
976 3532 1075 3609 ipsios
1099 3531 1203 3593 serbis
1222 3536 1372 3611 sumptis,
1397 3533 1482 3596 risus
1500 3538 1542 3593 est

437 3630 481 3693 ini
503 3633 630 3695 mentiri
643 3631 801 3711 Origenes
821 3636 998 3712 corporeae
1014 3633 1257 3708 resurrectioni,
1280 3636 1373 3713 quasi
1389 3634 1415 3696 is
1428 3653 1469 3697 ex
1486 3636 1540 3695 sila

438 3730 517 3808 Dei,
539 3733 660 3811 qnippe
680 3733 893 3812 incorporeus
913 3741 963 3795 est
983 3730 1085 3807 Deus,
1108 3732 1204 3795 etiam
1226 3751 1283 3796 nos
1304 3734 1479 3813 aliqnando
1497 3748 1542 3795 ar·

435 3836 555 3913 suisset
571 3834 700 3897 lutnros
720 3838 942 3915 incorporeos,
957 3851 1028 3895 enm
1051 3830 1134 3895 Dens
1147 3832 1247 3912 saeris
1266 3833 1373 3898 omnio
1393 3836 1430 3898 r'a
1449 3832 1541 3896 omni·

436 3936 514 3998 ios:
537 3957 553 3993 a
575 3933 643 3998 Nec
663 3935 798 3997 dubium
813 3943 876 4009 est,
896 3934 974 4014 quin
994 3934 1019 3996 si
1041 3936 1147 3996 omnis
1169 3950 1308 4015 corpora
1329 3936 1371 4001 ¹sd
1393 3936 1541 4001 mnndum

434 4039 533 4101 istum
552 4037 734 4099 sensibilem
757 4036 958 4117 pertineant,
988 4051 1073 4113 qnae
1093 4033 1302 4114 appellantur
1329 4036 1370 4097 ab
1393 4036 1541 4118 Apostolo

438 4140 586 4212 risibilis,
610 4139 723 4202 intnrn
744 4139 786 4200 sit
809 4140 872 4200 sits
895 4137 1148 4216 incorporalium
1164 4138 1389 4218 incorporalis.
1408 4160 1425 4195 e
1443 4138 1482 4203 El
1500 4139 1540 4201 sic

436 4239 552 4303 deinde
572 4239 750 4314 concludit,
771 4256 847 4302 cnm
869 4256 926 4301 nos
948 4237 1052 4301 intnri
1074 4238 1195 4301 erimus
1217 4256 1291 4301 eum
1312 4237 1392 4316 Deo,
1407 4256 1541 4304 neeessa-

437 4343 487 4405 rio
499 4345 568 4405 sinc
581 4359 721 4421 corpore
740 4359 850 4403 secum
872 4344 942 4419 ipso
958 4340 1047 4419 iore;
1069 4341 1164 4403 aliter
1178 4340 1349 4405 dicendum
1367 4352 1427 4417 ost,
1446 4342 1540 4404 Deum

436 4445 574 4506 hominis
594 4446 714 4518 instar,
736 4461 875 4523 corporo
896 4443 1008 4506 iestiri
1028 4452 1061 4505 et
1081 4443 1242 4505 cerninus.
1267 4441 1354 4507 Etsi
1376 4445 1437 4506 ison
1459 4444 1539 4505 nolas

434 4544 593 4607 diceredn
605 4542 693 4625 0003
707 4546 777 4607 sine
789 4562 929 4624 corporo
943 4564 1001 4607 nos
1016 4544 1144 4607 iuturus
1155 4544 1362 4608 asserendum
1374 4554 1433 4608 esl.
1452 4542 1539 4621 Quod

435 4646 518 4712 absit
537 4646 733 4728 quandoque
753 4646 886 4719 dixisse,
905 4664 963 4710 scu
984 4647 1183 4729 excogitasse
1202 4644 1386 4727 Origennm.
