3375 5567
163 797 327 862 vitatenus
352 800 456 864 omnis
477 800 595 864 oeulos
622 799 807 881 aequaliter
826 798 867 863 de
896 799 971 865 lues
992 795 1173 880 participat
1206 795 1249 860 Et

162 916 275 962 rnrrnr:
295 901 398 963 omnis
418 901 550 966 auditus
574 919 687 966 runem
710 902 762 966 rel
783 918 900 964 sonum
925 899 1051 981 recipit,
1073 908 1106 961 et
1127 898 1199 962 ideo
1213 914 1248 962 o·

160 1002 223 1062 unis
240 1000 365 1064 auditus
386 1004 483 1066 unius
513 1013 649 1068 naturas
669 1011 729 1066 est.
762 1000 885 1067 Verum
908 1017 967 1081 pro
988 999 1146 1081 qualitate
1172 1001 1248 1081 puri

158 1101 301 1164 etsiueeri
329 1102 460 1166 auditus
480 1106 706 1185 nuusqmsqne
736 1104 882 1168 relnnins
903 1103 1005 1177 audit,
1030 1103 1082 1166 rel
1109 1101 1245 1166 tardius.

157 1196 347 1264 lrarssamus
366 1220 445 1281 ergo
459 1203 500 1267 ab
522 1207 571 1268 bis
589 1204 793 1268 sensibilibus
807 1204 965 1282 exemplis
986 1203 1026 1264 ad
1046 1202 1249 1266 intellectua-

155 1299 219 1362 lium
246 1303 557 1384 eoutemplaliuneur.
579 1304 692 1370 Omnis
721 1325 834 1379 mens,
858 1303 1006 1384 quaeda
1036 1303 1248 1368 intellectuali

156 1400 214 1462 lues
231 1403 413 1483 participat,
433 1424 508 1468 oum
534 1408 620 1469 omni
643 1415 763 1481 mente,
793 1423 879 1486 quae
899 1405 995 1468 simili
1018 1404 1113 1466 modu
1140 1404 1180 1466 de
1201 1403 1247 1466 iu·

156 1501 311 1565 tellestnali
334 1505 408 1570 lnce
422 1508 605 1587 participat,
629 1509 725 1571 nnius
745 1511 814 1572 slus
835 1506 935 1568 dubio
956 1505 1053 1570 debet
1071 1523 1140 1569 esse
1155 1513 1258 1568 uatu-

154 1621 206 1665 rae.
225 1625 240 1662 r
260 1605 362 1682 llaec,
394 1608 539 1687 iuquam,
561 1611 714 1688 arguitur
741 1607 903 1684 bellinus,
926 1607 1013 1688 quud
1046 1607 1249 1671 transtulerit

153 1704 339 1786 aliterquam
355 1710 518 1788 ingrasno
532 1710 681 1790 origenis
701 1711 833 1790 aloquin
855 1710 1060 1789 legebautnr;
1076 1717 1108 1772 et
1128 1709 1173 1772 sic
1190 1708 1248 1770 lal-

152 1821 178 1866 sa
195 1805 341 1871 Auctoris
359 1810 394 1868 iu
416 1827 492 1872 rara
513 1810 700 1874 demutarit.

218 1905 446 1973 Verumtamen
468 1911 573 1989 primo
604 1912 679 1973 loeo
701 1911 867 1974 fatendum
887 1920 954 1986 eal,
986 1909 1171 1991 huiusmodi
1195 1925 1249 1970 ra·

152 2007 278 2070 dentem
292 2013 460 2074 contraire
480 2011 699 2084 obtestationi,
715 2029 814 2091 quam
836 2011 1003 2091 praemisit
1017 2011 1085 2092 ipse
1100 2005 1248 2072 {lubinus

153 2106 329 2188 inl’rnlogo
351 2112 506 2192 versionis
529 2109 616 2173 Libri
644 2110 700 2174 ΙΙΙ.
723 2114 892 2192 inquieusz
915 2133 931 2170 s
953 2111 1173 2174 Decreatnris
1197 2128 1248 2172 re·

93 2228 94 2239 ¹
153 2224 182 2268 ro
193 2211 433 2275 rationabilibus
445 2212 551 2292 siquid
567 2214 642 2276 nuri
658 2213 778 2277 dixisse
793 2215 880 2277 risus
896 2222 945 2276 ast
959 2211 1155 2293 (Origenes)
1171 2211 1246 2290 qnia

153 2325 203 2370 neu
220 2311 250 2372 in
263 2314 328 2376 boc
344 2318 393 2374 est
412 2329 539 2376 summa
555 2314 642 2388 lidei,
658 2315 810 2376 scientiae
825 2315 926 2391 gratia
946 2325 978 2375 et
995 2312 1153 2383 exercitii,
1172 2330 1245 2374 cunr

151 2407 219 2474 iorte
235 2398 329 2477 uobis
343 2413 518 2476 adversum
539 2416 713 2478 nonnullas
732 2411 882 2476 baerese's
900 2417 954 2476 tali
976 2415 1088 2476 ordine
1106 2429 1250 2475 inacessa-

150 2511 189 2571 rio
207 2513 463 2594 respondendnm
484 2523 550 2590 est,
572 2533 677 2596 neque
699 2517 730 2577 in
751 2517 800 2580 bia
820 2516 952 2592 libellis,
975 2533 1081 2596 neque
1101 2514 1134 2576 in
1153 2531 1249 2593 supe·

151 2608 272 2676 rioribus
292 2613 511 2692 praetermisi,
526 2613 586 2675 nisi
606 2615 699 2693 siqua
721 2615 808 2678 inrte
818 2615 888 2694 jam
910 2617 940 2678 in
962 2613 1187 2694 superioribus
1202 2613 1249 2676 di·

150 2716 188 2770 sta
206 2722 353 2792 repetere
383 2714 480 2777 etium
502 2713 533 2776 iu
567 2715 615 2777 bis
636 2717 869 2795 posterioribus
900 2715 1022 2780 voluit:
1054 2723 1088 2778 et
1109 2715 1250 2778 brosita-

151 2810 180 2872 tia
196 2815 293 2891 gratia
322 2815 435 2893 aliqua
458 2833 500 2876 ex
521 2817 571 2878 bis
592 2835 741 2880 resecare
761 2817 969 2880 commodum
1000 2817 1092 2880 duxi.
1116 2835 1133 2873 a
1156 2814 1248 2878 ldeo·

149 2927 201 2987 rne
217 2917 247 2976 ui
267 2915 427 2980 mandacii
449 2928 609 2994 arguatur
632 2914 791 2991 Rnlbuus,
810 2917 982 2982 dicendum
1003 2925 1063 2990 est,
1085 2916 1249 2990 eumdem,

151 3011 193 3072 ubi
211 3015 423 3079 Adamantius
444 3017 484 3078 de
507 3019 720 3081 rationalibus
740 3019 805 3096 egil
826 3019 1000 3091 creaturis,
1023 3015 1103 3078 nibil
1123 3015 1165 3077 ab
1186 3015 1251 3078 nri-

148 3113 227 3189 ginali
246 3118 431 3181 demutasse
438 3139 449 3195 ;
473 3119 673 3198 proindeque
696 3121 726 3181 in
747 3137 806 3182 sna
824 3121 984 3189 versione,
1006 3118 1075 3180 sire
1098 3133 1188 3189 reru,
1208 3117 1251 3179 sl·

150 3229 180 3273 rs
196 3214 284 3290 ialsa,
306 3217 377 3279 sire
392 3217 489 3279 dubia
511 3219 676 3298 scripserit
696 3216 867 3297 Origenes,
884 3219 916 3278 iu
938 3217 986 3279 bis
1007 3218 1055 3280 nti
1077 3214 1178 3278 tidelis
1195 3215 1251 3276 ba·

150 3310 256 3379 bendus
275 3328 326 3380 est
342 3319 501 3398 interpres
511 3338 523 3397 ς
547 3336 605 3381 uec
619 3318 742 3398 aliquid
760 3320 864 3398 ipsum
880 3317 1097 3381 dissimulasse
1119 3317 1151 3378 iu
1164 3322 1250 3379 tran·

148 3411 266 3480 slations
279 3435 429 3480 asserere
442 3419 529 3482 lieet.
742 3497 746 3502 .

212 3514 422 3598 Quapropter
438 3521 464 3583 si
485 3523 608 3584 sincera
627 3522 726 3602 (qnod
739 3521 877 3601 quaero)
901 3520 1043 3586 babeudu
1068 3513 1118 3582 sit'
1131 3525 1163 3583 et
1179 3537 1254 3600 prn-

148 3628 180 3688 νο
195 3617 385 3695 originalem
401 3619 585 3684 adamantii
607 3632 732 3684 textum
751 3622 855 3684 versio
871 3620 1002 3697 fluunt,
1024 3621 1118 3684 siculi
1142 3639 1247 3700 neque

149 3717 375 3791 reprobandum
389 3723 442 3792 sit,
459 3721 547 3799 quod
565 3720 692 3784 Auctor
711 3721 818 3795 docel,
835 3730 913 3784 tune
934 3731 1086 3800 tunquam
1106 3719 1252 3800 spuriam

149 3806 324 3900 Hieronymi
349 3819 606 3892 translationem,
622 3837 661 3880 ae
684 3836 747 3880 uua
769 3820 812 3880 ibi
834 3819 981 3881 talantum
996 3819 1144 3899 Origeuis
1167 3835 1253 3882 meu·

149 3917 200 3974 lem
217 3919 425 3982 statuendum
447 3928 506 3982 est.
523 3918 564 3983 Et
584 3923 628 3983 ita
651 3939 776 4000 reapse:
793 3919 950 4000 Origenes
965 3921 1047 3984 euim
1065 3930 1101 3982 nt
1117 3919 1249 3997 legistis,

148 4020 296 4094 lmpnstm
319 4019 529 4084 similitudine
550 4021 656 4096 lunis,
681 4023 734 4085 cni
755 4039 866 4085 omues
888 4018 1175 4102 participanl'plus
1200 4017 1250 4080 rel

149 4113 239 4179 ninus
258 4119 349 4181 nauli
368 4118 463 4199 juxta
486 4121 643 4201 maiorem
667 4121 717 4183 rel
740 4123 898 4184 minorem
922 4119 1112 4184 eorumdem
1135 4119 1251 4181 tensio·

148 4227 219 4289 um,
241 4220 357 4282 transit
377 4237 394 4281 a
415 4222 620 4285 sensibilibus
639 4221 680 4284 ad
702 4220 950 4292 intellectualia,
973 4219 1142 4282 osteudens
1164 4235 1252 4280 men·

150 4318 327 4395 insomnes,
348 4339 406 4384 seu
428 4325 460 4382 in
480 4324 593 4386 ordine
613 4323 788 4402 spirituum
810 4323 1001 4386 coelestium
1022 4323 1091 4383 sire
1113 4323 1144 4384 in
1164 4320 1252 4381 ordi·

148 4428 181 4474 ne
196 4421 378 4488 animarum
400 4424 579 4498 bominum,
599 4425 873 4488 communicantes
896 4423 1018 4503 pariter
1039 4422 1104 4485 lnei
1128 4420 1251 4485 intelle-

148 4518 234 4582 strati
247 4521 377 4586 divinae
397 4532 548 4599 naturas,
572 4525 667 4589 unius
681 4524 799 4588 debers
819 4542 889 4589 esse
910 4523 1129 4602 substantiae,
1151 4530 1184 4586 et
1205 4522 1248 4583 ita
