3375 5567
171 767 376 836 Alexandrinus
389 771 424 834 in
438 767 585 851 Epistula
603 765 750 832 Paschali
772 782 848 829 enm
864 767 993 846 petiuit,
1015 765 1124 832 diceus
1139 764 1253 848 Orige-

169 889 233 947 rea,
250 869 438 936 honorabiles
458 871 678 936 contemnerer
697 865 839 948 nuptias:
861 866 902 930 tle
921 887 990 949 qao
1010 868 1108 933 inira.

226 971 370 1036 Praelatio
394 971 499 1036 simile
520 971 775 1050 interpolationis
804 987 905 1050 genus
932 968 1017 1050 apud
1043 970 1252 1055 lacrymum

167 1073 486 1152 pmeeumatlstrnitur
498 1091 540 1136 cx
562 1072 612 1145 iis,
627 1087 713 1150 quae
733 1070 891 1150 leguntur
906 1071 938 1132 in
959 1067 1062 1134 Temo
1077 1068 1152 1134 Xll.
1175 1067 1249 1136 ub.

166 1172 239 1236 abab
256 1171 400 1252 Origenis
420 1173 562 1254 opinioni
594 1173 757 1237 contraria
779 1171 857 1236 alibi
881 1172 1045 1236 discussae
1064 1180 1098 1236 et
1121 1172 1252 1252 qntteu

167 1276 361 1354 inproareaeu
392 1273 538 1355 ejusaem
560 1273 789 1338 commentarii
812 1273 843 1336 in
865 1270 1061 1337 mettano
1081 1291 1109 1337 c.
1130 1269 1250 1336 xxvt.

167 1375 192 1438 lr
207 1376 300 1440 citatis
320 1393 462 1456 namque
484 1371 586 1439 Tomo
607 1371 679 1436 titt.
701 1393 745 1438 ex
765 1371 972 1454 Evangeliata
996 1372 1103 1436 serbis
1132 1368 1254 1434 relictio

165 1473 330 1550 illia,abiit,
347 1476 390 1539 tle
410 1475 552 1556 gentium
577 1475 742 1540 sumbone
763 1473 935 1553 loquitur,
956 1471 1131 1537 illasliaab
1152 1489 1254 1536 mare·

166 1577 219 1640 trici
231 1577 415 1642 assimilans:
431 1575 553 1652 «Quae
567 1573 682 1652 losue,
696 1575 813 1657 iuquit,
829 1574 1052 1655 speculatores
1066 1580 1270 1653 exceperat,

164 1695 220 1740 cau
230 1679 374 1742 universa
392 1677 515 1742 familia
529 1683 657 1741 serrata
671 1685 731 1750 eat,
747 1695 810 1741 non
825 1676 966 1758 amplius
981 1681 1149 1756 practerea
1164 1691 1255 1738 acor·

165 1787 227 1858 tanc
239 1778 290 1842 eetl
311 1778 352 1842 ad
369 1778 467 1858 pedes
479 1776 561 1843 lesu
573 1778 744 1854 accedens,
757 1787 791 1843 et
804 1796 860 1842 eos
874 1778 1028 1863 lacrymis
1041 1775 1255 1856 poenitentiae

164 1881 298 1959 immet
308 1885 443 1943 saneim
460 1882 544 1942 ritae
558 1887 799 1958 emunctorum
811 1877 988 1958 fragrantia
1001 1878 1167 1954 inungens:
1180 1893 1255 1956 pro·

163 1987 217 2060 pter
235 1999 328 2061 qum
343 1977 468 2046 Simoni
488 1979 630 2059 leproso,
647 1981 749 2060 priori
771 1998 886 2061 nempe
898 1979 1024 2060 populo
1044 1994 1121 2042 cam
1134 1993 1256 2056 expro-

165 2081 342 2146 namecca
365 2081 466 2155 dixit,
493 2096 579 2161 qnae
598 2081 718 2160 scripta
749 2089 835 2146 sunt.
859 2099 876 2138 a

223 2180 321 2246 Nemo
334 2184 478 2262 ignorat,
490 2181 552 2246 boe
564 2182 596 2244 in
607 2181 681 2245 loeo
693 2181 751 2247 ubi
762 2181 969 2246 desideratur
984 2187 1078 2244 vetuo
1091 2178 1255 2259 interpre-

163 2285 222 2346 utio
239 2285 350 2359 latina,
374 2282 550 2362 origenem
566 2281 765 2346 contundere
788 2280 928 2346 Mariam
944 2281 1159 2362 peccatricem
1179 2296 1254 2342 cnm

162 2381 244 2449 laria
253 2403 369 2448 sorore
380 2381 510 2458 Lorari,
522 2391 555 2446 et
568 2381 729 2448 Simonem
740 2384 950 2465 pharisaeum
964 2399 1040 2446 cum
1056 2378 1185 2446 Simone
1197 2377 1256 2444 bc-

161 2503 246 2564 proao.
258 2484 340 2551 Cam
356 2485 487 2548 interim
509 2485 540 2548 iu
556 2485 616 2550 bac
636 2487 826 2564 quaetione
841 2485 943 2549 nolim
956 2483 1026 2548 tleri
1038 2482 1157 2564 index,
1174 2497 1255 2562 qua·

160 2583 233 2650 leret
245 2595 325 2668 quot
344 2587 411 2650 sint
426 2585 592 2663 mulieres,
611 2604 695 2667 quac
710 2587 740 2649 iu
758 2585 943 2667 Evangeliis
962 2585 1025 2650 sub
1039 2584 1169 2647 nomine
1187 2580 1256 2647 ble-

160 2685 211 2751 riae
220 2690 360 2766 ueniunt,
374 2705 415 2752 au
427 2705 505 2764 uua,
517 2688 567 2752 vel
579 2688 676 2765 duae,
688 2707 747 2752 seu
760 2696 825 2752 trec
834 2696 1048 2770 autquatnor
1060 2686 1254 2763 habeantur;

159 2789 218 2852 alia
236 2789 310 2854 milri
332 2787 507 2854 estendere
526 2789 589 2864 sit,
613 2789 842 2859 Adamantinm
865 2790 897 2852 iu
918 2787 1178 2863 Commentariis,
1204 2803 1257 2850 ee·

160 2891 280 2970 meque
292 2890 402 2964 libris,
424 2905 590 2969 nunquam
607 2909 703 2956 unum
725 2898 758 2954 ct
772 2890 919 2954 eamdem
937 2889 1103 2954 admisisse
1117 2886 1255 2952 Mariam

159 2991 368 3068 peccatricem,
391 2996 490 3070 atqua
510 2991 661 3066 alteram,
684 3011 769 3074 quae
790 3000 865 3056 ante
884 3009 946 3056 nex
964 2991 1033 3054 dieo
1053 2989 1197 3054 Paschae
1223 2989 1256 3051 iu

158 3087 237 3152 lamo
254 3090 395 3156 Simonis
416 3087 549 3170 Leprosi
570 3091 685 3156 etlndit
707 3101 908 3174 unguentum
928 3109 1030 3172 anper
1049 3097 1148 3171 capnt
1162 3088 1255 3155 lecu.

159 3185 326 3264 Quinimmo
341 3207 456 3268 unam,
472 3189 681 3257 diatiuctionir
702 3211 793 3274 ergo,
810 3196 1024 3275 peccatricem
1046 3199 1155 3267 vocat,
1167 3192 1258 3272 ptem

157 3287 284 3356 alteram.
303 3289 451 3354 Romilia
474 3287 500 3354 1.
524 3310 554 3355 u.
574 3290 605 3358 b.
629 3293 660 3355 in
683 3292 853 3358 Canticum
869 3292 1079 3357 Canticornm
1094 3310 1138 3354 cx
1150 3290 1255 3356 bietine

157 3387 236 3454 darn
254 3393 389 3473 efferum
416 3409 527 3456 nomm
553 3401 658 3470 tuum,
680 3395 812 3459 scribit:
831 3392 901 3458 ula
922 3392 1102 3475 Evangelio
1125 3411 1259 3474 qunque

159 3490 256 3556 nnlier
274 3493 439 3573 accipiam
468 3493 669 3559 alabastrum
691 3496 846 3575 unguenti
879 3495 970 3558 nardi
993 3495 1097 3576 pistici
1126 3494 1257 3576 pretiosi

159 3602 239 3672 capnt
255 3594 337 3660 lesu
365 3581 528 3676 pedesque
550 3595 875 3676 portentuosiores
897 3597 1090 3678 diligenter,
1112 3596 1258 3678 quande

159 3687 263 3758 tutu
282 3712 388 3776 anper
407 3701 507 3775 caput
527 3694 678 3760 effuderit
699 3693 891 3760 saltatoria:
906 3695 1068 3777 siquidem
1091 3695 1258 3776 peccatrix

159 3806 238 3870 tuper
256 3795 367 3877 pedes,
390 3803 423 3860 et
443 3813 494 3870 ea,
516 3813 602 3877 quae
621 3795 742 3860 dicitur
762 3813 826 3860 unu
842 3797 940 3862 tauro
961 3796 1139 3877 peccatrix,
1154 3815 1255 3877 snper

160 3901 240 3972 eaput
257 3897 330 3976 ejus
353 3896 475 3961 ludisne
496 3905 715 3963 monstratur.
731 3943 739 3960 .
754 3943 784 3962 ..
801 3898 913 3979 Siquid
936 3899 1103 3978 peccatrix
1125 3899 1251 3974 babuit,

158 3990 187 4052 ti
204 3995 294 4074 pabea
316 3996 525 4062 relerentlntn
548 4008 597 4062 est
605 4017 618 4076 ;
632 4004 665 4062 ct
685 3999 790 4079 siquid
812 4018 864 4076 ea,
886 4018 971 4081 qnae
992 4018 1055 4063 nou
1071 4000 1251 4078 peccatrix,

160 4093 313 4178 ttcapct.
338 4119 354 4155 a
378 4096 459 4162 ltem
487 4097 628 4163 Romilia
652 4099 693 4162 ll.
715 4100 755 4164 2:
779 4123 796 4162 u
821 4101 983 4182 Loquitur
1013 4100 1249 4182 Evangeltum,

157 4196 215 4271 tait
236 4204 322 4264 rcuit
343 4200 464 4290 mulier
485 4201 605 4264 hebens
625 4201 824 4267 alabastrum
847 4205 1003 4284 unguenti
1034 4201 1126 4266 nardi
1148 4202 1250 4282 pistici

159 4297 282 4374 munet,
304 4317 369 4364 non
391 4301 446 4362 illa
468 4301 655 4380 peccatrix,
677 4300 733 4364 aad
754 4308 889 4380 ennete,
912 4303 951 4365 tle
971 4320 1038 4384 qua
1060 4320 1145 4365 nnuc
1172 4301 1250 4364 mitti

160 4409 249 4462 termo
257 4412 319 4466 est.
335 4401 412 4466 Scin
426 4402 545 4484 quippe
559 4401 680 4468 Lucam
693 4403 734 4468 bc
745 4404 938 4484 peccatrice,
955 4402 1156 4468 blattttaenm
1173 4421 1251 4466 sero

160 4502 186 4560 tt
199 4495 349 4568 loannem
370 4511 404 4568 et
426 4499 575 4570 Marcum
596 4522 660 4570 uon
675 4505 715 4568 tle
737 4506 916 4586 peceatrice
930 4505 987 4568 illa
1008 4505 1128 4570 dixisse
1148 4513 1210 4568 etc.
1231 4524 1249 4562 e
