3375 5567
160 780 249 847 ibristi
267 780 447 862 divinitate,
469 784 511 849 de
533 783 772 859 incarnatione,
793 782 835 848 de
855 779 1102 863 scripturorum
1122 799 1233 863 sensu,

159 882 438 960 bdeomectiono,
453 884 495 949 de
516 884 629 950 Poenis
650 892 873 967 peccatorum,
895 883 936 947 tie
950 882 1079 960 Anime,
1092 891 1155 947 etc.
1177 884 1238 953 Co·

161 997 240 1051 terum
264 987 347 1068 quod
367 995 510 1051 nostram
540 988 761 1069 quaestionem
784 987 904 1067 tangit,
935 984 976 1049 de
1001 984 1238 1067 suppliciorum

159 1090 279 1151 simirom
296 1090 499 1163 reternitste,
520 1091 613 1170 quasi
636 1090 668 1152 iu
688 1088 751 1153 boc
767 1088 935 1152 doctriose
956 1085 1242 1152 eetboiicaeresti·

160 1192 221 1264 terit,
240 1189 405 1254 terminum
427 1193 537 1272 poenis
557 1191 644 1272 opud
668 1189 790 1253 interm
811 1205 944 1268 ponens,
967 1204 1027 1267 per
1045 1204 1134 1262 erm,
1155 1204 1240 1267 quae

158 1291 250 1355 ticitor
261 1289 480 1373 poscaenia
498 1309 557 1355 seu
577 1286 772 1373 repensrntio
785 1287 1002 1368 reproborum
1020 1295 1093 1369 post
1112 1285 1241 1353 diutur-

158 1410 214 1454 mm
231 1400 352 1473 tempus
382 1393 459 1473 ipsis
478 1403 718 1473 superventuro
741 1390 853 1470 (unde
877 1389 1046 1469 aequiores
1067 1390 1138 1452 sevi
1161 1387 1242 1451 seri·

157 1503 238 1573 ptores
255 1495 360 1559 adbuc
383 1512 487 1575 usqne
506 1494 619 1560 odemi
639 1503 716 1559 sunt
740 1494 781 1555 de
799 1490 963 1573 Origene)
984 1490 1065 1554 nibil
1094 1488 1237 1554 soimsd·

158 1596 230 1657 restit
248 1593 445 1677 Pamphilus,
468 1614 574 1677 neque
594 1615 637 1659 ea
656 1614 706 1669 se,
726 1611 833 1675 oeque
854 1592 1065 1668 castiorem,
1088 1593 1146 1672 qni
1159 1599 1236 1655 tnnc

156 1698 459 1774 eisdtersabsntnr,
490 1699 699 1762 suctoritste.
721 1694 819 1772 Quod
840 1694 989 1777 proiecto
1010 1693 1151 1771 indicat,
1178 1710 1239 1757 uec

157 1794 332 1879 Pamphilum
355 1800 387 1862 in
407 1800 513 1864 citetis
532 1800 735 1881 potissimum
764 1796 869 1861 Libris
891 1794 936 1859 Da
956 1792 1155 1876 Principiis,
1178 1812 1237 1859 nee

155 1907 253 1963 ceteros
270 1902 310 1963 sd
331 1904 496 1982 octoginta
519 1901 588 1964 iere
608 1918 731 1977 sonos,
754 1898 941 1980 huiusmodi
963 1897 1165 1979 perspexisse
1185 1914 1236 1960 er·

157 2016 239 2064 rorem
253 2004 283 2065 in
304 2004 342 2065 iia
356 2003 530 2083 pericopis,
552 2020 634 2083 ques
658 2018 765 2083 nuper
785 1997 880 2063 dttut:
896 2006 996 2079 stquc
1016 2016 1059 2061 ex
1080 2002 1237 2061 contextu

155 2104 317 2183 etamplius
337 2123 382 2168 ex
401 2104 547 2184 eiusdem
567 2103 718 2184 (trigenis
738 2101 972 2166 contestatione
993 2098 1119 2163 drmsti
1140 2098 1185 2162 its
1205 2116 1242 2163 ss

156 2200 250 2267 tabere
256 2222 375 2269 eorum
387 2206 563 2269 verborum
571 2222 716 2280 mosum,
726 2203 836 2281 stiter,
846 2202 993 2283 inquom,
1004 2202 1133 2281 penitus
1146 2216 1246 2281 quam

156 2302 275 2368 tcttsmt
294 2308 527 2387 excogitarunt
546 2308 751 2387 interpretes.

214 2403 326 2483 Quoad
347 2417 461 2472 eutem
477 2408 621 2489 reliqum
641 2410 847 2489 quaestiones
867 2406 900 2470 in
917 2405 1070 2490 praetatts
1084 2402 1191 2469 Libris
1204 2401 1245 2466 ab

154 2504 269 2588 brtpeas
287 2511 427 2586 excites,
450 2509 490 2573 de
510 2508 682 2586 ueidsnm,
697 2511 766 2573 sire
785 2506 944 2573 decidems
958 2505 1109 2580 bonitate,
1130 2512 1164 2569 et
1172 2504 1245 2569 eliis

154 2608 288 2675 stntttbm
301 2612 424 2675 ibidem
438 2613 574 2687 truditis,
597 2620 711 2676 ntruna
725 2612 852 2676 scilicet
871 2610 935 2675 sint
948 2628 1007 2675 nec
1022 2628 1061 2673 ne
1076 2615 1245 2691 accepten-

154 2707 284 2790 ibscias,
297 2730 386 2794 quoe
400 2712 468 2793 ipse
478 2714 569 2777 initio
582 2732 612 2777 c.
625 2710 682 2775 vt.
697 2732 729 2775 n.
745 2710 775 2778 i.
788 2711 878 2775 Libri
891 2710 915 2774 i.
930 2711 1070 2793 scripsit,
1081 2710 1240 2790 inquiens:

154 2810 257 2877 «ttae
279 2814 414 2895 quidem
434 2831 453 2876 a
475 2815 566 2878 nobis
586 2816 685 2878 etiam
706 2834 782 2879 cum
812 2832 929 2896 megoo
950 2820 1040 2877 metu
1062 2820 1095 2877 et
1115 2808 1244 2875 conteis

155 2911 297 2992 beantur,
318 2916 569 2979 discutientibus
590 2917 690 2996 magis
710 2924 745 2979 et
757 2916 1046 2997 pertractantibus,
1068 2930 1167 2993 quom
1183 2928 1242 2991 pro

153 3022 225 3078 certo
237 3034 275 3079 ac
295 3014 430 3079 definito
443 3016 671 3080 statuentibus.
694 3035 712 3073 a
729 3015 881 3079 dttsmett
901 3016 933 3079 iu
949 3013 1061 3094 Cupite
1074 3013 1111 3074 ds
1124 3007 1243 3075 Attiano

153 3115 245 3179 seinis
265 3118 492 3200 disquisitione
512 3137 586 3183 cnm
609 3118 690 3182 baec
711 3117 919 3198 expendenda
941 3116 1017 3193 siut,
1031 3116 1072 3179 de
1092 3115 1130 3177 iis
1144 3130 1245 3193 quoe·

156 3232 214 3279 rere
231 3237 319 3282 nunc
337 3218 550 3300 supersedeo,
567 3220 803 3297 tsntnmmotto,
818 3236 904 3299 quse
917 3218 948 3280 in
972 3217 1139 3298 proposito
1152 3230 1250 3297 erpu-

154 3326 240 3381 seato
258 3321 462 3385 catboiicom
483 3320 599 3401 dogma
621 3322 832 3401 pertingunt,
856 3320 999 3385 studens.
1028 3316 1172 3397 ideoque
1199 3316 1247 3379 bis

154 3423 383 3497 mtermissis,
404 3422 445 3485 ad
458 3424 682 3501 anestionem
707 3440 872 3501 resersus,
889 3422 1049 3485 nemiuem
1072 3425 1153 3500 puto
1167 3419 1249 3482 ists·

156 3515 202 3594 ttt,
218 3522 305 3602 qnod
319 3523 395 3586 ideo
414 3521 454 3584 ad
474 3522 611 3586 invicem
632 3522 870 3588 contenderunt
885 3520 1104 3604 Hieronymus
1124 3525 1158 3583 et
1170 3516 1252 3583 iiui·

156 3616 232 3698 isos,
250 3632 285 3687 et
297 3642 385 3705 qnae
399 3623 457 3687 iiie
470 3625 566 3687 citeri
581 3624 742 3705 exprobat
760 3625 800 3688 de
815 3623 1017 3689 Litterarum
1032 3621 1249 3699 mutiistions,

156 3735 219 3797 ruas
236 3722 396 3804 Origenes
417 3723 459 3786 sd
479 3722 708 3787 siexaodrioos
729 3724 835 3802 misit,
858 3724 914 3787 ubi
935 3723 1116 3787 obtestatus
1136 3730 1251 3801 est,‚ss

155 3835 299 3903 unquam
311 3824 356 3886 sb
365 3822 532 3887 Ecclesiae
540 3825 695 3887 sententis
710 3823 883 3889 decessisse
896 3826 983 3889 circe
997 3832 1163 3887 oeternum
1175 3821 1253 3887 doe·

158 3927 239 3987 soon
259 3925 474 4007 perditionem
484 3945 498 4006 3
520 3924 561 3989 de
581 3943 649 4005 quc
677 3926 830 4006 superios
852 3926 1052 4008 disputatum
1072 3931 1131 3989 est.
1160 3920 1254 3989 Simi-

157 4020 215 4085 iter
224 4026 345 4090 ibidem
354 4035 464 4090 actum
479 4036 529 4091 est
539 4028 580 4090 de
592 4025 728 4108 biniogo
740 4027 826 4091 inter
835 4025 1015 4093 Candidum
1028 4031 1061 4089 et
1072 4022 1247 4105 Oripssem

159 4122 224 4189 titre
251 4128 421 4192 doemonis
442 4137 616 4194 naturam:
640 4130 696 4193 ubi
726 4130 798 4206 iiie,
817 4127 974 4210 Origenes
995 4126 1128 4194 cennttt
1158 4124 1250 4190 cnlo-

158 4227 254 4291 unm
269 4230 406 4307 refellit,
417 4230 478 4293 sibi
493 4230 675 4313 objicientis
688 4231 826 4306 dictum,
842 4229 925 4293 idest
945 4226 1112 4293 diabolum
1127 4224 1251 4295 aalssri

160 4340 242 4403 Μ
261 4329 367 4413 (iuius
387 4328 537 4413 origem
557 4350 762 4413 responsum,
784 4328 1043 4414 interpretationi
1070 4343 1261 4391 accommo-

160 4424 251 4507 istm,
260 4450 361 4513 qoam
376 4451 482 4515 nuper
495 4451 596 4517 super
609 4434 713 4498 libros
727 4430 923 4499 Pariorobon
942 4429 1069 4514 liquido
1086 4430 1254 4509 exemmus

160 4523 190 4591 ts
206 4530 366 4601 mmsnts
387 4542 462 4601 anm
477 4535 610 4617 ‘lspsnm
633 4533 779 4599 arbitrio.
