3375 5567
443 746 511 823 dat,
532 751 760 828 poeniteutiam
774 763 861 834 agot,
877 765 910 822 et
930 758 1125 828 cantitentur
1145 773 1315 846 peccatum
1330 787 1426 834 suum
1445 772 1482 834 ad
1497 791 1541 837 rs-

441 847 528 910 nlam
547 854 790 933 assequendam.
819 855 852 921 Si
876 878 954 923 rero
985 861 1068 926 banc
1089 865 1198 930 muudi
1221 869 1320 931 vitam
1353 873 1540 938 transcendat

441 948 564 1029 absque
584 957 792 1032 poenitentia,
815 959 847 1022 in
870 960 933 1024 vitu
956 961 1069 1027 lutura
1090 967 1215 1032 nnllam
1230 969 1373 1034 inueniet
1394 975 1539 1038 remissio·

441 1067 513 1113 uem
535 1065 754 1134 peccatorum.
789 1052 999 1145 Quapropter
1028 1085 1071 1130 ex
1102 1071 1163 1134 bac
1193 1071 1342 1153 (trigenis
1361 1074 1541 1142 discussione

439 1157 727 1233 comprehenditur
747 1163 865 1238 (aliter
879 1183 977 1245 quum
993 1172 1139 1234 nonnulli
1154 1175 1356 1254 exposuere)
1379 1181 1542 1257 peccatori·

439 1254 520 1330 bus,
542 1257 620 1321 licet
639 1279 745 1341 usqne
763 1269 945 1347 septuagies
966 1273 1083 1350 septies
1104 1277 1329 1354 peccaverint,
1351 1280 1473 1342 nullam
1493 1283 1543 1342 mi·

436 1358 634 1424 sericordiao
654 1363 686 1426 in
706 1365 768 1428 bac
790 1368 853 1430 rita
876 1387 1061 1436 mensnram
1090 1378 1282 1456 assignatam
1306 1378 1405 1442 inisse
1426 1398 1444 1442 a
1466 1379 1537 1458 lieo,

439 1459 569 1536 quoties
588 1473 662 1526 ante
689 1466 815 1530 obitum
845 1473 1051 1550 resipuerint.
1074 1473 1115 1538 Et
1136 1477 1178 1540 ob
1199 1480 1261 1542 boc
1282 1481 1412 1545 dicebat
1431 1481 1541 1562 teon

438 1577 505 1623 non
524 1561 597 1625 dico
616 1564 675 1630 tibi
693 1587 792 1650 usone
813 1573 940 1652 septies,
956 1576 1009 1637 sed
1028 1576 1206 1657 septuopies
1224 1579 1347 1660 septies,
1370 1583 1452 1647 idest
1470 1603 1542 1648 scm·

439 1679 511 1740 per,
530 1663 612 1729 idest
631 1671 758 1748 quoties
773 1678 970 1752 peccaverit,
986 1677 1033 1738 illi
1049 1678 1239 1743 condonato.
1257 1680 1297 1745 Et
1318 1684 1361 1748 ita
1383 1685 1483 1764 probe
1502 1688 1541 1748 in·

439 1773 637 1845 terpretatns
651 1780 701 1834 est
720 1769 898 1854 Origenes,
916 1779 1134 1842 remissionem
1150 1783 1181 1844 in
1203 1783 1400 1848 boemundo
1420 1787 1487 1852 sire
1505 1789 1542 1852 oi·

440 1867 504 1931 tius
522 1869 591 1932 sire
610 1873 716 1936 aerius
737 1873 820 1951 lieri,
842 1895 1009 1960 nunquam
1033 1899 1110 1945 vero
1132 1884 1163 1947 in
1186 1883 1299 1948 loturo
1318 1888 1444 1954 seculo.

498 1968 599 2036 'ltem
620 1985 742 2054 quanto
759 1976 837 2058 jure
857 1982 902 2042 ita
927 1978 1075 2060 Origcnis
1100 2003 1209 2048 sermo
1229 1988 1541 2070 comprehendendus

435 2073 496 2137 sit:
519 2082 552 2138 et
572 2085 692 2156 quanta
712 2080 868 2160 sapientia
891 2083 972 2146 bsnc
992 2085 1060 2163 ipse
1082 2095 1158 2150 tuuc
1177 2089 1365 2168 probaverit
1386 2089 1540 2156 Ecclesiae

436 2175 649 2256 disciplinam,
670 2180 843 2257 audiatur,
866 2185 952 2262 quod
974 2187 1086 2250 scribit
1107 2187 1248 2254 llomilis
1271 2188 1344 2254 xit.
1366 2191 1397 2256 5.
1421 2193 1456 2256 is
1475 2193 1541 2258 llic·

436 2277 584 2342 reniam:
611 2301 628 2339 s
652 2278 742 2346 llaec
762 2292 873 2347 antem
897 2286 928 2348 in
951 2283 1093 2351 Ecclesia
1119 2306 1215 2369 saepe
1239 2294 1415 2358 accidentia
1438 2313 1540 2375 possu-

437 2395 510 2442 mus
522 2380 739 2446 considerarc.
763 2381 913 2449 Peccavit
925 2387 1104 2468 quispiam3
1121 2396 1152 2452 et
1168 2400 1240 2471 post
1254 2401 1424 2473 peccatum
1438 2406 1538 2474 postu·

435 2479 483 2544 lat
502 2486 773 2548 communionem.
793 2485 827 2550 Si
848 2487 877 2550 ci
899 2489 1107 2568 conceditur,
1130 2495 1217 2572 qnod
1241 2505 1356 2575 rogat,
1377 2498 1409 2559 iu
1430 2497 1540 2562 incom·

436 2582 568 2648 modum
601 2587 691 2649 renis
721 2587 889 2666 procedit,
912 2597 945 2653 ct
971 2590 1088 2656 luxatis
1111 2594 1251 2671 leaenis,
1272 2597 1451 2662 sceleribus
1470 2615 1536 2678 pan

433 2683 524 2747 ditur
544 2684 607 2747 ria.
627 2685 682 2751 Sin
705 2705 879 2754 varocum
901 2691 1083 2756 rationabili
1113 2695 1356 2774 deliberatione,
1380 2718 1482 2780 nequa
1503 2705 1537 2763 nt

432 2787 635 2866 misericors,
657 2808 763 2872 neque
784 2799 822 2855 nt
840 2809 976 2856 severus
994 2792 1120 2874 juder:
1149 2796 1204 2862 sed
1226 2807 1260 2861 et
1279 2800 1371 2878 qnasi
1396 2801 1449 2863 uni
1470 2819 1537 2880 pru·

432 2891 556 2970 videus,
572 2896 711 2975 amplius
724 2903 834 2961 antem
849 2896 889 2960 de
903 2897 1046 2959 omnium
1058 2898 1164 2963 salute
1178 2908 1391 2981 pertractans,
1404 2899 1538 2966 conside·

433 2997 556 3060 raserit
576 2998 689 3078 populi
709 2997 862 3062 damnum
877 3020 920 3064 ex
940 3001 1166 3065 communione
1188 3003 1284 3066 unius
1305 3011 1400 3067 etex
1421 3003 1537 3082 pcccati

432 3096 526 3160 istius
543 3100 655 3178 renis,
672 3107 761 3179 patet
779 3099 866 3180 qnod
883 3100 960 3166 lacit
973 3102 1092 3183 ejicere
1107 3119 1220 3176 unum,
1234 3111 1271 3166 nt
1290 3104 1396 3168 salvet
1412 3104 1534 3170 nultos

431 3195 607 3263 Considera
627 3201 759 3280 quidem
781 3201 958 3266 modicum:
979 3205 1005 3266 si
1027 3205 1201 3268 cessaverit
1222 3205 1353 3285 quidem
1372 3209 1535 3271 ascelinus

430 3302 503 3383 ejus
526 3302 681 3376 vulneris,
697 3303 785 3383 qnod
806 3302 980 3367 secondum
1001 3313 1066 3385 est;
1081 3305 1108 3368 sl
1129 3323 1192 3368 non
1215 3307 1333 3370 usserit
1353 3309 1442 3388 qnod
1462 3307 1534 3372 inti·

430 3413 485 3484 get
504 3405 664 3480 cauterio,
688 3405 837 3468 uidelicet
851 3415 985 3485 propter
1004 3406 1146 3484 dolores,
1162 3409 1219 3488 qni
1240 3427 1283 3472 ex
1305 3409 1425 3473 talibus
1439 3427 1531 3474 reme·

430 3507 491 3568 diis
511 3514 768 3586 consequuntur,
790 3505 957 3570 considera
978 3508 1142 3587 quomodo
1163 3520 1288 3575 crescat
1308 3510 1486 3590 infirmitas,
1505 3519 1533 3575 st

430 3609 463 3673 ln
483 3607 628 3671 deterius
650 3616 743 3670 retus
764 3607 885 3671 humor
904 3609 1074 3673 exuberet.

511 3731 528 3769 s
541 3709 574 3773 Si
590 3726 680 3785 vero,
697 3718 735 3773 nt
748 3709 791 3772 ita
807 3710 925 3786 dicam,
941 3712 1132 3778 temerarius
1150 3713 1189 3776 ad
1203 3713 1298 3780 ulcus
1311 3725 1421 3783 scotor
1434 3733 1530 3780 acces

429 3812 526 3893 serit,
535 3821 569 3874 et
588 3812 740 3874 inusserit
760 3811 900 3891 plagam,
916 3821 1011 3876 curat
1031 3831 1120 3890 eum,
1141 3815 1199 3895 qui
1213 3826 1344 3880 secatur
1364 3828 1399 3882 et
1418 3820 1527 3890 uritur,

429 3916 505 3993 quia
521 3911 694 3994 paululum
708 3912 890 3977 severitatis
912 3915 1084 3995 assumpsit
1093 3935 1104 3994 3
1120 3915 1196 3979 lieet
1211 3920 1297 3980 risus
1312 3916 1414 3982 luerit
1426 3935 1528 3996 sepro-

430 4015 522 4088 tanti,
544 4013 584 4076 ud
606 4014 719 4076 boram
741 4030 805 4076 non
825 4013 983 4079 misereri.
1001 4014 1048 4078 lta
1069 4025 1102 4079 et
1122 4015 1208 4081 lleus
1230 4035 1293 4081 nou
1314 4037 1417 4084 uuum
1437 4019 1528 4084 boui·

426 4133 500 4180 nem
519 4115 576 4179 sed
597 4117 785 4179 uuiversum
806 4123 901 4178 curat
922 4114 1047 4189 orbem,
1062 4117 1214 4181 coelestia
1229 4125 1328 4198 atqua
1350 4128 1483 4192 terrens,
1497 4125 1527 4180 et

428 4220 533 4282 omnia
549 4216 670 4297 ubique
690 4215 960 4296 dispensacione
982 4220 1043 4280 boc
1064 4219 1247 4298 provideat,
1262 4221 1350 4300 quod
1376 4223 1429 4285 uui
1449 4237 1527 4286 com·

426 4320 559 4381 modum
579 4319 632 4392 sit,
654 4318 872 4398 multomagis
894 4319 1043 4398 providet
1062 4321 1139 4399 qnid
1157 4323 1214 4384 toti
1235 4323 1356 4385 mundo
1377 4323 1524 4386 conducat

425 4429 458 4482 et
480 4417 661 4481 bominibus
686 4419 890 4481 universim
916 4417 1128 4484 Considerata
1148 4439 1228 4501 ergo
1256 4422 1400 4502 qualiter
1421 4421 1523 4498 Orige-

424 4537 479 4584 nes
494 4539 510 4582 a
528 4519 671 4583 bdelium
685 4524 913 4586 communione
928 4530 1096 4603 peccantes
1109 4523 1226 4590 doceat
1244 4525 1438 4590 amovendos
1454 4521 1521 4586 sdr-
