3375 5567
386 683 447 753 ωδ

816 790 956 858 cetur
977 790 1064 856 ΧΧΙ.

386 994 537 1075 Anaipsis
557 995 670 1061 critica
688 995 921 1077 discrepantiae
939 995 1053 1059 Teates
1072 995 1182 1077 prasci
1198 994 1502 1064 Commentariorum

428 1093 575 1177 Oripems
589 1099 621 1160 in
641 1095 842 1160 Mattbaaum
858 1115 917 1177 per
941 1095 1094 1160 Hostium
1107 1095 1273 1178 translati,
1293 1121 1314 1164 a
1327 1100 1426 1164 ceteri
1445 1100 1503 1164 ts·

425 1197 644 1277 terpretatiossc
658 1197 773 1261 iatina.
787 1195 860 1272 sea,
874 1215 952 1260 nom
964 1196 1127 1278 amitinos
1139 1199 1300 1265 babcodm
1312 1200 1356 1264 sit
1366 1221 1503 1282 praecata

427 1309 546 1373 tectos,
560 1309 590 1361 ct
613 1298 802 1379 issapotasa
830 1296 930 1361 Verrio
946 1296 1072 1373 iatiaa,·
1093 1311 1152 1363 aot
1170 1299 1267 1364 atitcr
1286 1301 1408 1367 codices
1425 1303 1501 1367 Ori·

425 1399 512 1481 penis
534 1400 642 1480 prasci
662 1399 816 1481 corrupti,
832 1412 861 1462 ct
879 1401 982 1480 fideiis
1001 1401 1110 1482 prisca
1129 1401 1313 1467 Tramiatio
1333 1405 1440 1469 iatina
1453 1426 1504 1469 re·

425 1500 580 1583 paranda.

389 1723 568 1876 Quamvis
590 1787 759 1865 bucusque
780 1803 938 1867 prospera
959 1788 1075 1850 itinere
1095 1787 1278 1852 incesserim
1299 1791 1332 1851 in
1350 1787 1503 1868 origenis

388 1905 485 1952 causa
516 1887 768 1968 patrocinanda,
789 1895 822 1950 et
846 1887 922 1950 bina
942 1887 974 1950 in
995 1887 1141 1968 ejusdam
1170 1888 1262 1952 libris
1282 1887 1502 1968 disquirendis

385 1987 590 2054 difficultates
604 1990 801 2070 superarim,
817 1986 1125 2061 insimulationibus,
1147 1987 1268 2068 quibus
1282 1989 1504 2068 impetebatur

388 2091 488 2171 ipsius
515 2089 609 2167 tides,
632 2087 807 2170 profligatis
828 2109 839 2167 3
861 2089 1072 2152 nibilominus
1100 2088 1172 2170 ejus
1201 2087 1437 2154 commeantia
1463 2087 1504 2152 ir

385 2189 580 2258 Hattbacstss
601 2208 809 2270 percurrens,
825 2190 941 2266 fatear,
964 2209 1023 2254 nec
1036 2191 1163 2254 inticier
1182 2191 1327 2271 qnidam,
1342 2190 1501 2254 annuntia

387 2292 612 2367 animadverti,
639 2292 804 2355 catholico
825 2293 991 2356 contraire
1015 2291 1171 2372 dogmati,
1194 2303 1263 2356 tum
1288 2294 1322 2354 in
1342 2292 1392 2366 iis,
1412 2307 1503 2372 qnae

389 2394 584 2459 daemonnm
605 2401 749 2474 spectant
769 2393 1046 2472 resipiscentiam
1067 2397 1161 2474 qnasi
1180 2393 1289 2458 adbuc
1309 2395 1342 2456 in
1361 2394 1503 2458 arbitrio

387 2496 430 2561 sit
449 2513 563 2560 aarum
584 2498 755 2560 conversio
775 2494 815 2557 ad
832 2492 949 2570 Deum,
972 2503 1041 2559 tum
1055 2497 1143 2559 circa
1164 2495 1451 2570 resurrectionem,
1465 2503 1504 2559 et

388 2600 452 2662 alia
472 2595 617 2679 ejusdem
639 2597 763 2678 generis
782 2596 945 2676 dogmata.

466 2695 550 2763 Cum
578 2708 688 2762 antem
711 2699 742 2762 iu
770 2699 830 2760 bac
851 2697 942 2778 arari
963 2697 1061 2760 animi
1086 2696 1304 2778 perplexitate
1325 2712 1499 2770 versarer,

386 2797 481 2862 vaide
495 2799 698 2880 dignoscendi
718 2797 892 2873 sollicitus,
907 2817 970 2863 cnr
989 2800 1021 2862 in
1037 2800 1099 2864 boc
1119 2796 1360 2870 Commentario
1373 2797 1502 2876 opinio·

386 2918 442 2965 nes
466 2901 656 2983 peregrinae
677 2908 905 2974 accurrerent,
923 2917 1007 2980 quas
1026 2900 1104 2962 aiibi
1124 2917 1187 2964 non
1208 2899 1272 2980 legi
1297 2899 1328 2960 in
1351 2899 1500 2978 penninis

384 3002 486 3083 ipsius
510 3003 658 3084 scriptis;
679 3004 821 3083 primum
847 3001 943 3076 sensi,
966 3000 1140 3083 quamdam
1166 3001 1369 3066 intercedere
1394 3002 1502 3064 racia·

386 3111 486 3168 tatem
507 3103 591 3167 inter
612 3110 738 3166 textum
760 3119 913 3182 graecum
934 3102 976 3165 ab
996 3100 1119 3166 fluetin
1139 3101 1277 3175 editum,
1304 3119 1344 3166 ac
1364 3102 1501 3165 latinam

387 3203 691 3286 interpretationem
705 3201 772 3285 jam
789 3203 948 3266 abaetate
963 3213 1088 3266 vetusta
1104 3203 1317 3266 elaboratam.
1334 3203 1500 3278 Secundo,

386 3304 616 3384 comprehendi
631 3319 668 3366 ea
684 3302 763 3366 taisa
785 3302 936 3382 dogmata
960 3310 1052 3382 capta
1075 3303 1107 3364 iu
1122 3320 1239 3383 graeca
1254 3301 1395 3366 editione
1408 3300 1502 3366 flue·

388 3408 423 3470 tii
454 3405 631 3469 desiderari
653 3405 684 3465 in
716 3403 816 3466 reteri
840 3402 1109 3484 interpretatione
1133 3404 1243 3467 latina.
1275 3403 1500 3480 Quamobrem

387 3506 474 3570 baud
496 3507 645 3586 ignoraus
666 3502 828 3568 Ambrosii
848 3505 1056 3581 senteutiam,
1075 3504 1133 3585 qui
1154 3503 1303 3584 (trigenis
1325 3506 1359 3567 in
1383 3502 1502 3568 Libras

385 3606 473 3674 Novi
492 3603 686 3670 Testamenti
701 3602 939 3670 commentaria
955 3623 1136 3679 recensens,
1150 3605 1230 3668 uitii!
1246 3607 1500 3686 reprehensione

386 3708 518 3788 dignum
541 3713 644 3783 natat,
664 3707 751 3788 qnod
774 3707 850 3770 item
872 3705 948 3770 iecit
967 3704 1212 3791 Hieronymus,
1235 3710 1372 3772 eximios
1398 3727 1503 3788 rapu·

387 3821 456 3874 tans
477 3810 536 3872 bas
550 3807 820 3888 commentarium
835 3809 1031 3885 existimari,
1047 3827 1113 3890 aaa
1136 3811 1200 3885 via,
1219 3827 1285 3890 qua
1307 3811 1433 3872 ratione
1450 3817 1499 3872 ta·

387 3911 428 3974 iis
448 3907 603 3972 acciderit
622 3907 817 3982 differentia,
840 3909 1045 3989 investigare.
1061 3907 1173 3985 Quare
1192 3910 1317 3973 scilicet
1339 3919 1431 3973 setus
1449 3909 1500 3973 iu·

389 4022 513 4092 terpres
533 4029 571 4073 ea
597 4011 755 4086 amiserit,
772 4009 824 4073 vel
844 4009 941 4072 aliter
959 4027 1059 4090 qnam
1079 4011 1112 4072 iu
1134 4015 1226 4072 texta
1247 4027 1365 4090 graeca
1386 4010 1502 4090 legun-

389 4125 456 4190 tur,
478 4113 679 4193 exposuerit.

466 4211 623 4288 Qnamsis
644 4210 727 4273 euim
750 4210 867 4274 latinns
887 4227 1082 4292 graecarum
1102 4211 1264 4274 librorum
1290 4208 1500 4292 interpretes,

247 4329 250 4337 ⁴
388 4313 563 4396 generatim
584 4309 769 4391 loquenda,
793 4309 970 4376 admodum
990 4324 1163 4376 accuratos
1193 4331 1256 4376 nan
1278 4313 1377 4378 tuisse
1399 4312 1502 4376 taten-

387 4415 465 4479 dum
485 4413 550 4490 sit;
570 4429 630 4475 scu
652 4411 847 4476 verbotenus
868 4429 932 4475 nnn
953 4413 1127 4476 reddidisse
1148 4431 1341 4493 graccorum
1363 4413 1500 4479 Patrum

387 4514 570 4582 sententias:
596 4521 702 4577 tamen
723 4531 798 4578 rara
821 4515 1126 4594 reperitnreosdem
1146 4515 1264 4579 nedum
1280 4516 1499 4596 praeteriisse,
