3375 5567
450 816 516 880 que
536 797 692 863 coelestes
712 798 744 860 in
772 798 856 862 hono
878 790 1115 877 perseverasse,
1137 814 1200 859 noa
1222 796 1309 879 quod
1339 796 1548 878 impeccabiles

450 900 571 965 inerint
584 901 618 961 in
632 899 808 962 creatione:
825 908 875 963 ast
889 900 965 981 quia
978 902 1009 963 in
1026 899 1110 962 hono
1132 916 1207 963 cum
1223 899 1370 962 conditae
1390 908 1501 973 esseut,
1514 916 1547 960 ac

450 1002 574 1082 pariter
587 1001 638 1065 sui
657 1000 741 1083 juris
755 1019 795 1065 ac
815 1000 937 1065 liherae
954 1010 989 1065 ut
1012 1002 1043 1063 ia
1058 1002 1254 1065 contrariam
1271 1010 1394 1081 partem
1416 1000 1549 1081 desipere

451 1112 591 1182 possent,
603 1100 637 1164 in'
648 1103 792 1166 bonitate
809 1110 914 1165 tamen
924 1105 1110 1183 perstitere,
1124 1102 1325 1183 proindeque
1337 1103 1441 1165 dirlna
1453 1102 1545 1181 gloria

447 1205 634 1267 cumulatae
656 1207 687 1266 ln
704 1205 814 1268 coelis.
839 1204 982 1284 Ideoque
998 1222 1092 1267 nemo
1114 1222 1165 1267 me
1179 1205 1219 1268 da
1235 1204 1416 1267 temeritate
1430 1210 1547 1281 arguat,

449 1306 475 1369 si
493 1304 645 1368 Auctoris
656 1306 824 1369 locutioni:
840 1306 943 1367 decim
956 1323 1077 1386 quoquc
1090 1303 1167 1368 ilius
1179 1303 1311 1367 virtuter
1326 1322 1390 1366 nun
1410 1323 1471 1367 ease
1484 1302 1550 1365 tulis

448 1413 594 1481 noturus,
616 1425 695 1488 quac
715 1405 912 1468 contrarium
933 1424 997 1467 non
1014 1407 1113 1485 possit
1134 1403 1284 1483 recipcre,
1305 1403 1335 1467 ai
1358 1405 1433 1467 aciit
1451 1423 1488 1467 cc
1507 1422 1550 1465 nc·

447 1504 563 1587 pisunt,
574 1520 602 1570 et
615 1516 717 1569 status
731 1503 783 1567 sui
794 1504 1020 1570 tearirudiuem
1034 1524 1098 1567 nou
1114 1504 1203 1569 omui
1215 1506 1338 1570 ceutria
1358 1504 1548 1575 custodiam

451 1605 582 1669 Rudiae
603 1608 635 1669 ia
655 1606 792 1671 latinum
816 1607 990 1669 translatae
1011 1606 1051 1669 de
1070 1617 1216 1686 tempure
1237 1594 1395 1687 praesenti
1420 1608 1487 1669 sire
1508 1606 1550 1669 iu·

450 1719 549 1784 turo,
572 1711 602 1770 in
624 1728 690 1789 quo
713 1710 898 1790 hujusmodi
921 1708 1059 1772 mutatio
1083 1708 1153 1771 lieri
1180 1718 1330 1789 poterat3
1352 1710 1378 1772 si
1401 1706 1449 1771 illl
1470 1708 1550 1770 locu·

452 1811 542 1883 ttoni,
566 1811 716 1888 inquam,
738 1810 939 1873 substituere
961 1819 1087 1890 tempus
1110 1811 1336 1890 praeteritum,
1358 1812 1405 1873 sic
1428 1808 1550 1871 transic-

450 1928 535 1972 rens:
548 1909 654 1973 hentm
673 1929 793 1992 quoque
810 1908 888 1973 iiius
909 1900 1039 1972 uirtutes
1058 1927 1123 1972 nnn
1143 1928 1205 1972 esse
1218 1908 1297 1999 gulis
1318 1918 1467 1982 naturae,
1481 1926 1553 1987 puer

446 2010 642 2075 contrarium
662 2010 799 2092 recipere
818 2028 885 2072 neu
906 2009 1095 2090 potuerint,
1126 2010 1156 2073 ai
1182 2010 1374 2085 uoluissent,
1397 2029 1437 2073 uc
1464 2010 1553 2089 nepte·

445 2113 579 2190 as'sscnt,
601 2122 629 2177 et
649 2112 679 2175 ai
699 2110 787 2176 cauni
806 2113 931 2176 enutrio
950 2130 1016 2175 nan
1040 2111 1248 2175 custodissent
1272 2122 1375 2175 statur
1395 2111 1450 2175 rui
1468 2108 1552 2173 druti-

447 2214 598 2277 tudincm.
615 2215 660 2277 lta
677 2232 816 2295 namque
835 2214 982 2294 exposito
998 2215 1115 2277 herum
1135 2216 1309 2277 rethorum
1329 2231 1439 2288 seusu,
1454 2211 1550 2275 omnia

449 2316 544 2395 plane
563 2334 598 2379 se
619 2315 760 2391 hahent,
783 2333 842 2376 uec
866 2315 954 2378 ullus
974 2332 1071 2377 error
1090 2315 1131 2377 de
1150 2315 1339 2396 spiritibus,
1361 2316 1455 2395 quasi
1476 2328 1551 2373 nanc

450 2434 585 2495 peecare
605 2417 737 2497 possint,
760 2416 967 2479 adinvenitur
987 2418 1018 2481 in
1040 2415 1190 2495 Origene.
1208 2414 1278 2479 lloc
1291 2426 1397 2478 tamen
1420 2413 1551 2494 postulat

450 2518 626 2582 verborum
647 2524 680 2580 ct
699 2518 856 2581 orationis
881 2534 999 2592 uerus,
1020 2520 1159 2599 maxime
1191 2534 1265 2580 cum
1293 2514 1551 2597 praecedentibus

447 2618 597 2681 collatae.

525 2718 632 2802 Siquis
652 2725 762 2785 autam
784 2740 835 2785 mc
850 2721 1026 2801 rogaverit,
1050 2719 1209 2786 undenam
1223 2728 1295 2783 arta
1316 2720 1356 2784 sit
1372 2714 1550 2802 hujusmodi

449 2823 603 2902 temporis
617 2828 650 2886 et
661 2823 736 2886 hinc
755 2842 868 2886 sensus
886 2820 1043 2887 varietas?
1058 2822 1107 2887 lld
1120 2826 1277 2887 sermonis
1293 2824 1399 2903 graeci
1417 2822 1549 2903 peritum

447 2922 570 3005 loquor
599 2931 633 2987 et
653 2925 753 3005 magis
773 2924 952 3000 scientem,
972 2942 1070 3005 quam
1102 2924 1359 3007 frequentissime
1385 2924 1551 3004 scriptores

448 3026 547 3108 hujus
566 3026 697 3106 linguae
710 3027 742 3088 iu
764 3044 826 3089 usu
841 3025 963 3090 hahere
980 3024 1135 3101 roriston
1147 3027 1266 3108 quihus
1285 3026 1384 3088 modo
1396 3042 1550 3108 praesens,

449 3127 546 3190 modo
561 3127 726 3203 laturum,
747 3128 843 3191 nodo
859 3128 1072 3210 praeteritum
1094 3137 1127 3192 et
1140 3129 1227 3193 ultra
1243 3129 1405 3192 indicatur
1421 3137 1549 3207 tempus.

447 3224 520 3292 Hoc
536 3245 613 3291 aero
634 3228 757 3291 nonnisi
778 3246 797 3291 e
816 3235 975 3293 contextu
994 3228 1140 3293 stabilire
1162 3230 1294 3309 aequit,
1319 3228 1422 3293 veluti
1444 3228 1475 3290 in
1496 3227 1550 3287 hac

447 3346 547 3405 casu,
571 3330 627 3391 uhi
652 3326 811 3406 linihuus,
832 3332 902 3394 sire
927 3330 1068 3405 inritas,
1096 3332 1165 3393 sire
1189 3332 1321 3413 quidam
1342 3330 1552 3411 interpolator

447 3426 614 3492 Acrisium
633 3428 867 3512 subjunctivum
895 3432 968 3496 loco
996 3430 1163 3512 praeteriti
1189 3433 1352 3497 transtulit
1379 3432 1411 3493 in
1441 3439 1553 3509 tempus

443 3548 606 3611 praesens.
630 3529 760 3607 Quanto
773 3541 883 3595 antem
895 3534 971 3615 iure
985 3533 1123 3597 dicimus
1140 3534 1319 3614 praefatam
1335 3532 1485 3611 Origenis
1506 3548 1553 3611 pe·

450 3631 593 3711 ricopem
621 3631 718 3694 aliter
738 3650 837 3713 quarn
858 3633 973 3710 decet,
999 3634 1099 3697 inisse
1125 3635 1335 3713 translatam
1359 3632 1445 3695 unde
1473 3640 1552 3694 tanta

447 3735 605 3796 sermonis
616 3739 697 3797 'urta
720 3734 880 3810 conlusio,
902 3754 940 3799 ac
961 3737 1119 3816 genuinus
1133 3735 1298 3815 angionis
1318 3752 1431 3798 sensns
1446 3748 1553 3796 corru-

450 3845 525 3916 ptus
545 3846 593 3897 est
614 3843 726 3898 contra
749 3837 903 3901 Auctoris
923 3845 1074 3915 mentem,
1099 3836 1194 3899 adeas
1216 3836 1375 3916 Pamphili
1406 3832 1554 3916 Martyris

450 3938 662 4019 apologiam,
678 3957 775 4018 qnam
793 3937 941 4002 Rudinus
962 3940 1076 4019 ipsein
1095 3940 1232 4003 latinum
1250 3938 1423 4001 transtulit.
1449 3936 1488 4001 Et
1504 3932 1553 3997 uhi

452 4038 637 4119 Pamphilus
651 4039 785 4104 sedulus
801 4040 1015 4122 transcriptor
1028 4039 1257 4104 commentarii
1278 4036 1314 4101 iu
1331 4034 1508 4118 Epistulam
1518 4034 1552 4095 ad

449 4136 575 4213 Titum,
592 4138 737 4201 eamdem
760 4139 941 4203 doctrinam
966 4138 1006 4203 de
1030 4141 1205 4220 spirituum
1226 4138 1362 4201 arbitrio
1387 4138 1417 4198 in
1443 4150 1552 4199 eoram

450 4240 614 4304 creatione
633 4239 823 4320 obsignarit.
847 4238 940 4316 Quae
960 4258 1057 4316 saue,
1080 4242 1149 4304 sive
1169 4260 1211 4305 ar
1238 4239 1396 4321 Pamphili
1418 4238 1552 4319 peritia,

447 4343 519 4405 sire
537 4360 578 4404 cx
600 4341 796 4405 accuratiori
812 4342 958 4405 versione
974 4341 1106 4418 Rudini,
1130 4342 1256 4405 varium
1278 4342 1410 4422 praehet
1429 4352 1553 4401 sensum

449 4444 491 4505 ah
511 4461 565 4517 eu,
585 4443 642 4523 qni
664 4441 760 4505 modu
780 4442 902 4521 legitur
923 4444 954 4504 in
979 4443 1077 4507 citato
1100 4440 1198 4507 Lihro
1221 4440 1264 4505 ue
1288 4436 1474 4520 Principiis.
1498 4436 1554 4498 lhi-

450 4547 523 4609 dcm
543 4562 683 4626 namque
706 4544 801 4609 docet
823 4544 981 4625 Origenes
1002 4564 1043 4610 cx
1067 4544 1223 4626 Apologia
1246 4562 1271 4607 s.
1301 4540 1459 4623 Pamphili
1483 4558 1511 4602 a.
1527 4534 1552 4599 1.
