3375 5567
430 756 600 835 proprium
621 762 682 832 est,
706 760 761 820 six
783 760 919 839 rspertes·
943 768 1104 841 putarem,
1125 765 1182 843 qni
1197 764 1326 844 spiritui
1348 766 1480 830 coelesti
1501 774 1540 827 ta·

429 858 471 919 lia
495 858 599 936 aptari
621 876 714 937 posse
734 859 860 936 credat,
884 880 923 924 ac
943 863 986 924 ita
1011 864 1152 929 voluisse
1173 864 1358 945 Origenem.

509 956 588 1021 item
604 960 667 1023 sun
688 962 802 1024 eadem
822 963 927 1043 angeli
952 964 1196 1045 significatione,
1213 986 1310 1047 quam
1330 967 1374 1030 de
1393 968 1540 1047 episcopis

433 1058 532 1123 tradit
551 1058 692 1124 loannes
712 1062 744 1123 io
767 1064 981 1148 Apocalypsi,
1020 1068 1152 1131 veniunt
1173 1068 1258 1130 dicta
1284 1066 1448 1131 llomiliae
1463 1066 1541 1130 llll,

433 1178 464 1221 n.
479 1157 529 1226 12.
544 1160 580 1224 in
595 1160 800 1235 Hieremiam,
814 1166 847 1227 iu
858 1184 922 1245 qua
937 1168 1017 1231 lraec
1031 1170 1267 1250 explanantur:
1289 1168 1474 1232 curavimus
1490 1170 1544 1233 ea-

432 1261 574 1339 dyionrsn
594 1272 624 1325 si
642 1282 708 1326 non
726 1274 773 1327 rai
790 1275 929 1344 sonate,
949 1268 1170 1350 relinquemus
1190 1288 1281 1333 rom:
1304 1268 1425 1333 «Vide
1444 1282 1543 1334 antem

436 1364 546 1439 homo,
562 1364 666 1444 iuquit
680 1364 849 1446 Origenes,
868 1370 1039 1450 nequando
1060 1372 1181 1451 angelis
1197 1373 1375 1453 praecipiat
1398 1371 1495 1447 Dens,
1513 1382 1545 1435 nt

436 1466 475 1526 ad
505 1466 697 1546 languorem
718 1470 843 1531 animae
874 1478 949 1534 inae
981 1472 1228 1536 medicaminum
1250 1474 1429 1555 emplastra
1459 1472 1547 1536 cond·

436 1569 534 1641 ciunt,
555 1570 582 1631 si
603 1570 768 1649 quomodo
790 1575 892 1650 possis
914 1573 956 1635 an
977 1574 1197 1653 aegrotatione
1218 1576 1344 1651 sanasl;
1367 1584 1402 1637 et
1424 1592 1546 1655 respon

435 1670 533 1732 deant
553 1670 671 1750 angeli:
692 1669 876 1734 eorcoimos
900 1672 1102 1754 Babylonem,
1121 1677 1213 1739 istam
1231 1675 1438 1738 ostendentes
1455 1692 1548 1755 apas-

435 1772 578 1835 siouiltus
599 1771 766 1835 contusum
788 1775 928 1837 animam
951 1786 1055 1850 tuen,
1078 1784 1106 1839 et
1127 1794 1191 1838 non
1210 1782 1256 1837 est
1276 1786 1405 1839 comte.
1425 1822 1432 1836 .
1450 1823 1458 1838 .
1476 1822 1484 1839 .
1499 1822 1505 1835 .
1518 1822 1543 1837 ..

437 1874 605 1938 Steterunt
633 1875 750 1937 medici
777 1876 840 1939 suit
869 1895 983 1957 magno
1019 1878 1141 1943 medico
1172 1878 1275 1957 angeli
1299 1875 1381 1953 liei,
1413 1878 1547 1941 solentes

438 1993 557 2039 curare
577 1974 814 2038 imbecillitates
834 1985 978 2051 nostras,
1015 1978 1156 2042 volentes
1177 1978 1314 2041 animam
1345 1979 1487 2043 liberare
1512 1978 1546 2039 de

440 2078 546 2156 sitiis3
566 2076 622 2139 sed
644 2077 781 2154 nosipsi
805 2078 993 2159 repellimus
1013 2098 1081 2156 eos,
1102 2080 1180 2143 dum
1196 2080 1337 2144 consiliis
1353 2100 1473 2144 eorum
1490 2097 1545 2142 non

439 2178 675 2258 acquiescimus
695 2187 756 2240 etc.
782 2198 798 2233 s

519 2275 588 2341 Nec
608 2277 705 2340 aliter
728 2280 917 2359 exponenda
940 2288 1028 2358 sunt,
1049 2302 1134 2364 qnae
1156 2282 1295 2345 llomilia
1319 2280 1379 2347 Xl.
1414 2300 1446 2345 ιι.
1467 2278 1495 2345 3.
1519 2274 1544 2343 i.

439 2376 476 2441 in
489 2375 653 2457 Neneeros,
667 2396 728 2458 pro
746 2398 808 2443 suo
821 2379 1009 2464 Scripturas
1023 2383 1253 2463 interpretandi
1270 2400 1377 2460 more,
1390 2384 1491 2463 inquit
1508 2400 1542 2443 es

443 2481 570 2544 verbis:
593 2498 697 2543 omnes
714 2480 878 2561 primitias
898 2483 972 2558 olei,
994 2494 1024 2547 ei
1042 2482 1114 2550 cini
1134 2494 1162 2547 et
1180 2482 1349 2564 frumenti,
1366 2484 1476 2547 ἠονιιιιι
1492 2500 1547 2543 om·

438 2581 528 2645 niem
545 2581 722 2663 primitiare,
744 2604 825 2665 quoe
843 2586 948 2651 oiioto
967 2586 1090 2668 fuerint
1107 2586 1182 2661 lieo,
1195 2584 1253 2648 iiii
1275 2584 1350 2649 dedi
1363 2606 1412 2649 ec.
1439 2586 1472 2649 ln
1486 2584 1546 2665 qui·

444 2684 504 2749 bus
525 2689 674 2769 primitiis
696 2688 863 2754 commode
885 2688 1060 2767 expositis,
1084 2690 1226 2769 primum
1247 2690 1371 2770 reperit
1392 2702 1543 2751 summum

445 2790 633 2856 Pontificem
653 2789 820 2857 Christum
841 2788 1029 2863 Dominum,
1045 2789 1159 2853 deinde
1180 2788 1385 2867 Cornelium,
1402 2788 1544 2853 ecclcsiae

441 2896 584 2976 gentium
616 2892 784 2974 primitias.
809 2890 847 2954 ln
875 2891 923 2956 his
952 2893 1031 2958 sidit
1060 2892 1190 2971 angelos
1219 2890 1330 2955 mnndi
1359 2900 1394 2956 et
1427 2887 1544 2953 hnmani

441 2995 550 3061 cordis
570 3001 751 3058 curatores.
774 2990 810 3054 iu
832 2992 881 3055 liis
903 2992 993 3056 norit
1011 2991 1183 3072 Apostolos
1205 2990 1340 3053 Petrum
1362 2997 1396 3053 et
1419 2988 1545 3053 hulum

440 3104 473 3159 et
494 3097 537 3159 alr
557 3096 607 3159 itis
627 3093 793 3158 Ecclesiae
815 3092 983 3157 Doctores.
1006 3091 1049 3155 lit
1069 3093 1112 3155 oli
1133 3093 1195 3155 hoc
1215 3092 1272 3155 aits
1296 3089 1457 3156 «Verum
1476 3106 1547 3170 qao·

440 3200 526 3261 niam
547 3216 589 3260 es
610 3196 802 3275 angelorum
823 3194 972 3275 primitiis
993 3211 1101 3257 sermo
1114 3192 1251 3271 sumpsit
1271 3192 1545 3269 exordiumque

442 3298 554 3361 cilensi
575 3297 618 3360 alr
643 3296 763 3360 eisdem
785 3294 917 3358 irumaai
940 3296 1066 3374 generis
1091 3293 1273 3356 cultoribus
1286 3291 1488 3368 tissa-amas,
1506 3298 1546 3349 at·

442 3418 510 3479 que
539 3398 580 3461 ad
602 3396 776 3478 Apostolos
804 3396 950 3475 sequenti
974 3396 1061 3470 ioco,
1076 3404 1108 3457 et
1131 3395 1205 3457 inde
1225 3395 1264 3456 ad
1288 3406 1545 3474 unumquemque

443 3497 623 3565 Doctorum
634 3496 766 3561 deducti
778 3515 904 3573 sumus,
918 3498 1090 3561 redeamus
1105 3497 1144 3560 ad
1159 3497 1316 3577 originem
1332 3506 1548 3571 eorumquae

444 3601 606 3663 discutere
621 3614 843 3678 coeperamus.
861 3596 965 3678 lgiins
987 3595 1415 3677 uuusquisqueangelornm
1438 3594 1467 3653 ia
1482 3606 1547 3653 con·

443 3701 659 3763 summatione
678 3698 780 3761 seculi
800 3696 906 3761 aderit
926 3697 1105 3777 injudicio,
1128 3696 1268 3761 educens
1283 3714 1340 3759 eos
1360 3710 1471 3757 secum
1485 3690 1549 3771 qui·

445 3802 504 3866 bus
526 3800 681 3883 praefuit,
702 3816 785 3879 qnos
805 3798 945 3880 adiuvit,
966 3816 1050 3878 qnos
1069 3798 1239 3871 instruxit,
1260 3814 1320 3877 pro
1337 3796 1456 3876 quibus
1476 3808 1549 3855 sem-

444 3924 505 3985 per
527 3905 605 3967 sidit
626 3902 740 3966 ieciem
763 3901 880 3977 Patris,
903 3902 958 3981 qui
980 3902 1011 3963 in
1033 3900 1139 3965 coelis,
1153 3906 1212 3963 est.
1233 3898 1274 3963 lit
1295 3906 1376 3979 puto
1397 3899 1491 3961 etism
1512 3891 1548 3952 ibi

445 4006 683 4086 inquisitionem
713 4002 882 4079 loturam,
905 4019 968 4064 nou
996 4001 1127 4082 quidem
1149 4020 1190 4063 au
1210 4002 1362 4085 culturae
1391 3998 1547 4063 homiuum

443 4106 577 4187 angelus
598 4104 762 4179 deluerit,
783 4103 839 4167 sed
860 4120 903 4165 an
922 4102 1075 4166 culturae
1095 4103 1260 4183 angelicae
1280 4118 1484 4184 nequaquem
1505 4114 1547 4157 sa·

445 4208 542 4287 goitia
565 4207 704 4269 humana
728 4202 940 4284 responderit.
955 4202 1027 4267 Erit
1047 4212 1171 4283 ergoet
1192 4206 1222 4267 in
1238 4206 1300 4268 hoc
1312 4206 1470 4286 iudicium
1484 4197 1544 4267 tici,

444 4316 557 4372 utrum
578 4306 770 4386 negligentia
792 4305 902 4385 aliqua
921 4304 1142 4369 ministrorum
1163 4306 1351 4384 spirituum,
1368 4305 1426 4385 qui
1445 4300 1482 4363 ad
1497 4297 1546 4359 mi·

424 4410 615 4491 misterium
630 4413 663 4470 ot
682 4406 885 4487 adiutorium
901 4407 986 4470 missi
1008 4416 1082 4469 sunt
1096 4406 1225 4482 salutis,
1247 4424 1289 4468 an
1303 4425 1429 4479 eorum,
1445 4402 1496 4482 qui
1510 4398 1544 4459 ab

447 4512 484 4573 iis
502 4509 674 4591 iurantur,
697 4508 839 4586 ignavis,
863 4516 925 4571 tatu
949 4507 1041 4571 multi
1066 4508 1174 4588 lapsus
1199 4506 1282 4569 sitne
1305 4506 1460 4569 liumanae
1479 4516 1542 4579 pro
