3375 5567
396 796 507 843 suram
529 796 568 844 ae
591 779 723 845 modum
747 780 887 858 servari,
912 788 1012 863 prout
1030 781 1103 862 nnis
1119 781 1194 863 plns
1210 781 1262 845 vel
1282 781 1392 846 minus
1405 782 1441 845 ia
1464 801 1532 847 ma·

396 880 435 943 lis
464 879 570 945 vetitis
593 890 739 945 versatus
768 882 832 957 sit,
857 882 1043 946 concludit:
1078 880 1209 963 Oportet
1227 881 1308 945 enim
1325 882 1467 961 penitus
1494 904 1534 947 ac

395 978 524 1043 omnino
544 979 722 1061 aliquando
745 979 849 1055 κακόν
869 985 992 1047 malum
1023 992 1192 1063 peccatum
1214 984 1246 1047 io
1274 1000 1372 1047 earne
1402 984 1535 1049 sustolli

331 1096 336 1105 ·
393 1081 432 1145 ab
453 1102 500 1156 eo,
521 1085 605 1166 quod
624 1095 682 1159 eet,
698 1104 738 1147 ae
763 1084 813 1149 uti
833 1081 1069 1164 supradictum
1083 1095 1139 1158 ert,
1154 1085 1239 1166 quod
1257 1103 1453 1157 reveranon
1473 1096 1532 1160 ert,

391 1202 491 1266 neque
517 1186 695 1249 omnimode
729 1206 801 1249 esse.
828 1186 987 1262 Quoniam
1016 1206 1089 1249 cero
1112 1196 1206 1249 eatra
1229 1185 1402 1249 arbitrium
1427 1184 1534 1257 κακία

390 1305 455 1349 non
469 1286 557 1350 babet
572 1297 741 1363 naturam,
765 1298 801 1351 ut
821 1287 876 1363 eit,
897 1308 970 1351 esem
989 1308 1079 1351 omne
1100 1286 1269 1353 arbitrium
1289 1286 1353 1351 sive
1375 1287 1534 1351 voluntat

391 1386 506 1451 iet-Deo
526 1388 638 1470 suerit,
658 1407 713 1469 per
733 1390 909 1453 absolutam
930 1390 1131 1453 abolitionem
1152 1389 1312 1454 vitiositae
1328 1391 1465 1453 nullum
1485 1390 1532 1451 lo·

392 1508 463 1551 eum
477 1488 608 1566 babebit,
620 1490 696 1551 adeo
710 1498 747 1552 ut
761 1508 799 1551 ne
813 1491 917 1553 ullum
931 1489 1057 1570 quidem
1070 1491 1305 1570 receptaculum
1316 1487 1534 1571 relinquatur

390 1590 537 1671 ejusdem.
561 1592 766 1657 Sustoilenda
780 1602 869 1665 sunt,
887 1593 979 1669 dicit,
996 1612 1014 1654 a
1031 1594 1123 1656 nobie
1143 1611 1222 1656 earo
1244 1594 1392 1672 peccati,
1420 1596 1531 1655 earnis

392 1692 519 1769 vitium,
544 1693 672 1755 habitus
688 1695 779 1773 pravi
808 1713 825 1755 a
849 1704 967 1758 natura
995 1714 1055 1775 per
1084 1695 1276 1775 originalem
1301 1702 1435 1758 reatum
1452 1713 1529 1757 con·

348 1864 354 1873 ,
392 1795 499 1874 tracti,
519 1795 773 1876 qnibnsutique
798 1798 950 1859 omnibns
972 1799 1004 1858 in
1032 1798 1274 1860 resurreetione
1303 1796 1528 1875 expoliandos

390 1896 453 1958 erit
478 1896 590 1970 bomo,
619 1904 655 1959 ul
679 1906 834 1977 appareat
861 1898 976 1960 similis
997 1899 1041 1972 ei,
1065 1900 1123 1979 qni
1151 1916 1168 1959 a
1190 1895 1260 1961 Deo
1286 1898 1433 1979 primum
1449 1914 1529 1961 con·

389 1996 476 2060 ditus
502 2006 549 2061 est
573 2015 689 2077 purus,
717 1998 888 2072 innocuus,
915 1998 1105 2072 nniiormis,
1134 1998 1288 2077 simplex,
1317 1996 1423 2061 veluti
1449 1996 1528 2059 ada·

392 2100 525 2161 mussini
547 2099 659 2163 scribit
684 2098 861 2179 Apostolus
889 2099 930 2160 ad
958 2099 1221 2163 Corinthiossnb
1242 2101 1359 2163 eodem
1386 2099 1525 2171 intuitu,

389 2217 428 2261 ac
454 2199 516 2261 snb
538 2198 658 2261 eisdem
679 2199 833 2278 loquendi
857 2199 1020 2277 formulis,
1037 2208 1070 2262 et
1093 2198 1134 2262 ad
1158 2198 1242 2262 illud
1267 2202 1375 2279 ipsum
1392 2198 1525 2263 firman·

392 2300 485 2372 dnm,
499 2300 593 2381 cuins
615 2298 780 2385 Npesenns
798 2300 883 2364 idem
896 2318 1071 2380 aggressus
1089 2307 1139 2364 est
1155 2301 1407 2380 expositionem.
1425 2298 1524 2365 Nam·

392 2418 457 2480 que
480 2401 545 2465 nit:
572 2398 625 2465 Sic
644 2410 673 2464 et
693 2400 883 2464 rerurrectio
905 2411 1115 2464 mortuorum.
1139 2397 1324 2463 Seminatur
1347 2399 1387 2463 in
1414 2418 1526 2463 amru·

389 2500 511 2580 ptione,
532 2510 640 2582 turpet
660 2499 697 2563 in
717 2500 968 2584 incorruptione.
982 2499 1212 2567 Seminaturin
1224 2498 1440 2581 ipnobilitate,
1453 2518 1526 2564 eur·

388 2611 438 2681 pet
457 2600 493 2665 in
511 2602 628 2683 pluria,
643 2600 820 2666 seminatur
833 2604 869 2667 in
888 2602 1088 2683 infirmitate,
1102 2612 1210 2683 surpet
1225 2602 1261 2666 in
1274 2601 1407 2667 uirtute.
1425 2600 1524 2667 Semi·

392 2713 492 2767 natur
512 2722 625 2786 corpus
656 2702 806 2783 animale,
828 2712 936 2783 turpet
956 2724 1070 2785 eorpus
1088 2703 1246 2783 spiritale.
1270 2703 1320 2768 Ae
1344 2701 1523 2773 ita.s.1)o·

393 2814 465 2868 etor
481 2808 704 2887 potissimum,
726 2806 821 2869 sicuti
842 2812 876 2869 et
896 2805 992 2869 dirus
1021 2805 1143 2869 Paulus
1171 2806 1204 2867 in
1232 2804 1311 2881 boe,
1337 2816 1378 2871 nt
1407 2813 1521 2869 contra

393 2924 468 2981 eos,
495 2908 552 2987 qni
579 2908 809 2971 resurrectioni
833 2907 1011 2969 universae.
1025 2906 1088 2969 snb
1120 2916 1237 2970 natura
1260 2909 1426 2972 hnmanae
1447 2922 1521 2969 cor·

393 3007 555 3088 nuptibilia
578 3014 750 3089 praetextu
781 3006 1040 3081 mentiebantur,
1070 3009 1188 3069 comati
1215 3016 1294 3071 sunt
1315 3016 1522 3084 asserentes,

393 3106 580 3172 canetenim
601 3107 674 3171 tuba
689 3114 717 3169 et
737 3106 857 3171 mortui
875 3115 1041 3186 resurpent
1054 3105 1256 3188 incorrupti;
1278 3109 1358 3188 quin
1377 3118 1523 3188 uterque

395 3210 439 3274 ibi
467 3211 507 3274 tie
533 3209 640 3273 divina
673 3208 828 3273 irnitinno
858 3207 964 3287 deque
997 3210 1119 3289 poenis,
1149 3227 1235 3288 qnae
1258 3210 1290 3270 in
1317 3210 1423 3273 altera
1455 3209 1519 3270 vita

392 3322 465 3394 post
492 3311 651 3395 indicium
678 3312 887 3373 notissimum
909 3318 1016 3373 manet
1040 3310 1158 3390 probos
1187 3328 1225 3373 ae
1247 3311 1414 3391 improbos
1433 3320 1466 3375 et
1491 3310 1522 3371 in

395 3422 590 3494 perpetuum
620 3412 807 3486 duraturis,
831 3411 1014 3474 institueret
1036 3429 1240 3489 sermonem,
1265 3414 1392 3475 etiamsi
1415 3413 1496 3473 alias
1508 3452 1521 3483 ,

393 3514 449 3577 nbi
477 3530 536 3595 par
565 3531 603 3575 ac
627 3521 849 3593 opportunum
871 3512 990 3573 eisdem
1021 3512 1125 3573 visum
1148 3518 1219 3585 est,
1241 3514 1447 3591 apertissime
1464 3511 1519 3591 jn·

360 3671 362 3675 .
399 3624 456 3678 xta
483 3613 601 3678 Christi
627 3613 723 3675 rerba
750 3612 789 3675 de
815 3612 877 3674 hoc
896 3618 1090 3690 argumento
1111 3611 1304 3675 disseruere.

480 3712 669 3789 Quinimmo
688 3712 714 3775 si
743 3716 785 3777 ita
814 3711 1029 3791 accipiantur,
1059 3715 1159 3790 prout
1181 3709 1259 3789 jure
1284 3711 1512 3793 percipiendae

393 3824 485 3891 sunt,
500 3813 650 3879 Doctoris
674 3814 855 3877 locutiones
880 3813 1053 3891 nucusque
1072 3812 1329 3889 animadversae,
1351 3833 1391 3877 ac
1418 3810 1516 3875 menti

392 3916 591 3997 apostolicae
620 3915 804 3981 conformes
813 3934 825 3993 3
850 3923 980 3985 ceterae
1000 3930 1134 3991 quoque
1162 3909 1300 3994 Nysseni
1322 3914 1517 3986 sententiae,

392 4038 475 4100 quas
491 4018 643 4082 Petnvius
668 4024 700 4079 et
722 4014 862 4079 Huetius
885 4023 918 4079 et
946 4022 1091 4077 veterum
1117 4013 1264 4076 nonnulli
1285 4014 1517 4077 existimarunt

391 4122 532 4200 dogmati
559 4118 728 4201 Calliclico
757 4117 797 4179 de
825 4132 1003 4195 poenarum
1025 4114 1215 4175 aeternitate
1237 4113 1410 4188 obsistere,
1427 4111 1510 4190 pari,

391 4222 658 4303 interpretatione
685 4219 860 4297 donantur;
882 4224 915 4279 et
941 4216 1047 4277 omnia
1070 4214 1164 4293 plane
1193 4214 1224 4274 in
1246 4214 1308 4277 bac
1321 4216 1512 4293 quaestione

392 4324 550 4385 incedent.
577 4320 702 4401 Renpse
724 4337 801 4383 moa
825 4315 882 4381 Dei
898 4314 1068 4378 consilinm
1093 4315 1323 4377 commendans
1337 4317 1370 4377 in
1386 4313 1513 4378 bomine

391 4425 432 4487 ab
463 4424 530 4489 bae
550 4424 723 4489 vitiositate
744 4418 923 4501 eripiendo,
946 4416 1003 4490 ait,
1018 4416 1045 4482 si
1073 4416 1118 4478 ita
1144 4414 1316 4479 nuntiaret
1341 4418 1374 4478 in
1399 4428 1510 4477 resur·

392 4527 550 4606 rectione,
572 4535 650 4591 tune
676 4522 885 4590 statuendum
908 4524 994 4584 esset
1020 4516 1169 4583 homines
1192 4515 1312 4597 probos
1334 4523 1451 4598 utpote
1480 4511 1512 4573 in
