3375 5567
449 793 623 858 invisibiles
644 799 833 866 creaturas,
866 794 898 855 in
920 791 1038 874 quibus
1058 791 1180 854 animas
1202 792 1245 854 ob
1269 791 1422 872 quasdam
1440 807 1539 855 causas

445 896 505 959 soli
529 893 596 958 lleo
610 903 715 971 notes,
734 894 875 976 deiectae
898 894 996 960 luisse
1018 895 1049 956 in
1069 897 1163 958 istam
1184 896 1403 978 laerymarum
1426 892 1538 954 vallem.

448 997 598 1060 llttamen
615 997 780 1060 latendum
795 1005 856 1075 est,
873 997 934 1060 hou
955 1014 1017 1060 uon
1041 997 1182 1061 voluisse
1201 1013 1260 1060 uec
1281 996 1426 1058 docuisse
1444 995 1542 1070 Orige-

446 1115 537 1177 uem,
552 1107 585 1161 et
607 1099 755 1178 quamvis
777 1099 963 1190 hujusmodi
984 1100 1119 1162 subtiles
1143 1098 1355 1162 discussiones
1369 1096 1543 1160 adamussim

446 1194 510 1263 nou
524 1202 812 1264 accommodentur
827 1200 969 1280 dogmati
985 1201 1167 1280 eetboti003
1184 1219 1271 1263 meus
1288 1209 1393 1262 tameo
1407 1197 1543 1262 Auctoris

447 1305 573 1383 penitus
595 1303 641 1364 ab'
657 1320 694 1365 ea
718 1303 832 1377 variat,
857 1319 954 1382 quam
976 1305 1127 1382 exposuit
1148 1302 1313 1382 praelatus
1334 1299 1542 1380 Hieronymus.

447 1403 578 1466 iuterim
600 1413 711 1467 aulem
732 1405 764 1465 in
784 1405 986 1468 euucleando
1007 1405 1134 1468 siucero
1158 1405 1257 1486 hujus
1279 1404 1469 1485 paragraphi
1487 1417 1545 1462 eeu·

443 1525 495 1581 au,
512 1507 543 1568 iu
566 1506 676 1586 primis
690 1505 818 1569 novisse
835 1507 943 1587 Juvat,
961 1507 1157 1589 quaudoque
1179 1506 1353 1587 Origeuem
1375 1508 1437 1570 sub
1450 1495 1544 1596 ψυχῆς

446 1608 573 1672 animoa
588 1607 749 1670 vocabulo
769 1626 833 1670 nou
848 1608 1123 1689 comprehendere
1140 1601 1363 1672 tautummodo
1386 1609 1543 1678 bominem,

444 1710 499 1774 aad
521 1719 555 1774 el
575 1727 685 1774 omues
707 1710 882 1773 rationales
904 1721 1072 1774 creaturas
1094 1711 1175 1773 ideat
1198 1711 1354 1783 homiues,
1377 1709 1502 1788 augelus
1520 1712 1546 1768 at

445 1813 639 1888 daemones,
659 1813 755 1875 sicuti
781 1813 960 1893 improprie
981 1822 1096 1876 cuuota
1121 1813 1331 1876 animantium
1353 1829 1478 1891 genera.

525 1911 616 1976 tinne
637 1932 738 1994 porro
758 1913 975 1976 definitionem
992 1913 1156 1994 praemisit
1174 1914 1301 1978 lluetor
1321 1916 1352 1977 iu
1369 1915 1467 1995 liujus
1480 1909 1545 1973 Tra·

443 2021 549 2079 elatus
564 2012 662 2077 Libro
680 2013 718 2077 ll.
740 2033 769 2078 e.
788 2012 875 2077 Vlll.
893 2033 924 2076 n.
938 2013 969 2078 2.
992 2015 1046 2078 ubi
1065 2035 1105 2079 ea
1127 2017 1273 2096 prolesso
1289 2016 1329 2078 de
1342 2017 1448 2077 anima
1469 2015 1541 2094 agit:

444 2135 461 2175 s
483 2113 525 2178 Et
546 2115 631 2190 ideo,
654 2116 771 2196 iuquit,
787 2132 851 2177 uon
873 2116 949 2178 mlbl
974 2117 1103 2181 ridetur
1117 2116 1296 2179 absurdum
1317 2117 1415 2178 etiam
1432 2117 1470 2177 de
1488 2129 1547 2176 sau·

442 2217 501 2282 atie
522 2218 656 2297 augelis,
671 2205 854 2298 ceterisque
877 2219 1071 2281 coelestibus
1089 2218 1263 2282 virtutibus
1285 2220 1348 2280 tale
1370 2219 1491 2298 aliquid
1510 2215 1547 2277 di·

442 2334 529 2395 care,
554 2319 605 2381 rel
626 2319 755 2382 seutlre.
778 2318 945 2398 Siquidem
978 2318 1120 2382 delinitio
1143 2319 1197 2382 illa
1219 2316 1344 2382 unimus
1365 2321 1462 2383 etiam
1483 2321 1510 2378 in
1528 2317 1547 2377 i·

443 2435 516 2499 psus
553 2418 683 2483 ridetur
712 2421 892 2483 incurrere.
917 2417 998 2496 Quis
1026 2423 1109 2483 euim
1132 2421 1367 2484 rationabiliter
1395 2421 1547 2484 sensibiles

443 2537 499 2584 eoa
524 2537 593 2583 esse
624 2522 675 2584 rel
698 2521 833 2585 mobiles
864 2525 983 2602 poterit
1004 2521 1192 2603 denegare?
1221 2521 1365 2599 Quodsi
1390 2531 1476 2586 reela
1497 2523 1545 2584 ista

444 2620 656 2687 videturesse
670 2622 826 2700 delinitio,
842 2625 931 2702 quod
951 2624 1129 2689 substantia
1147 2626 1548 2714 rationabiliter-premen-

443 2715 488 2802 κη’
512 2731 545 2787 et
566 2716 733 2822 appenni
752 2726 911 2788 sensibilis
932 2734 964 2789 el
985 2725 1112 2788 mobilis
1134 2722 1243 2788 anima
1265 2729 1405 2799 dieatur,
1430 2727 1547 2788 ridetur

442 2833 475 2887 et
494 2825 575 2888 baeu
596 2825 708 2888 eadem
729 2827 873 2889 delinitio
895 2827 992 2890 etiam
1014 2827 1052 2888 ed
1076 2827 1206 2906 angelos
1223 2831 1396 2907 pertinere.
1418 2825 1500 2903 Quid
1519 2845 1547 2888 e-

443 2927 507 2988 ulur
521 2927 610 2990 aliud
628 2928 658 2988 iu
670 2927 746 3000 illia,
757 2946 856 3007 quam
872 2945 985 2991 sensus
1000 2927 1199 2990 rationabilis
1212 2937 1244 2992 et
1257 2937 1365 2992 motus
1380 2927 1452 2992 est?
1466 2927 1546 3004 Que-

444 3045 516 3090 rum
537 3038 647 3092 autem
670 3046 732 3091 uua
755 3028 947 3092 delinitionis
978 3031 1061 3092 ratio
1083 3036 1152 3104 est,
1176 3031 1294 3095 borum
1316 3033 1384 3094 siue
1405 3029 1500 3094 dubio
1519 3035 1546 3090 et

442 3129 556 3192 eadem
577 3130 754 3193 substantia
776 3137 835 3192 est.
860 3149 876 3186 s

524 3229 593 3293 liae
608 3231 782 3310 praemissa
796 3230 922 3294 unimus
938 3231 1002 3292 lata
1025 3230 1222 3308 delinitione,
1239 3243 1271 3296 et
1289 3233 1343 3296 ubi
1358 3251 1465 3296 omues
1477 3249 1546 3295 eou-

442 3334 585 3395 tineutur
606 3331 781 3395 rationales
802 3341 986 3408 creatorae,
1012 3331 1115 3394 laellis
1136 3335 1244 3396 evadit
1267 3335 1365 3416 bujus
1386 3336 1545 3417 pericopae

441 3435 677 3511 interpretatio.
703 3433 738 3497 lu
753 3451 818 3513 qua
840 3433 1031 3513 augelorum
1049 3445 1082 3498 et
1098 3435 1292 3497 daemonum
1314 3437 1494 3515 praecipue,
1514 3441 1543 3495 et

440 3536 573 3612 oblique
594 3535 708 3596 deinde
726 3535 892 3598 bominum
915 3537 1090 3614 exponitur
1105 3535 1245 3598 conditio
1265 3536 1327 3599 sub
1347 3537 1408 3598 boc
1429 3535 1543 3597 unimur

443 3633 603 3696 voeabulu
626 3634 665 3694 ab
680 3633 833 3713 Origene,
855 3633 974 3712 cuique
990 3642 1095 3696 tamen
1116 3651 1201 3712 quae
1216 3651 1274 3696 aua
1288 3642 1376 3708 suut,
1400 3645 1484 3698 recto
1497 3651 1544 3696 ur·

440 3737 514 3798 dine
536 3735 727 3798 distributis.
751 3733 834 3798 Cum
851 3736 935 3797 euim
957 3736 996 3797 de
1019 3736 1129 3799 muudi
1150 3737 1253 3808 iuitio,
1276 3737 1413 3816 ejusque
1428 3753 1542 3801 succes·

438 3839 509 3900 aive
530 3837 654 3897 vicibus
667 3853 706 3899 ac
725 3839 929 3915 reparatione
942 3854 1039 3900 suum
1058 3838 1125 3915 ipse
1146 3837 1289 3900 intendat
1305 3855 1493 3911 sermonem,
1507 3853 1541 3898 ao

439 3939 545 4002 omnia
568 3939 607 3998 de
631 3937 691 3999 bae
713 3954 830 4014 repro
853 3956 943 4001 more
974 3956 1035 4002 suo
1066 3935 1255 4018 Scripturas
1278 3938 1351 4000 loca
1374 3939 1481 4002 subtili
1500 3938 1539 4000 di·

438 4049 569 4102 scurrat
590 4039 854 4118 investigatione,
878 4041 920 4102 ibt
943 4045 975 4102 el
996 4039 1051 4100 illa
1074 4039 1303 4103 animadvertit
1325 4041 1355 4102 in
1378 4039 1538 4120 Evangelio

439 4149 474 4202 et
494 4136 650 4217 Epistolis
674 4139 908 4216 Apostolorum
931 4139 1034 4200 dieta:
1068 4148 1142 4200 unte
1161 4137 1273 4200 muudi
1300 4140 1537 4202 constitutionem

437 4259 479 4302 ex
501 4255 620 4319 graeco
641 4239 803 4302 vocabulo
827 4237 1003 4330 καταβολή
1027 4238 1153 4320 dejectio
1172 4239 1241 4302 sive
1261 4241 1405 4302 deductio
1425 4241 1463 4304 ab
1484 4257 1538 4302 ono

438 4341 479 4402 ad
499 4341 642 4403 alterum
664 4341 785 4404 losum.
810 4339 845 4401 lu
866 4357 933 4420 quo
956 4341 1117 4405 vocabulo
1137 4341 1197 4403 sibi
1222 4343 1325 4403 visum
1347 4353 1395 4404 eat
1415 4340 1537 4420 reperiri

441 4443 631 4521 mysterium
654 4441 754 4518 illius,
771 4441 859 4521 quod
881 4443 913 4504 iu
935 4443 1044 4504 muudi
1066 4443 1241 4516 creatione,
1255 4459 1293 4504 ae
1309 4449 1418 4521 postea
1438 4457 1538 4520 super·

441 4550 615 4606 venturum
637 4541 750 4606 luisset
771 4542 873 4606 relate
895 4543 934 4604 ad
956 4545 1095 4619 animas,
1110 4545 1178 4605 sive
1193 4549 1361 4606 creaturas
1381 4543 1535 4611 coelestes,
