3375 5567
165 799 262 878 einum
283 801 375 864 unius
402 807 513 864 antem
535 799 648 862 uxoris
671 801 800 873 virum,
821 797 948 861 etiamsi
971 796 1011 860 ad
1041 802 1241 862 senectutem

164 917 245 978 usqne
264 903 354 964 uxori
376 901 572 976 convixerit,
592 917 651 962 nec
671 918 706 962 se
729 898 866 962 tortasse
889 916 1034 980 unquam
1054 898 1094 960 ad
1115 897 1242 961 eastitar

164 1009 210 1062 tem
229 1009 257 1064 et
275 1003 499 1065 continentiam
519 1004 718 1078 exercuerit,
742 1001 920 1082 principem
941 997 1149 1080 eligimusir

221 1099 295 1166 Cum
316 1105 414 1184 igitur
436 1105 478 1166 ita
499 1103 621 1167 scribat
641 1101 797 1183 Origenes
821 1104 862 1167 do
882 1101 1030 1182 digamis,
1053 1100 1155 1164 sicubi
1176 1099 1243 1180 pri·

162 1221 226 1266 nau
244 1213 273 1266 ct
291 1205 466 1268 secundam
485 1223 625 1268 uxorem
646 1205 823 1279 amiserint,
847 1222 886 1266 ae
906 1204 941 1266 in
965 1211 1108 1282 utroque
1129 1201 1245 1282 conjn-

162 1306 200 1385 p'o
224 1310 331 1370 misere
350 1325 386 1370 se
419 1307 596 1382 verterint,
618 1307 748 1370 eosdem
776 1305 899 1370 seilicet
925 1306 994 1368 deri
1026 1323 1119 1386 posse
1148 1305 1245 1382 longa

162 1409 284 1471 meliores
304 1412 432 1488 ceteris,
455 1409 513 1490 qui
536 1425 633 1471 uuam
655 1417 781 1472 tautum
802 1425 944 1472 uxorein
966 1407 1141 1482 duxerint3
1163 1399 1246 1468 adeo

162 1516 187 1568 nt
197 1510 233 1570 ob
247 1509 306 1572 boe
317 1511 358 1570 ad
382 1509 546 1572 Ecclesiae
565 1509 737 1571 utilitatem
760 1525 821 1569 non
842 1509 949 1571 solum
965 1509 1102 1586 primam
1116 1506 1248 1570 deceret

161 1607 303 1670 admittere
327 1627 467 1673 uxorem
497 1608 553 1670 aed
578 1617 611 1674 et
630 1609 787 1671 secundas
808 1608 949 1687 probare
979 1608 1108 1686 nuptias
1128 1625 1189 1686 pro
1209 1607 1248 1668 iia

162 1709 204 1784 qni
219 1727 307 1772 sacro
329 1710 506 1772 ministerio
527 1709 731 1789 praeficiendi
753 1717 871 1781 essent,
892 1725 967 1772 cunr
988 1709 1035 1771 sie
1056 1708 1246 1771 viracuise

162 1808 353 1889 mserperti,
377 1811 541 1890 reliquum
558 1811 642 1874 vitae
665 1821 790 1888 tempus
805 1811 836 1872 in
857 1812 1004 1873 castitate
1020 1811 1245 1888 lraruiperent3

161 1910 193 1970 ila
211 1911 361 1989 suadens,
383 1914 545 1975 contraire
577 1912 743 1975 videretur
767 1920 799 1974 el
820 1913 880 1985 iis,
906 1929 991 1991 qnae
1011 1911 1147 1991 sparsim
1167 1909 1250 1972 scri·

162 2013 207 2088 psit
223 2011 258 2074 de
277 2013 428 2076 secundis
448 2013 582 2092 nuptiis,
602 2031 684 2092 quas
706 2013 774 2075 lere
794 2012 984 2092 reprobavit
1014 2011 1189 2074 universim
1212 2016 1246 2072 et

161 2107 337 2188 potissimum
359 2115 393 2176 in
410 2112 573 2178 Ecclesiae
593 2102 757 2193 ministris3
773 2132 832 2178 nec
851 2131 915 2176 non
929 2112 1108 2193 apostolico
1122 2117 1248 2175 statuto

164 2215 315 2290 resisteret,
338 2215 427 2295 quod
450 2216 525 2278 alibi
548 2223 636 2280 recte
657 2219 890 2296 interpretatus
903 2224 964 2289 est,
983 2214 1143 2294 valdeque
1163 2231 1251 2276 corn·

162 2315 310 2378 nendarit.
334 2313 420 2378 Cum
441 2325 550 2378 antem
572 2317 615 2378 ita
635 2315 774 2378 sentiens
792 2314 1040 2400 Anonymns,et
1056 2313 1250 2394 Apostolum

162 2423 255 2492 putans
277 2416 337 2478 sibi
372 2432 505 2496 prorsus
536 2416 721 2492 adversari,
752 2424 829 2480 tnnc
857 2416 956 2495 ipsius
985 2414 1083 2477 verba
1113 2415 1146 2476 in
1170 2413 1252 2475 alle·
1305 2419 1309 2426 ’

162 2515 264 2592 goriam
294 2516 549 2590 transmutavit,
571 2517 650 2596 quin
678 2516 967 2589 animadverteret,
989 2514 1128 2593 amplius
1151 2512 1252 2576 statui

163 2616 327 2696 andlopianr
350 2615 395 2678 ob
415 2633 473 2691 ea,
495 2633 580 2696 quae
606 2617 636 2678 in
666 2617 739 2680 aliis
759 2616 840 2680 locis
860 2614 1075 2678 diversimode
1103 2616 1254 2688 nonsit,

162 2724 187 2776 ct
208 2715 370 2781 Ecclesiae
399 2717 595 2799 presbyteris
627 2717 666 2780 de
696 2718 755 2782 bac
787 2736 822 2780 re
848 2717 1055 2798 praescripsit
1082 2716 1252 2796 Origenes.

162 2815 237 2894 Quae
258 2821 367 2884 omnia
392 2836 467 2882 cum
485 2818 538 2882 vix
560 2815 591 2881 iu
611 2819 751 2898 Origene
772 2818 896 2881 admitti
920 2819 1052 2898 possint,
1074 2819 1255 2881 necessario
1340 2809 1344 2813 ’

164 2917 233 2980 inter
250 2919 460 3000 apocryphos
481 2917 626 2982 censendi
641 2926 717 2982 sunt
734 2918 920 3000 hujusmodi
943 2934 1067 2994 sensns,
1088 2925 1122 2980 et
1139 2933 1257 2996 graeco

163 3013 325 3083 Glossatori
348 3017 567 3096 inscribendi,
596 3017 657 3082 fide
685 3020 802 3082 veleris
830 3019 951 3082 latinae
982 3016 1258 3098 interpretationis

162 3119 291 3195 probata.

228 3219 267 3284 Et
290 3219 474 3300 renuidem
491 3236 580 3295 vera,
595 3218 736 3284 llomilia
757 3219 860 3284 xvll.
873 3221 906 3283 in
926 3219 1048 3284 Lucam
1063 3221 1120 3282 siv:
1137 3241 1154 3279 c
1171 3217 1257 3283 Puto

162 3319 230 3380 enim
251 3337 482 3400 monogamum
503 3327 537 3382 et
559 3321 713 3399 virginem
735 3329 768 3382 ot
788 3337 865 3383 eum
884 3321 941 3401 qni
963 3323 995 3383 iu
1015 3320 1164 3381 castitate
1185 3337 1255 3399 pcr-

161 3429 285 3494 severat,
308 3437 381 3482 esse
412 3419 452 3480 de
476 3417 617 3480 Ecclesia
641 3417 720 3498 Dei;
743 3438 818 3483 eum
846 3439 925 3483 rero
945 3424 1001 3501 qni
1021 3423 1063 3484 sit
1086 3421 1257 3501 digamus,

163 3517 225 3579 licet
244 3520 363 3582 bonam
386 3518 503 3582 lrabeat
522 3520 798 3582 conversationem
822 3529 855 3584 et
876 3523 991 3584 ceteris
1012 3523 1135 3602 polleat
1157 3523 1260 3584 rirln-
1335 3553 1344 3569 =

163 3619 244 3693 tibus,
268 3631 378 3682 tamen
400 3638 463 3682 non
483 3637 552 3682 esse
572 3619 613 3682 de
635 3619 779 3684 Ecclesia
795 3629 829 3684 et
849 3623 888 3684 de
904 3640 1041 3686 numero
1062 3643 1190 3697 corum,
1204 3625 1259 3703 qni

165 3737 216 3780 uon
237 3722 357 3782 babent
378 3739 511 3800 rugam,
534 3728 592 3783 cut
612 3723 773 3786 maculam
795 3731 857 3786 ete.
873 3743 888 3778 s
905 3721 984 3785 ltenr
1006 3723 1146 3788 llomilia
1172 3723 1258 3787 xix.

164 3839 187 3880 n.
198 3818 225 3884 l.
239 3823 270 3882 in
284 3820 495 3895 Hieremiam,
510 3839 715 3902 monogamos
727 3842 908 3903 eorumque
920 3826 1150 3888 beatitudinem
1161 3845 1259 3906 snpra

164 3921 295 3999 digamus
321 3922 414 3984 vnlde
435 3923 594 3986 extollens
624 3925 757 3986 scribit:
775 3923 865 3998 «Ei,
887 3943 973 4004 qnae
993 3928 1104 3990 unicas
1132 3929 1261 4006 nuptias

165 4024 331 4095 contraxit,
348 4022 492 4084 arbitror
512 4022 746 4086 conducibilius
767 4043 835 4087 esse
857 4026 973 4106 decipi,
989 4038 1021 4089 et
1039 4037 1155 4107 putare
1176 4029 1262 4107 bipa-

165 4136 236 4182 mam
250 4122 478 4192 damnandam,
500 4130 531 4184 ct
544 4125 653 4202 poenis
674 4127 811 4186 aeternis
826 4126 1026 4190 alliciendam
1038 4147 1119 4203 esse,
1143 4138 1178 4190 nt
1193 4131 1259 4208 ipsa

166 4223 343 4285 asecnudis
373 4226 491 4302 nuptiis
511 4225 680 4297 abstinent,
710 4235 742 4289 et
764 4229 897 4306 puritati
927 4230 1068 4304 studeat,
1089 4248 1188 4310 qnam
1216 4233 1263 4293 rei

169 4325 327 4386 veritatem
349 4342 536 4404 agnoscere,
558 4336 591 4389 et
612 4326 681 4389 lieri
705 4327 874 4406 bigamam.
890 4349 907 4384 o

236 4422 384 4505 lienique
399 4425 583 4506 hujusmodi
596 4431 785 4508 anagogicas
800 4429 1013 4492 discussiones
1025 4447 1088 4492 nou
1103 4427 1264 4510 pertinere

171 4523 203 4582 ad
223 4525 418 4606 origenem,
437 4527 491 4592 sed
522 4528 657 4594 alterius
678 4529 815 4608 glomum
838 4529 972 4605 baberi,
994 4549 1037 4595 ex
1067 4549 1107 4596 eo
1131 4549 1265 4612 quoqne
