3375 5567
409 780 488 845 donn
508 776 540 840 in
552 776 614 839 isac
636 774 702 841 rita
715 770 849 859 degunt,
870 796 913 845 ex
933 797 968 844 se
988 766 1106 845 salutis
1120 796 1213 857 snae,
1229 779 1303 845 'sire
1324 778 1472 843 interitus
1491 782 1523 840 et

407 874 600 962 'perditionis
622 895 753 942 causam
775 880 858 957 lieri,
881 890 914 945 et
934 882 1028 959 adeo,
1052 890 1089 947 nt
1109 883 1183 945 inde
1204 891 1275 963 poet
1296 890 1433 945 mortem
1454 880 1524 943 nni-

412 982 465 1045 ins
485 981 527 1045 sit
547 980 659 1062 probis
679 980 867 1061 perditionis
889 983 999 1059 timor,
1013 985 1111 1048 sicuti
1133 984 1344 1065 percuntibus
1359 998 1523 1064 nunqnam

410 1082 526 1145 salutis
539 1098 636 1161 spes3
651 1081 791 1161 ideoque
805 1084 852 1145 nit
862 1082 1027 1148 Christus:
1041 1082 1189 1148 discedite
1202 1082 1362 1147 maledicti
1374 1081 1410 1144 ie
1423 1080 1526 1163 ierem

411 1192 585 1246 ocimum.
603 1202 622 1239 e
642 1180 764 1245 Deinde
785 1182 905 1247 ibidem
926 1182 996 1248 isib.
1015 1183 1057 1248 ll.
1081 1204 1108 1250 c.
1131 1184 1171 1249 V.
1193 1184 1224 1249 2.
1247 1194 1358 1248 contra
1380 1200 1449 1257 eos,
1470 1180 1525 1261 qui

414 1281 519 1348 Deum
535 1283 664 1347 Patrem
680 1281 809 1348 Domini
823 1285 924 1348 nostri
937 1286 1059 1351 bonnm
1074 1285 1259 1349 asserebant
1269 1293 1302 1349 et
1316 1302 1378 1347 non
1387 1284 1525 1366 iustum

411 1386 539 1467 justum
551 1404 631 1449 vero
643 1404 714 1449 csse
726 1384 831 1450 mom
845 1386 939 1468 Legis
953 1398 986 1452 et
1003 1387 1253 1469 Prophetarum,
1268 1386 1393 1451 scribit:
1416 1381 1526 1447 «Tum

412 1487 526 1551 deinde
541 1476 746 1567 cum,'quem
766 1488 889 1553 boun·
905 1490 1032 1566 ticum,
1046 1491 1073 1554 si
1094 1490 1134 1553 ed
1156 1508 1266 1553 omnes
1287 1488 1389 1551 bonos
1410 1493 1471 1561 est,
1487 1485 1528 1547 si·

414 1580 454 1651 ne
474 1587 575 1651 dnbio
588 1597 622 1650 ct
637 1588 676 1650 od
698 1605 769 1665 eos,
783 1591 841 1670 qni
863 1592 1003 1669 perituri
1025 1600 1112 1666 snut,
1130 1591 1234 1654 bonos
1254 1596 1374 1654 estrei
1394 1602 1528 1668 quomo·

414 1690 457 1753 do
473 1708 536 1753 non
557 1708 612 1753 eos
625 1689 761 1754 saltat?
778 1691 810 1770 Si
833 1709 897 1754 non
914 1692 999 1769 ruit,
1020 1692 1087 1775 jam
1110 1710 1172 1756 non
1187 1692 1250 1756 crit
1264 1692 1389 1754 bonne:
1411 1690 1438 1753 si
1461 1687 1530 1751 vnit

416 1800 450 1854 et
470 1809 533 1855 non
554 1799 671 1874 potest,
685 1792 753 1875 jem
767 1794 970 1873 omnipotens
991 1810 1054 1856 non
1069 1797 1141 1857 crit.
1163 1792 1249 1871 Quin
1271 1793 1378 1874 potins
1399 1790 1529 1854 audiant

416 1893 450 1954 in
465 1891 662 1973 Evangeliis,
678 1893 809 1957 Patrem
824 1892 953 1958 Domini
974 1895 1074 1957 nostri
1087 1894 1167 1959 deso
1184 1894 1302 1958 Christi
1318 1894 1424 1973 ignem
1439 1907 1530 1971 prae·

417 2000 587 2071 parantem
606 1993 738 2056 diabolo
758 2000 791 2056 et
811 1994 934 2073 angelis
956 1994 1039 2074 eius.
1063 2012 1082 2052 e
1114 1992 1205 2059 Unde
1226 2003 1260 2057 et
1279 2011 1398 2073 arguas
1420 1999 1529 2055 utrum

417 2090 646 2155 damnatorum
666 2093 807 2154 salntem
823 2093 908 2156 veile
923 2094 1098 2174 aliqnando
1115 2093 1232 2170 Deum,
1254 2093 1377 2157 etiamsi
1399 2092 1530 2165 bonnm,

417 2192 568 2257 docuerit
587 2194 757 2273 origenes.

497 2291 653 2358 Similiter
667 2292 809 2358 ilomitia
821 2294 878 2361 tit.
896 2313 926 2358 n.
936 2294 966 2359 7.
978 2294 1016 2359 ie
1028 2294 1154 2360 liorem
1166 2292 1242 2358 dere
1254 2292 1354 2370 Nece,
1364 2292 1476 2357 iideles
1491 2290 1533 2353 in

419 2393 594 2457 trodncens
614 2395 786 2475 loquentes
798 2396 914 2459 salutis
928 2397 1081 2478 propriae
1102 2396 1276 2471 studiosos,
1299 2395 1396 2469 niios,
1415 2390 1531 2472 inquit,

417 2514 507 2559 esse:
522 2496 608 2576 «qut
621 2497 870 2577 promissionum
884 2498 1076 2561 coelestium
1088 2497 1265 2576 cupiditate
1274 2497 1433 2569 succensi,
1447 2508 1531 2557 sunt·

417 2616 473 2660 mo
491 2596 601 2660 studio
622 2606 656 2660 et
672 2598 837 2679 diligentie
861 2600 1031 2675 nituntur,
1050 2617 1090 2661 ne
1110 2615 1175 2661 nna
1197 2598 1311 2661 saltem
1328 2596 1458 2660 minima
1479 2607 1532 2655 eos

420 2699 588 2763 iteatitndo
608 2707 812 2779 praetereat,
829 2701 989 2783 ‚hebemes
1010 2700 1206 2764 desiderium
1227 2718 1291 2763 non
1311 2698 1417 2761 solum
1441 2696 1531 2781 nece

422 2799 570 2865 dictionis
590 2789 790 2882 captendre,'
816 2810 850 2865 et
870 2794 951 2865 ellici
973 2802 1005 2864 in
1028 2811 1120 2883 parte
1139 2803 1237 2865 sortis
1256 2808 1458 2873 sanctornm,
1479 2792 1531 2858 sed

419 2902 517 2964 ctiam
538 2902 689 2965 assistere
710 2902 743 2964 in
764 2912 941 2983 conspectu
959 2900 1019 2967 Dei
1039 2912 1073 2966 et
1092 2920 1223 2982 semper
1240 2919 1310 2965 esso
1330 2916 1406 2964 cum
1428 2894 1534 2961 Domi·

420 3020 472 3066 no.
496 3003 561 3067 titii
584 3009 771 3079 recocunt,
792 3006 852 3084 qni
873 3010 906 3068 et
928 3006 989 3087 ipsi
1011 3006 1146 3069 tendunt
1166 3005 1205 3066 ad
1226 3002 1381 3077 salntem,
1395 3000 1451 3064 sed
1473 3012 1533 3059 non

421 3110 486 3166 tam
507 3102 621 3166 amore
634 3104 907 3180 benedictionum,
930 3115 963 3169 et
977 3106 1143 3170 desideriis
1164 3104 1416 3177 inflammantur,
1436 3112 1533 3180 quam

423 3206 486 3267 iioc
508 3208 606 3285 magis
628 3205 799 3269 habentis
821 3214 1010 3288 prospectu,
1028 3214 1067 3269 ut
1088 3206 1218 3268 dicant:
1235 3204 1355 3268 sufficit
1375 3201 1454 3263 milri
1475 3212 1535 3260 nun

424 3309 473 3370 iro
493 3306 526 3367 in
543 3307 744 3387 gehennam:
765 3307 884 3371 sufficit
899 3309 976 3370 milri
997 3326 1061 3371 non
1080 3308 1162 3370 mitti
1178 3306 1209 3367 in
1230 3306 1335 3386 ignem
1349 3310 1537 3375 aeternnm

422 3406 542 3471 scilicit
558 3408 634 3469 milri
652 3426 716 3470 non
737 3409 860 3489 expelii
874 3410 906 3471 in
923 3410 1070 3473 tenebras
1090 3408 1271 3471 exteriores
1285 3414 1348 3469 etc.
1363 3425 1381 3464 e
1397 3401 1443 3467 lta
1465 3416 1537 3483 por·

425 3528 462 3572 ro
474 3509 605 3571 iocntns
618 3526 682 3573 non
695 3517 821 3573 tantum
832 3526 939 3583 suam,
952 3520 1111 3590 qnantum
1124 3509 1375 3573 christianorum
1393 3504 1535 3568 omniurn

386 3607 389 3615 “
423 3612 491 3672 sive
504 3608 669 3673 Ecclesiae
681 3610 776 3674 iidem
793 3612 926 3692 exponit
941 3609 1098 3692 Origenes
1113 3618 1182 3673 turn
1194 3610 1233 3671 de
1249 3608 1457 3690 gaudiorum,
1469 3612 1534 3669 tum

425 3711 633 3773 cruciatuum
653 3712 854 3791 perennitate
875 3715 906 3774 in
929 3714 992 3775 vita
1017 3712 1140 3776 lotura.

507 3810 610 3875 Panlo
625 3824 696 3893 post
717 3811 858 3877 Romilio
880 3812 920 3877 X.
938 3832 967 3876 n.
989 3812 1020 3878 3.
1045 3816 1075 3875 in
1100 3811 1251 3877 eumdem
1266 3810 1399 3874 Librum
1421 3807 1540 3886 allego·

427 3913 493 3974 rice
505 3912 623 3975 iudoos
643 3912 683 3975 de
697 3915 787 3976 annis
801 3915 969 3977 servitutis
992 3934 1032 3977 ex
1048 3912 1133 3994 Lege
1146 3918 1178 3977 et
1192 3912 1263 3975 inde
1284 3913 1436 3973 hortatos
1456 3903 1540 3970 citri·

297 4068 305 4086 ,
425 4014 557 4088 stinnos,
581 4022 618 4077 nt
640 4014 671 4075 in
692 4012 755 4076 linc
775 4033 834 4077 sex
856 4032 1037 4090 annorum,
1061 4014 1107 4076 nti
1129 4013 1292 4075 israelitae
1313 4009 1538 4089 aliqnando‚a

426 4114 586 4175 servitute
607 4112 768 4190 eradant,
789 4132 827 4177 ac
849 4116 892 4178 ita
915 4116 946 4177 itt
967 4116 1105 4196 septimo
1126 4130 1209 4176 cuno
1230 4111 1325 4174 liberi
1344 4110 1442 4183 liant,
1462 4103 1539 4171 scri-

428 4214 498 4276 ltit:
521 4236 537 4272 s
561 4214 670 4277 ilonec
690 4233 771 4295 ergo
791 4234 877 4295 qnae
898 4216 997 4297 liujus
1018 4215 1131 4279 mnndi
1149 4221 1242 4286 sont,
1260 4212 1367 4291 sapis;
1388 4218 1422 4273 et
1442 4209 1473 4270 in
1494 4205 1541 4268 nis

426 4316 606 4386 exerceris,
628 4323 661 4377 et
674 4316 853 4379 secundnm
875 4328 1005 4378 carnem
1028 4317 1162 4394 cogitas,
1178 4330 1306 4375 necesse
1326 4317 1376 4372 est
1390 4316 1424 4371 ic
1441 4305 1540 4371 serri-

429 4429 465 4474 re
486 4422 629 4490 peccato.
651 4412 734 4479 (lom
757 4432 835 4477 vcro
857 4413 897 4475 ed
917 4416 1160 4494 septennarinm
1181 4426 1377 4484 nnmerum,
1399 4407 1480 4471 idest
1498 4402 1536 4466 ad

427 4514 592 4578 scientiam
606 4513 698 4596 Legis
719 4516 858 4591 veneris,
876 4524 953 4581 tunc
975 4514 1107 4595 require
1122 4515 1423 4588 tinertnteutoam,
1438 4514 1471 4575 et
1492 4524 1539 4569 re·
