3375 5567
160 784 307 860 uirtutum,
326 802 407 868 punc
425 779 457 846 es'
474 777 658 865 comparari
672 790 796 863 metet,
818 788 891 861 pout
915 778 990 843 boec
1009 776 1154 843 inuentae
1173 785 1251 840 sunt

157 886 315 966 iniquitates
333 884 367 949 in
387 904 442 958 ως
463 895 492 947 et
512 886 549 946 de
567 884 652 945 coeio
672 880 708 943 iu
729 892 848 945 terrore
864 880 1023 962 projectus
1043 890 1106 942 este
1127 876 1173 941 itn
1189 897 1248 959 po·

155 998 196 1047 tect
210 987 286 1069 fieri,
305 996 340 1049 ut
359 986 396 1047 in
409 1004 602 1067 quocumque
621 993 708 1047 etotu
726 981 971 1065 suscitandus,
987 991 1015 1044 et
1036 978 1073 1042 in
1094 998 1248 1061 quocum·

156 1085 386 1167 queperleetioue
404 1085 569 1157 uirtutum,
583 1080 735 1165 quonium
755 1080 859 1145 virtus
873 1078 1033 1145 mutabilis
1047 1088 1106 1151 est,
1121 1080 1249 1160 inputem

155 1186 230 1269 punit
248 1188 423 1262 incurrere,
445 1197 481 1248 ut
498 1182 717 1247 sicutuoitiis
737 1184 781 1245 od
800 1180 961 1255 uirtutem,
987 1180 1034 1243 ito
1056 1189 1084 1244 et
1103 1200 1124 1243 o
1144 1178 1249 1243 virtu·

156 1288 220 1352 ntus
231 1287 405 1351 inclinetur
418 1288 463 1350 od
481 1286 573 1349 nitio.
589 1283 682 1361 onon
694 1283 726 1347 si
744 1295 806 1360 est,
825 1302 1013 1365 consequent
1032 1279 1190 1346 uidebitur
1201 1299 1250 1341 re·

156 1388 256 1469 quirere
273 1391 456 1464 medicum,
476 1388 531 1451 ubi
550 1389 688 1468 inupuor
708 1395 772 1459 cet;
786 1385 864 1468 puin
883 1386 1055 1447 seeundum
1071 1382 1249 1447 Sesiomors's

156 1489 234 1568 ipsius
245 1511 359 1567 nocem,
376 1509 455 1571 opus
475 1500 520 1553 est
534 1487 652 1551 medico
665 1487 727 1561 itis,
749 1487 805 1567 qui
825 1482 1146 1549 »intumescentium
1168 1502 1249 1565 ergo

157 1593 292 1655 etsimilin
309 1602 539 1673 proponentes,
551 1592 680 1653 eusdem
693 1592 790 1652 etism
802 1588 834 1649 io
850 1586 971 1651 tntum
982 1578 1106 1650 seculis
1122 1586 1248 1667 dispen-

155 1696 305 1754 setiones·s
327 1694 459 1757 cbristo
480 1692 669 1771 repetendos
690 1709 759 1753 esse
779 1689 993 1752 arbitrentur.
1016 1687 1077 1755 Sed
1099 1688 1138 1749 nd
1162 1689 1242 1750 been

157 1793 358 1868 nosbrcriter,
376 1800 475 1873 prout
485 1810 670 1872 possumus,
682 1789 957 1870 respondebimus„
972 1786 1106 1851 bduuere
1116 1788 1247 1868 quidem

157 1900 268 1953 ueturne
287 1891 474 1954 rationabili
486 1910 616 1971 semper
629 1893 770 1955 liberum
791 1891 963 1954 arbitrium
986 1908 1047 1953 nou
1069 1906 1244 1969 negemus5

156 1990 197 2051 sed
210 2000 322 2053 tentem
336 2010 409 2054 esse
432 1992 496 2054 niun
511 1989 626 2054 Crucis
646 1990 787 2067 Cbristi,
809 2001 842 2054 et
873 1993 984 2053 mortis
1007 1990 1125 2071 hujus,
1148 2003 1247 2069 quum

156 2093 374 2155 insecutorum
396 2093 458 2155 tine
483 2092 637 2174 suscepit,
659 2110 745 2171 qnne
765 2093 805 2154 nd
827 2095 995 2155 sanitatem
1010 2102 1043 2154 et
1064 2089 1244 2155 remedium

157 2208 204 2253 non
219 2193 322 2257 solum
346 2196 527 2273 praesentis
548 2203 580 2257 et
601 2195 718 2269 futuri,
733 2195 788 2255 sed
803 2195 900 2257 etium
922 2194 1175 2274 praeteritorum
1195 2208 1245 2253 se-

157 2294 296 2369 entornun,
309 2303 344 2357 et
365 2312 430 2356 nou
441 2294 549 2357 solum
572 2296 713 2357 bumnno
729 2295 805 2357 buin
820 2302 933 2355 nostro
946 2294 1067 2366 ordini,
1080 2292 1248 2356 sedetiam

156 2394 327 2459 emlestibus
357 2395 533 2458 virtutibus
554 2397 787 2474 ordinibusque
814 2393 964 2459 subiciet.
987 2414 1005 2451 n
1036 2392 1077 2455 Et
1096 2395 1144 2459 sie
1174 2410 1248 2472 pro-

157 2511 260 2569 gressus
278 2495 421 2559 ostendit
442 2495 613 2575 Origenes,
635 2496 783 2576 quemvis
804 2495 836 2557 iu
856 2495 1006 2559 libertate
1027 2494 1154 2557 arbitrii
1178 2510 1248 2557 ree

155 2603 226 2657 uetur
243 2597 355 2673 bomo,
375 2598 447 2660 siue
465 2597 599 2676 spiritns
619 2598 651 2659 in
673 2597 786 2661 tuturo
806 2596 934 2669 seculo,
959 2602 1066 2659 tumen
1082 2612 1249 2674 nunquam

156 2691 321 2775 deinquerc
348 2714 447 2778 posse
467 2696 628 2777 probum,
647 2698 744 2761 steuu
765 2715 824 2761 nee
845 2696 1022 2777 reprobum
1037 2694 1184 2761 edneerti
1205 2692 1246 2757 ud

156 2798 372 2873 poenitentium.
1248 2836 1252 2845 ·

219 2896 396 2981 Porro-pro
412 2909 522 2965 nostru
536 2904 724 2982 quaestione
739 2904 844 2985 primo
861 2905 935 2969 loeo
951 2903 1044 2966 vnldn
1060 2902 1148 2976 tecit,
1161 2900 1248 2981 quod

99 3083 100 3106 Χ
155 2998 190 3060 nit
205 2998 372 3081 Origenes,
387 3004 525 3067 miratus
546 3006 701 3084 quosdam
717 3007 877 3083 docuisse,
895 3007 965 3071 beri
980 3006 1118 3088 possein
1133 3004 1254 3067 tuturis

156 3100 251 3163 usulis
269 3103 410 3167 aiterum
427 3104 692 3186 redemptionem,
709 3109 751 3169 its
768 3116 805 3170 ut
823 3107 958 3171 liberari
974 3110 1106 3188 possint,
1122 3124 1204 3187 quos
1218 3104 1251 3167 iu

99 3231 100 3258 i
155 3208 292 3277 praesenti
314 3205 382 3266 vitn
405 3206 559 3269 medicina
581 3208 823 3287 dispensetiouis
844 3207 967 3285 Christi
977 3225 1092 3271 sunere
1114 3224 1178 3269 nou
1192 3224 1248 3289 po·

99 3345 100 3406 3
158 3302 212 3361 mit.
231 3304 261 3367 Si
281 3324 365 3385 crgo
385 3308 433 3368 sie
453 3309 591 3371 miretur
612 3310 739 3373 Auctor
760 3310 824 3373 tnlc
844 3309 1063 3390 quorumdem
1090 3324 1252 3373 commen·

158 3410 211 3464 tnu
223 3404 412 3482 dicentium,
430 3410 580 3488 possibile
600 3410 764 3475 insecutis
786 3411 907 3493 tuturis
922 3419 995 3493 post
1015 3408 1250 3484 uouemere,

158 3509 186 3563 nt
196 3508 279 3584 prasi
293 3508 457 3572 arbitratu
475 3512 523 3572 usi
538 3509 577 3573 ud
594 3510 762 3575 meliorem
778 3511 906 3592 frugem
919 3518 1141 3583 revertentur,
1154 3510 1252 3574 sicuti

157 3611 181 3664 et
196 3609 279 3684 probi
301 3610 344 3671 nd
377 3610 452 3671 sitin
475 3611 713 3693 destinent3et
737 3613 765 3675 si
786 3612 975 3694 hujusmodi
996 3629 1143 3677 errorem
1168 3610 1251 3673 udeo

158 3708 270 3771 uinctus
290 3719 323 3772 et
346 3721 537 3775 nveersntns
551 3715 593 3775 sit
614 3714 840 3793 Adnmnntius3
856 3714 930 3793 quis
952 3712 1025 3775 iude
1041 3730 1251 3793 praesumere

158 3808 271 3885 sudent,
301 3815 410 3892 ipsum
430 3811 472 3873 de
496 3813 671 3892 eliquanto
703 3816 918 3896 reproborum
941 3814 1133 3893 poenitentis
1163 3813 1250 3894 epod

99 3903 100 3920 ¹
159 3902 256 3971 interos
269 3928 453 3991 eorumque
468 3912 687 3994 redemptione
707 3912 860 3981 sensisse?
877 3914 912 3977 iu
934 3922 1022 3977 teuto
1038 3916 1111 3977 viro
1133 3914 1164 3977 id
1180 3914 1253 3979 uul-

99 4023 100 4078 ᾗ
161 4004 256 4071 iiunde
277 4011 326 4073 ins
355 4021 404 4075 est
425 4015 626 4092 excogitare.

219 4105 389 4176 Praeterea
413 4112 551 4177 flomiiin
566 4112 653 4179 xvt.
672 4134 702 4177 n.
715 4114 746 4179 3.
763 4113 797 4179 in
810 4113 904 4179 Josue
920 4115 1061 4192 bibrum,
1079 4118 1188 4179 bestos
1204 4116 1252 4179 io·

162 4221 187 4263 te
203 4210 263 4286 nit,
286 4214 345 4292 qui
364 4223 486 4279 terrem
509 4213 765 4296 repromissionis
786 4220 994 4296 occeperint,
1020 4216 1154 4296 Deoque
1176 4236 1249 4295 pru·

161 4308 286 4378 iuncum
300 4315 379 4377 istos
399 4314 583 4394 subjecerat
596 4316 704 4379 iesus.
726 4314 851 4381 Ceteris
876 4336 956 4382 vero
978 4318 1171 4395 infidelibus,
1188 4319 1246 4399 qui

99 4411 100 4434 ¹
162 4402 185 4461 i·
208 4413 369 4477 uosissinns
392 4415 465 4488 die,
490 4418 679 4481 necessitate
707 4416 774 4480 Deo
801 4418 1038 4502 subjicientur,
1069 4418 1148 4481 nibil
1174 4420 1248 4483 boui

161 4520 213 4569 esse
228 4512 432 4589 sperandum:
455 4532 472 4573 s
493 4514 574 4580 Cum
599 4534 679 4581 sero
698 4534 741 4581 ex
763 4522 952 4587 necessitate
965 4520 1038 4600 quis
1059 4520 1159 4585 tuerit
1172 4519 1250 4585 sub·
