<?xml version="1.0" encoding="UTF-8"?>
<!DOCTYPE html PUBLIC "-//W3C//DTD XHTML 1.0 Transitional//EN"
    "http://www.w3.org/TR/xhtml1/DTD/xhtml1-transitional.dtd">
<html xmlns="http://www.w3.org/1999/xhtml" xml:lang="en" lang="en">
 <head>
  <title>
</title>
<meta http-equiv="Content-Type" content="text/html;charset=utf-8" />
  <meta name='ocr-system' content='tesseract 3.04.00' />
  <meta name='ocr-capabilities' content='ocr_page ocr_carea ocr_par ocr_line ocrx_word'/>
</head>
<body>
  <div class='ocr_page' id='page_1' title='image "./insgregoriinyss02vincgoog/insgregoriinyss02vincgoog_0833.png"; bbox 0 0 3375 5567; ppageno 0'>
   <div class='ocr_carea' id='block_1_1' title="bbox 90 784 1272 4626">
    <p class='ocr_par' dir='ltr' id='par_1_1' title="bbox 141 784 1262 1682">
     <span class='ocr_line' id='line_1_1' title="bbox 143 784 1256 870; baseline 0.005 -22"><span class='ocrx_word' id='word_1_1' title='bbox 143 784 272 850; x_wconf 85' lang='lat' dir='ltr'><strong>laboret</strong></span> <span class='ocrx_word' id='word_1_2' title='bbox 291 785 507 863; x_wconf 81' lang='lat' dir='ltr'><strong>obscuritate,</strong></span> <span class='ocrx_word' id='word_1_3' title='bbox 529 799 561 853; x_wconf 91' lang='lat' dir='ltr'><strong>et</strong></span> <span class='ocrx_word' id='word_1_4' title='bbox 584 791 691 854; x_wconf 76' lang='lat' dir='ltr'><strong>sarias</strong></span> <span class='ocrx_word' id='word_1_5' title='bbox 713 791 785 854; x_wconf 84' lang='lat' dir='ltr'><strong>irinc</strong></span> <span class='ocrx_word' id='word_1_6' title='bbox 804 791 941 854; x_wconf 84' lang='lat' dir='ltr'><strong>subierit</strong></span> <span class='ocrx_word' id='word_1_7' title='bbox 965 792 1194 870; x_wconf 78' lang='lat' dir='ltr'>expositiones,</span> <span class='ocrx_word' id='word_1_8' title='bbox 1217 799 1256 854; x_wconf 92' lang='lat' dir='ltr'><strong>ut</strong></span> 
     </span>
     <span class='ocr_line' id='line_1_2' title="bbox 142 893 1254 972; baseline 0.005 -23"><span class='ocrx_word' id='word_1_9' title='bbox 142 906 225 952; x_wconf 91' lang='lat' dir='ltr'><strong>ounc</strong></span> <span class='ocrx_word' id='word_1_10' title='bbox 246 893 443 968; x_wconf 84' lang='lat' dir='ltr'><strong>praesertim</strong></span> <span class='ocrx_word' id='word_1_11' title='bbox 460 910 502 956; x_wconf 81' lang='lat' dir='ltr'><strong>ex</strong></span> <span class='ocrx_word' id='word_1_12' title='bbox 515 894 795 966; x_wconf 75' lang='lat' dir='ltr'><strong>schismaticorum</strong></span> <span class='ocrx_word' id='word_1_13' title='bbox 810 903 842 955; x_wconf 90' lang='lat' dir='ltr'><strong>et</strong></span> <span class='ocrx_word' id='word_1_14' title='bbox 858 893 1134 956; x_wconf 78' lang='lat' dir='ltr'><strong>heterodoxorum</strong></span> <span class='ocrx_word' id='word_1_15' title='bbox 1151 900 1254 972; x_wconf 89' lang='lat' dir='ltr'><strong>parto;</strong></span> 
     </span>
     <span class='ocr_line' id='line_1_3' title="bbox 142 994 1255 1075; baseline 0.006 -24"><span class='ocrx_word' id='word_1_16' title='bbox 142 998 286 1052; x_wconf 85' lang='lat' dir='ltr'><strong>attamen</strong></span> <span class='ocrx_word' id='word_1_17' title='bbox 308 1003 421 1071; x_wconf 90' lang='lat' dir='ltr'><strong>noster</strong></span> <span class='ocrx_word' id='word_1_18' title='bbox 442 994 605 1073; x_wconf 84' lang='lat' dir='ltr'><strong>interpres</strong></span> <span class='ocrx_word' id='word_1_19' title='bbox 633 996 809 1075; x_wconf 87' lang='lat' dir='ltr'><strong>Scripturis</strong></span> <span class='ocrx_word' id='word_1_20' title='bbox 832 996 1014 1075; x_wconf 81' lang='lat' dir='ltr'><strong>spostolicis</strong></span> <span class='ocrx_word' id='word_1_21' title='bbox 1044 996 1194 1071; x_wconf 88' lang='lat' dir='ltr'><strong>collatis,</strong></span> <span class='ocrx_word' id='word_1_22' title='bbox 1217 1013 1255 1058; x_wconf 87' lang='lat' dir='ltr'><strong>ao</strong></span> 
     </span>
     <span class='ocr_line' id='line_1_4' title="bbox 142 1091 1257 1176; baseline 0.004 -24"><span class='ocrx_word' id='word_1_23' title='bbox 142 1091 310 1171; x_wconf 84' lang='lat' dir='ltr'><strong>primaeva</strong></span> <span class='ocrx_word' id='word_1_24' title='bbox 332 1096 480 1158; x_wconf 88' lang='lat' dir='ltr'><strong>consulta</strong></span> <span class='ocrx_word' id='word_1_25' title='bbox 504 1098 674 1160; x_wconf 77' lang='lat' dir='ltr'><strong>traditione</strong></span> <span class='ocrx_word' id='word_1_26' title='bbox 694 1098 926 1170; x_wconf 85' lang='lat' dir='ltr'><strong>ecclesiarum,</strong></span> <span class='ocrx_word' id='word_1_27' title='bbox 949 1115 1112 1176; x_wconf 88' lang='lat' dir='ltr'><strong>uunquam</strong></span> <span class='ocrx_word' id='word_1_28' title='bbox 1135 1095 1257 1158; x_wconf 77' lang='lat' dir='ltr'><strong>destitit</strong></span> 
     </span>
     <span class='ocr_line' id='line_1_5' title="bbox 142 1195 1257 1278; baseline 0.005 -24"><span class='ocrx_word' id='word_1_29' title='bbox 142 1195 181 1255; x_wconf 86' lang='lat' dir='ltr'><strong>ab</strong></span> <span class='ocrx_word' id='word_1_30' title='bbox 203 1197 267 1258; x_wconf 82' lang='lat' dir='ltr'><strong>lroc</strong></span> <span class='ocrx_word' id='word_1_31' title='bbox 287 1213 399 1261; x_wconf 86' lang='lat' dir='ltr'><strong>sensu.</strong></span> <span class='ocrx_word' id='word_1_32' title='bbox 426 1196 466 1260; x_wconf 80' lang='lat' dir='ltr'><strong>lit</strong></span> <span class='ocrx_word' id='word_1_33' title='bbox 487 1199 687 1278; x_wconf 88' lang='lat' dir='ltr'><strong>potissimum</strong></span> <span class='ocrx_word' id='word_1_34' title='bbox 708 1200 769 1262; x_wconf 83' lang='lat' dir='ltr'><strong>lroc</strong></span> <span class='ocrx_word' id='word_1_35' title='bbox 792 1200 871 1262; x_wconf 83' lang='lat' dir='ltr'><strong>vidit</strong></span> <span class='ocrx_word' id='word_1_36' title='bbox 891 1219 932 1262; x_wconf 83' lang='lat' dir='ltr'><strong>ex</strong></span> <span class='ocrx_word' id='word_1_37' title='bbox 947 1217 1093 1272; x_wconf 85' lang='lat' dir='ltr'><strong>sermone</strong></span> <span class='ocrx_word' id='word_1_38' title='bbox 1109 1198 1257 1262; x_wconf 84' lang='lat' dir='ltr'><strong>luculen-</strong></span> 
     </span>
     <span class='ocr_line' id='line_1_6' title="bbox 144 1294 1253 1378; baseline 0.004 -22"><span class='ocrx_word' id='word_1_39' title='bbox 144 1295 264 1360; x_wconf 89' lang='lat' dir='ltr'><strong>tissimo</strong></span> <span class='ocrx_word' id='word_1_40' title='bbox 288 1294 440 1362; x_wconf 83' lang='lat' dir='ltr'><strong>Doctoris</strong></span> <span class='ocrx_word' id='word_1_41' title='bbox 460 1301 603 1377; x_wconf 78' lang='lat' dir='ltr'><strong>gentium</strong></span> <span class='ocrx_word' id='word_1_42' title='bbox 627 1301 667 1362; x_wconf 93' lang='lat' dir='ltr'><strong>ad</strong></span> <span class='ocrx_word' id='word_1_43' title='bbox 688 1298 891 1373; x_wconf 85' lang='lat' dir='ltr'><strong>Corinthios,</strong></span> <span class='ocrx_word' id='word_1_44' title='bbox 916 1298 1056 1378; x_wconf 77' lang='lat' dir='ltr'><strong>Epistola</strong></span> <span class='ocrx_word' id='word_1_45' title='bbox 1081 1298 1106 1362; x_wconf 92' lang='lat' dir='ltr'><strong>l.</strong></span> <span class='ocrx_word' id='word_1_46' title='bbox 1129 1319 1157 1362; x_wconf 90' lang='lat' dir='ltr'><strong>o.</strong></span> <span class='ocrx_word' id='word_1_47' title='bbox 1184 1296 1253 1360; x_wconf 84' lang='lat' dir='ltr'><strong>vlt.</strong></span> 
     </span>
     <span class='ocr_line' id='line_1_7' title="bbox 142 1392 1257 1481; baseline 0 -21"><span class='ocrx_word' id='word_1_48' title='bbox 142 1392 201 1462; x_wconf 82' lang='lat' dir='ltr'><strong>td:</strong></span> <span class='ocrx_word' id='word_1_49' title='bbox 222 1395 266 1460; x_wconf 82' lang='lat' dir='ltr'><strong>iia</strong></span> <span class='ocrx_word' id='word_1_50' title='bbox 287 1407 410 1470; x_wconf 75' lang='lat' dir='ltr'><strong>ouum,</strong></span> <span class='ocrx_word' id='word_1_51' title='bbox 431 1396 487 1479; x_wconf 80' lang='lat' dir='ltr'><strong>qui</strong></span> <span class='ocrx_word' id='word_1_52' title='bbox 506 1397 710 1461; x_wconf 82' lang='lat' dir='ltr'><strong>matrimonio</strong></span> <span class='ocrx_word' id='word_1_53' title='bbox 721 1398 827 1481; x_wconf 77' lang='lat' dir='ltr'><strong>juncti</strong></span> <span class='ocrx_word' id='word_1_54' title='bbox 839 1408 926 1474; x_wconf 82' lang='lat' dir='ltr'><strong>sunt,</strong></span> <span class='ocrx_word' id='word_1_55' title='bbox 940 1396 1100 1478; x_wconf 84' lang='lat' dir='ltr'><strong>praecipio</strong></span> <span class='ocrx_word' id='word_1_56' title='bbox 1112 1415 1175 1462; x_wconf 84' lang='lat' dir='ltr'><strong>non</strong></span> <span class='ocrx_word' id='word_1_57' title='bbox 1188 1417 1257 1476; x_wconf 79' lang='lat' dir='ltr'><strong>epo,</strong></span> 
     </span>
     <span class='ocr_line' id='line_1_8' title="bbox 141 1497 1262 1580; baseline 0 -21"><span class='ocrx_word' id='word_1_58' title='bbox 141 1501 194 1560; x_wconf 80' lang='lat' dir='ltr'><strong>scd</strong></span> <span class='ocrx_word' id='word_1_59' title='bbox 214 1497 390 1576; x_wconf 82' lang='lat' dir='ltr'><strong>Dominus,</strong></span> <span class='ocrx_word' id='word_1_60' title='bbox 411 1520 541 1564; x_wconf 79' lang='lat' dir='ltr'><strong>onorem</strong></span> <span class='ocrx_word' id='word_1_61' title='bbox 560 1522 581 1564; x_wconf 86' lang='lat' dir='ltr'><strong>o</strong></span> <span class='ocrx_word' id='word_1_62' title='bbox 601 1500 671 1564; x_wconf 80' lang='lat' dir='ltr'><strong>oiro</strong></span> <span class='ocrx_word' id='word_1_63' title='bbox 691 1521 756 1564; x_wconf 84' lang='lat' dir='ltr'><strong>non</strong></span> <span class='ocrx_word' id='word_1_64' title='bbox 776 1501 947 1565; x_wconf 83' lang='lat' dir='ltr'><strong>discedere:</strong></span> <span class='ocrx_word' id='word_1_65' title='bbox 970 1501 1055 1580; x_wconf 83' lang='lat' dir='ltr'><strong>quod</strong></span> <span class='ocrx_word' id='word_1_66' title='bbox 1073 1498 1104 1561; x_wconf 84' lang='lat' dir='ltr'><strong>si</strong></span> <span class='ocrx_word' id='word_1_67' title='bbox 1117 1498 1262 1564; x_wconf 81' lang='lat' dir='ltr'><strong>discesse-</strong></span> 
     </span>
     <span class='ocr_line' id='line_1_9' title="bbox 142 1597 1034 1682; baseline 0.002 -20"><span class='ocrx_word' id='word_1_68' title='bbox 142 1597 200 1675; x_wconf 85' lang='lat' dir='ltr'><strong>rit,</strong></span> <span class='ocrx_word' id='word_1_69' title='bbox 220 1619 356 1664; x_wconf 78' lang='lat' dir='ltr'><strong>monere</strong></span> <span class='ocrx_word' id='word_1_70' title='bbox 376 1601 557 1682; x_wconf 75' lang='lat' dir='ltr'><strong>innuptum,</strong></span> <span class='ocrx_word' id='word_1_71' title='bbox 577 1614 636 1668; x_wconf 86' lang='lat' dir='ltr'><strong>out</strong></span> <span class='ocrx_word' id='word_1_72' title='bbox 655 1603 725 1666; x_wconf 87' lang='lat' dir='ltr'><strong>oiro</strong></span> <span class='ocrx_word' id='word_1_73' title='bbox 747 1623 803 1666; x_wconf 84' lang='lat' dir='ltr'><strong>ruo</strong></span> <span class='ocrx_word' id='word_1_74' title='bbox 822 1601 1034 1666; x_wconf 81' lang='lat' dir='ltr'><strong>reconciliari.</strong></span> 
     </span>
    </p>

    <p class='ocr_par' dir='ltr' id='par_1_2' title="bbox 147 1702 1267 2602">
     <span class='ocr_line' id='line_1_10' title="bbox 227 1702 1262 1785; baseline 0.001 -18"><span class='ocrx_word' id='word_1_75' title='bbox 227 1703 455 1780; x_wconf 77' lang='lat' dir='ltr'><strong>Quamobrem</strong></span> <span class='ocrx_word' id='word_1_76' title='bbox 475 1706 553 1769; x_wconf 87' lang='lat' dir='ltr'><strong>alibi</strong></span> <span class='ocrx_word' id='word_1_77' title='bbox 577 1705 722 1769; x_wconf 89' lang='lat' dir='ltr'><strong>eamdem</strong></span> <span class='ocrx_word' id='word_1_78' title='bbox 744 1705 921 1769; x_wconf 79' lang='lat' dir='ltr'><strong>doctrinam</strong></span> <span class='ocrx_word' id='word_1_79' title='bbox 947 1723 1172 1785; x_wconf 78' lang='lat' dir='ltr'><strong>propugnans,</strong></span> <span class='ocrx_word' id='word_1_80' title='bbox 1196 1702 1262 1769; x_wconf 87' lang='lat' dir='ltr'><strong>llo·</strong></span> 
     </span>
     <span class='ocr_line' id='line_1_11' title="bbox 147 1804 1258 1891; baseline 0.004 -25"><span class='ocrx_word' id='word_1_81' title='bbox 147 1805 235 1868; x_wconf 86' lang='lat' dir='ltr'><strong>milia</strong></span> <span class='ocrx_word' id='word_1_82' title='bbox 248 1804 343 1869; x_wconf 83' lang='lat' dir='ltr'><strong>xvi.</strong></span> <span class='ocrx_word' id='word_1_83' title='bbox 358 1805 395 1869; x_wconf 79' lang='lat' dir='ltr'><strong>in</strong></span> <span class='ocrx_word' id='word_1_84' title='bbox 408 1804 561 1872; x_wconf 66' lang='lat' dir='ltr'><strong>Numeros</strong></span> <span class='ocrx_word' id='word_1_85' title='bbox 575 1827 606 1871; x_wconf 88' lang='lat' dir='ltr'><strong>n.</strong></span> <span class='ocrx_word' id='word_1_86' title='bbox 628 1805 659 1874; x_wconf 74' lang='lat' dir='ltr'><strong>l.</strong></span> <span class='ocrx_word' id='word_1_87' title='bbox 682 1809 787 1887; x_wconf 82' lang='lat' dir='ltr'><strong>iuquit</strong></span> <span class='ocrx_word' id='word_1_88' title='bbox 798 1823 807 1864; x_wconf 76' lang='grc' dir='ltr'><em>τ</em></span> <span class='ocrx_word' id='word_1_89' title='bbox 820 1828 838 1866; x_wconf 75' lang='lat' dir='ltr'><strong>c</strong></span> <span class='ocrx_word' id='word_1_90' title='bbox 851 1806 995 1887; x_wconf 82' lang='lat' dir='ltr'><strong>lienique</strong></span> <span class='ocrx_word' id='word_1_91' title='bbox 1009 1819 1039 1870; x_wconf 91' lang='lat' dir='ltr'><strong>et</strong></span> <span class='ocrx_word' id='word_1_92' title='bbox 1055 1827 1112 1888; x_wconf 90' lang='lat' dir='ltr'><strong>per</strong></span> <span class='ocrx_word' id='word_1_93' title='bbox 1125 1805 1258 1891; x_wconf 79' lang='lat' dir='ltr'><strong>Moysen</strong></span> 
     </span>
     <span class='ocr_line' id='line_1_12' title="bbox 150 1907 1263 1994; baseline 0.002 -24"><span class='ocrx_word' id='word_1_94' title='bbox 150 1907 281 1986; x_wconf 79' lang='lat' dir='ltr'><strong>quidem</strong></span> <span class='ocrx_word' id='word_1_95' title='bbox 305 1910 410 1976; x_wconf 88' lang='lat' dir='ltr'><strong>multa</strong></span> <span class='ocrx_word' id='word_1_96' title='bbox 431 1911 562 1974; x_wconf 87' lang='lat' dir='ltr'><strong>loeutus</strong></span> <span class='ocrx_word' id='word_1_97' title='bbox 582 1919 631 1972; x_wconf 89' lang='lat' dir='ltr'><strong>est</strong></span> <span class='ocrx_word' id='word_1_98' title='bbox 652 1908 750 1984; x_wconf 78' lang='lat' dir='ltr'><strong>liene,</strong></span> <span class='ocrx_word' id='word_1_99' title='bbox 772 1910 935 1988; x_wconf 84' lang='lat' dir='ltr'><strong>aliquanta</strong></span> <span class='ocrx_word' id='word_1_100' title='bbox 959 1921 1062 1971; x_wconf 83' lang='lat' dir='ltr'><strong>mmeu</strong></span> <span class='ocrx_word' id='word_1_101' title='bbox 1082 1920 1115 1972; x_wconf 87' lang='lat' dir='ltr'><strong>et</strong></span> <span class='ocrx_word' id='word_1_102' title='bbox 1134 1908 1263 1994; x_wconf 71' lang='lat' dir='ltr'><strong>Moyses</strong></span> 
     </span>
     <span class='ocr_line' id='line_1_13' title="bbox 152 2010 1263 2092; baseline 0.005 -23"><span class='ocrx_word' id='word_1_103' title='bbox 152 2011 283 2088; x_wconf 85' lang='lat' dir='ltr'><strong>propriu</strong></span> <span class='ocrx_word' id='word_1_104' title='bbox 307 2015 507 2078; x_wconf 84' lang='lat' dir='ltr'><strong>anctoritate</strong></span> <span class='ocrx_word' id='word_1_105' title='bbox 527 2013 710 2075; x_wconf 83' lang='lat' dir='ltr'><strong>mandavit:</strong></span> <span class='ocrx_word' id='word_1_106' title='bbox 733 2012 818 2090; x_wconf 84' lang='lat' dir='ltr'><strong>quod</strong></span> <span class='ocrx_word' id='word_1_107' title='bbox 843 2010 997 2076; x_wconf 86' lang='lat' dir='ltr'><strong>llominns</strong></span> <span class='ocrx_word' id='word_1_108' title='bbox 1020 2015 1052 2074; x_wconf 90' lang='lat' dir='ltr'><strong>iu</strong></span> <span class='ocrx_word' id='word_1_109' title='bbox 1083 2010 1263 2092; x_wconf 78' lang='lat' dir='ltr'><strong>Evangeliis</strong></span> 
     </span>
     <span class='ocr_line' id='line_1_14' title="bbox 152 2113 1264 2194; baseline 0.004 -22"><span class='ocrx_word' id='word_1_110' title='bbox 152 2113 390 2178; x_wconf 81' lang='lat' dir='ltr'><strong>evidentissima</strong></span> <span class='ocrx_word' id='word_1_111' title='bbox 410 2117 610 2178; x_wconf 89' lang='lat' dir='ltr'><strong>distinctione</strong></span> <span class='ocrx_word' id='word_1_112' title='bbox 623 2115 773 2188; x_wconf 81' lang='lat' dir='ltr'><strong>secernit,</strong></span> <span class='ocrx_word' id='word_1_113' title='bbox 796 2133 869 2177; x_wconf 90' lang='lat' dir='ltr'><strong>oum</strong></span> <span class='ocrx_word' id='word_1_114' title='bbox 886 2115 973 2188; x_wconf 90' lang='lat' dir='ltr'><strong>dicit,</strong></span> <span class='ocrx_word' id='word_1_115' title='bbox 990 2116 1029 2178; x_wconf 89' lang='lat' dir='ltr'><strong>de</strong></span> <span class='ocrx_word' id='word_1_116' title='bbox 1045 2115 1180 2194; x_wconf 89' lang='lat' dir='ltr'><strong>repudio</strong></span> <span class='ocrx_word' id='word_1_117' title='bbox 1195 2132 1264 2177; x_wconf 90' lang='lat' dir='ltr'><strong>mu·</strong></span> 
     </span>
     <span class='ocr_line' id='line_1_15' title="bbox 154 2211 1265 2297; baseline 0.004 -25"><span class='ocrx_word' id='word_1_118' title='bbox 154 2211 241 2278; x_wconf 87' lang='lat' dir='ltr'><strong>lieris</strong></span> <span class='ocrx_word' id='word_1_119' title='bbox 262 2215 501 2296; x_wconf 72' lang='lat' dir='ltr'><strong>iuterrogatus,</strong></span> <span class='ocrx_word' id='word_1_120' title='bbox 522 2221 597 2297; x_wconf 89' lang='lat' dir='ltr'><strong>quia</strong></span> <span class='ocrx_word' id='word_1_121' title='bbox 618 2217 663 2278; x_wconf 86' lang='lat' dir='ltr'><strong>od</strong></span> <span class='ocrx_word' id='word_1_122' title='bbox 673 2213 829 2278; x_wconf 82' lang='lat' dir='ltr'><strong>duritiem</strong></span> <span class='ocrx_word' id='word_1_123' title='bbox 843 2216 947 2278; x_wconf 81' lang='lat' dir='ltr'><strong>cordis</strong></span> <span class='ocrx_word' id='word_1_124' title='bbox 960 2213 1056 2276; x_wconf 82' lang='lat' dir='ltr'><strong>uestri</strong></span> <span class='ocrx_word' id='word_1_125' title='bbox 1068 2215 1194 2293; x_wconf 84' lang='lat' dir='ltr'><strong>scripsit</strong></span> <span class='ocrx_word' id='word_1_126' title='bbox 1211 2233 1265 2276; x_wconf 90' lang='lat' dir='ltr'><strong>vo·</strong></span> 
     </span>
     <span class='ocr_line' id='line_1_16' title="bbox 153 2314 1266 2400; baseline 0.003 -23"><span class='ocrx_word' id='word_1_127' title='bbox 153 2314 198 2378; x_wconf 87' lang='lat' dir='ltr'><strong>bis</strong></span> <span class='ocrx_word' id='word_1_128' title='bbox 219 2317 303 2380; x_wconf 77' lang='lat' dir='ltr'><strong>llaec</strong></span> <span class='ocrx_word' id='word_1_129' title='bbox 324 2316 465 2400; x_wconf 78' lang='lat' dir='ltr'><strong>Moyses.</strong></span> <span class='ocrx_word' id='word_1_130' title='bbox 487 2319 535 2382; x_wconf 73' lang='lat' dir='ltr'><strong>at</strong></span> <span class='ocrx_word' id='word_1_131' title='bbox 554 2317 651 2382; x_wconf 84' lang='lat' dir='ltr'><strong>initio</strong></span> <span class='ocrx_word' id='word_1_132' title='bbox 669 2328 773 2382; x_wconf 83' lang='lat' dir='ltr'><strong>notem</strong></span> <span class='ocrx_word' id='word_1_133' title='bbox 788 2337 852 2380; x_wconf 81' lang='lat' dir='ltr'><strong>uon</strong></span> <span class='ocrx_word' id='word_1_134' title='bbox 867 2316 932 2398; x_wconf 81' lang='lat' dir='ltr'><strong>soit</strong></span> <span class='ocrx_word' id='word_1_135' title='bbox 945 2317 999 2380; x_wconf 87' lang='lat' dir='ltr'><strong>sic.</strong></span> <span class='ocrx_word' id='word_1_136' title='bbox 1016 2314 1082 2394; x_wconf 78' lang='lat' dir='ltr'><strong>Qut</strong></span> <span class='ocrx_word' id='word_1_137' title='bbox 1096 2315 1176 2380; x_wconf 84' lang='lat' dir='ltr'><strong>enim</strong></span> <span class='ocrx_word' id='word_1_138' title='bbox 1191 2316 1266 2397; x_wconf 77' lang='lat' dir='ltr'><strong>seete</strong></span> 
     </span>
     <span class='ocr_line' id='line_1_17' title="bbox 153 2413 1267 2500; baseline 0.004 -25"><span class='ocrx_word' id='word_1_139' title='bbox 153 2413 521 2491; x_wconf 59' lang='lat' dir='ltr'><strong>comminuentem</strong></span> <span class='ocrx_word' id='word_1_140' title='bbox 541 2428 570 2480; x_wconf 81' lang='lat' dir='ltr'><strong>et</strong></span> <span class='ocrx_word' id='word_1_141' title='bbox 592 2417 760 2500; x_wconf 68' lang='lat' dir='ltr'><strong>foeminum</strong></span> <span class='ocrx_word' id='word_1_142' title='bbox 779 2416 853 2498; x_wconf 72' lang='lat' dir='ltr'><strong>fecit</strong></span> <span class='ocrx_word' id='word_1_143' title='bbox 878 2437 947 2492; x_wconf 88' lang='lat' dir='ltr'><strong>eos,</strong></span> <span class='ocrx_word' id='word_1_144' title='bbox 970 2427 999 2480; x_wconf 86' lang='lat' dir='ltr'><strong>et</strong></span> <span class='ocrx_word' id='word_1_145' title='bbox 1017 2415 1121 2482; x_wconf 79' lang='lat' dir='ltr'><strong>dixit:</strong></span> <span class='ocrx_word' id='word_1_146' title='bbox 1140 2425 1267 2496; x_wconf 82' lang='lat' dir='ltr'><strong>propter</strong></span> 
     </span>
     <span class='ocr_line' id='line_1_18' title="bbox 154 2516 1267 2602; baseline 0.002 -22"><span class='ocrx_word' id='word_1_147' title='bbox 154 2516 209 2580; x_wconf 82' lang='lat' dir='ltr'><strong>loo</strong></span> <span class='ocrx_word' id='word_1_148' title='bbox 228 2519 390 2602; x_wconf 79' lang='lat' dir='ltr'><strong>relinquet</strong></span> <span class='ocrx_word' id='word_1_149' title='bbox 409 2521 500 2584; x_wconf 76' lang='lat' dir='ltr'><strong>domo</strong></span> <span class='ocrx_word' id='word_1_150' title='bbox 515 2530 638 2600; x_wconf 79' lang='lat' dir='ltr'><strong>putrem</strong></span> <span class='ocrx_word' id='word_1_151' title='bbox 656 2539 750 2586; x_wconf 77' lang='lat' dir='ltr'><strong>auum</strong></span> <span class='ocrx_word' id='word_1_152' title='bbox 769 2531 798 2582; x_wconf 85' lang='lat' dir='ltr'><strong>et</strong></span> <span class='ocrx_word' id='word_1_153' title='bbox 817 2530 948 2584; x_wconf 85' lang='lat' dir='ltr'><strong>matrem</strong></span> <span class='ocrx_word' id='word_1_154' title='bbox 969 2539 1058 2582; x_wconf 83' lang='lat' dir='ltr'><strong>snum</strong></span> <span class='ocrx_word' id='word_1_155' title='bbox 1079 2529 1107 2582; x_wconf 86' lang='lat' dir='ltr'><strong>et</strong></span> <span class='ocrx_word' id='word_1_156' title='bbox 1121 2519 1267 2582; x_wconf 65' lang='lat' dir='ltr'><strong>mione</strong></span> 
     </span>
    </p>

    <p class='ocr_par' dir='ltr' id='par_1_3' title="bbox 90 2616 1269 3816">
     <span class='ocr_line' id='line_1_19' title="bbox 156 2616 1269 2702; baseline 0 -20"><span class='ocrx_word' id='word_1_157' title='bbox 156 2616 312 2684; x_wconf 65' lang='lat' dir='ltr'><strong>titum</strong></span> <span class='ocrx_word' id='word_1_158' title='bbox 332 2643 431 2702; x_wconf 77' lang='lat' dir='ltr'><strong>suoe3</strong></span> <span class='ocrx_word' id='word_1_159' title='bbox 452 2636 481 2686; x_wconf 84' lang='lat' dir='ltr'><strong>et</strong></span> <span class='ocrx_word' id='word_1_160' title='bbox 499 2622 590 2686; x_wconf 74' lang='lat' dir='ltr'><strong>nmio</strong></span> <span class='ocrx_word' id='word_1_161' title='bbox 608 2632 701 2686; x_wconf 72' lang='lat' dir='ltr'><strong>erum</strong></span> <span class='ocrx_word' id='word_1_162' title='bbox 721 2621 756 2684; x_wconf 83' lang='lat' dir='ltr'><strong>t&#39;n</strong></span> <span class='ocrx_word' id='word_1_163' title='bbox 776 2641 871 2686; x_wconf 81' lang='lat' dir='ltr'><strong>corne</strong></span> <span class='ocrx_word' id='word_1_164' title='bbox 892 2641 969 2684; x_wconf 84' lang='lat' dir='ltr'><strong>uno.</strong></span> <span class='ocrx_word' id='word_1_165' title='bbox 991 2621 1034 2686; x_wconf 86' lang='lat' dir='ltr'><strong>Et</strong></span> <span class='ocrx_word' id='word_1_166' title='bbox 1054 2623 1162 2685; x_wconf 76' lang='lat' dir='ltr'><strong>addit:</strong></span> <span class='ocrx_word' id='word_1_167' title='bbox 1184 2622 1269 2702; x_wconf 79' lang='lat' dir='ltr'><strong>quod</strong></span> 
     </span>
     <span class='ocr_line' id='line_1_20' title="bbox 90 2707 1267 2804; baseline 0.004 -24"><span class='ocrx_word' id='word_1_168' title='bbox 90 2707 95 2717; x_wconf 71' lang='grc'><em>’</em></span> <span class='ocrx_word' id='word_1_169' title='bbox 158 2735 227 2799; x_wconf 77' lang='lat' dir='ltr'><strong>erpo</strong></span> <span class='ocrx_word' id='word_1_170' title='bbox 249 2719 334 2786; x_wconf 82' lang='lat' dir='ltr'><strong>Deus</strong></span> <span class='ocrx_word' id='word_1_171' title='bbox 353 2723 542 2804; x_wconf 70' lang='lat' dir='ltr'><strong>conjunxit,</strong></span> <span class='ocrx_word' id='word_1_172' title='bbox 564 2724 652 2788; x_wconf 77' lang='lat' dir='ltr'><strong>domo</strong></span> <span class='ocrx_word' id='word_1_173' title='bbox 671 2741 736 2786; x_wconf 84' lang='lat' dir='ltr'><strong>non</strong></span> <span class='ocrx_word' id='word_1_174' title='bbox 756 2735 887 2803; x_wconf 80' lang='lat' dir='ltr'><strong>separet.</strong></span> <span class='ocrx_word' id='word_1_175' title='bbox 912 2720 1006 2785; x_wconf 87' lang='lat' dir='ltr'><strong>Vides</strong></span> <span class='ocrx_word' id='word_1_176' title='bbox 1038 2739 1139 2800; x_wconf 77' lang='lat' dir='ltr'><strong>ergo,</strong></span> <span class='ocrx_word' id='word_1_177' title='bbox 1161 2729 1192 2784; x_wconf 88' lang='lat' dir='ltr'><strong>et</strong></span> <span class='ocrx_word' id='word_1_178' title='bbox 1214 2722 1267 2785; x_wconf 85' lang='lat' dir='ltr'><strong>lrtc</strong></span> 
     </span>
     <span class='ocr_line' id='line_1_21' title="bbox 158 2814 1263 2903; baseline 0.001 -24"><span class='ocrx_word' id='word_1_179' title='bbox 158 2814 259 2883; x_wconf 79' lang='lat' dir='ltr'><strong>Deum</strong></span> <span class='ocrx_word' id='word_1_180' title='bbox 281 2824 414 2902; x_wconf 83' lang='lat' dir='ltr'><strong>quidem</strong></span> <span class='ocrx_word' id='word_1_181' title='bbox 437 2841 499 2887; x_wconf 91' lang='lat' dir='ltr'><strong>uon</strong></span> <span class='ocrx_word' id='word_1_182' title='bbox 519 2826 731 2903; x_wconf 73' lang='lat' dir='ltr'><strong>praecepisse,</strong></span> <span class='ocrx_word' id='word_1_183' title='bbox 748 2842 806 2886; x_wconf 90' lang='lat' dir='ltr'><strong>neo</strong></span> <span class='ocrx_word' id='word_1_184' title='bbox 821 2825 889 2886; x_wconf 87' lang='lat' dir='ltr'><strong>lieri</strong></span> <span class='ocrx_word' id='word_1_185' title='bbox 907 2823 1045 2886; x_wconf 88' lang='lat' dir='ltr'><strong>voluisse</strong></span> <span class='ocrx_word' id='word_1_186' title='bbox 1067 2823 1263 2884; x_wconf 82' lang='lat' dir='ltr'><strong>divortium:</strong></span> 
     </span>
     <span class='ocr_line' id='line_1_22' title="bbox 162 2917 1268 3005; baseline 0.006 -23"><span class='ocrx_word' id='word_1_187' title='bbox 162 2917 308 3005; x_wconf 74' lang='lat' dir='ltr'><strong>lloysem</strong></span> <span class='ocrx_word' id='word_1_188' title='bbox 332 2943 411 2988; x_wconf 83' lang='lat' dir='ltr'><strong>roro</strong></span> <span class='ocrx_word' id='word_1_189' title='bbox 433 2936 566 3004; x_wconf 88' lang='lat' dir='ltr'><strong>propter</strong></span> <span class='ocrx_word' id='word_1_190' title='bbox 586 2927 738 2988; x_wconf 85' lang='lat' dir='ltr'><strong>duritiam</strong></span> <span class='ocrx_word' id='word_1_191' title='bbox 760 2927 866 2988; x_wconf 82' lang='lat' dir='ltr'><strong>cordis</strong></span> <span class='ocrx_word' id='word_1_192' title='bbox 885 2925 1081 3005; x_wconf 83' lang='lat' dir='ltr'><strong>judaeorum</strong></span> <span class='ocrx_word' id='word_1_193' title='bbox 1105 2924 1268 3004; x_wconf 84' lang='lat' dir='ltr'><strong>scripsisse</strong></span> 
     </span>
     <span class='ocr_line' id='line_1_23' title="bbox 160 3021 1267 3107; baseline 0.007 -25"><span class='ocrx_word' id='word_1_194' title='bbox 160 3021 298 3090; x_wconf 83' lang='lat' dir='ltr'><strong>dandum</strong></span> <span class='ocrx_word' id='word_1_195' title='bbox 319 3045 392 3090; x_wconf 79' lang='lat' dir='ltr'><strong>esse</strong></span> <span class='ocrx_word' id='word_1_196' title='bbox 412 3029 596 3107; x_wconf 85' lang='lat' dir='ltr'><strong>repudium.</strong></span> <span class='ocrx_word' id='word_1_197' title='bbox 622 3029 770 3090; x_wconf 84' lang='lat' dir='ltr'><strong>Ostendit</strong></span> <span class='ocrx_word' id='word_1_198' title='bbox 798 3029 877 3089; x_wconf 83' lang='lat' dir='ltr'><strong>haec</strong></span> <span class='ocrx_word' id='word_1_199' title='bbox 898 3037 931 3091; x_wconf 91' lang='lat' dir='ltr'><strong>et</strong></span> <span class='ocrx_word' id='word_1_200' title='bbox 962 3027 1082 3090; x_wconf 86' lang='lat' dir='ltr'><strong>Paulus</strong></span> <span class='ocrx_word' id='word_1_201' title='bbox 1105 3027 1135 3089; x_wconf 85' lang='lat' dir='ltr'><strong>in</strong></span> <span class='ocrx_word' id='word_1_202' title='bbox 1163 3026 1267 3090; x_wconf 82' lang='lat' dir='ltr'><strong>literis</strong></span> 
     </span>
     <span class='ocr_line' id='line_1_24' title="bbox 159 3127 1267 3207; baseline 0 -21"><span class='ocrx_word' id='word_1_203' title='bbox 159 3127 235 3199; x_wconf 83' lang='lat' dir='ltr'><strong>auis,</strong></span> <span class='ocrx_word' id='word_1_204' title='bbox 251 3144 328 3190; x_wconf 90' lang='lat' dir='ltr'><strong>cum</strong></span> <span class='ocrx_word' id='word_1_205' title='bbox 345 3128 422 3190; x_wconf 90' lang='lat' dir='ltr'><strong>dicit</strong></span> <span class='ocrx_word' id='word_1_206' title='bbox 433 3131 471 3193; x_wconf 87' lang='lat' dir='ltr'><strong>do</strong></span> <span class='ocrx_word' id='word_1_207' title='bbox 483 3129 687 3207; x_wconf 87' lang='lat' dir='ltr'><strong>quibusdam:</strong></span> <span class='ocrx_word' id='word_1_208' title='bbox 702 3129 856 3192; x_wconf 82' lang='lat' dir='ltr'><strong>Dominus</strong></span> <span class='ocrx_word' id='word_1_209' title='bbox 875 3129 963 3202; x_wconf 90' lang='lat' dir='ltr'><strong>dicit,</strong></span> <span class='ocrx_word' id='word_1_210' title='bbox 980 3136 1011 3190; x_wconf 87' lang='lat' dir='ltr'><strong>et</strong></span> <span class='ocrx_word' id='word_1_211' title='bbox 1027 3146 1088 3189; x_wconf 91' lang='lat' dir='ltr'><strong>uon</strong></span> <span class='ocrx_word' id='word_1_212' title='bbox 1103 3147 1162 3204; x_wconf 84' lang='lat' dir='ltr'><strong>ego</strong></span> <span class='ocrx_word' id='word_1_213' title='bbox 1176 3136 1267 3190; x_wconf 81' lang='lat' dir='ltr'><strong>cte.»</strong></span> 
     </span>
     <span class='ocr_line' id='line_1_25' title="bbox 160 3222 1266 3308; baseline 0.005 -22"><span class='ocrx_word' id='word_1_214' title='bbox 160 3222 200 3287; x_wconf 83' lang='lat' dir='ltr'><strong>lit</strong></span> <span class='ocrx_word' id='word_1_215' title='bbox 214 3228 288 3291; x_wconf 83' lang='lat' dir='ltr'><strong>trino</strong></span> <span class='ocrx_word' id='word_1_216' title='bbox 304 3227 444 3292; x_wconf 89' lang='lat' dir='ltr'><strong>llomilia</strong></span> <span class='ocrx_word' id='word_1_217' title='bbox 462 3229 516 3294; x_wconf 85' lang='lat' dir='ltr'><strong>ttt.</strong></span> <span class='ocrx_word' id='word_1_218' title='bbox 536 3250 566 3292; x_wconf 91' lang='lat' dir='ltr'><strong>o.</strong></span> <span class='ocrx_word' id='word_1_219' title='bbox 583 3229 612 3296; x_wconf 88' lang='lat' dir='ltr'><strong>l.</strong></span> <span class='ocrx_word' id='word_1_220' title='bbox 630 3233 661 3292; x_wconf 91' lang='lat' dir='ltr'><strong>ln</strong></span> <span class='ocrx_word' id='word_1_221' title='bbox 676 3231 824 3294; x_wconf 90' lang='lat' dir='ltr'><strong>eumdem</strong></span> <span class='ocrx_word' id='word_1_222' title='bbox 840 3227 986 3302; x_wconf 87' lang='lat' dir='ltr'><strong>Librum,</strong></span> <span class='ocrx_word' id='word_1_223' title='bbox 1004 3229 1148 3308; x_wconf 74' lang='lat' dir='ltr'><strong>Apostoli</strong></span> <span class='ocrx_word' id='word_1_224' title='bbox 1170 3230 1266 3292; x_wconf 86' lang='lat' dir='ltr'><strong>verba</strong></span> 
     </span>
     <span class='ocr_line' id='line_1_26' title="bbox 162 3330 1268 3416; baseline 0.005 -28"><span class='ocrx_word' id='word_1_225' title='bbox 162 3345 323 3406; x_wconf 82' lang='lat' dir='ltr'><strong>exponens</strong></span> <span class='ocrx_word' id='word_1_226' title='bbox 345 3333 385 3394; x_wconf 89' lang='lat' dir='ltr'><strong>de</strong></span> <span class='ocrx_word' id='word_1_227' title='bbox 404 3334 598 3396; x_wconf 73' lang='lat' dir='ltr'><strong>matrimonii</strong></span> <span class='ocrx_word' id='word_1_228' title='bbox 615 3334 768 3416; x_wconf 78' lang='lat' dir='ltr'><strong>mysterio</strong></span> <span class='ocrx_word' id='word_1_229' title='bbox 783 3335 815 3394; x_wconf 92' lang='lat' dir='ltr'><strong>io</strong></span> <span class='ocrx_word' id='word_1_230' title='bbox 829 3330 972 3396; x_wconf 86' lang='lat' dir='ltr'><strong>Ecclesia</strong></span> <span class='ocrx_word' id='word_1_231' title='bbox 992 3333 1163 3395; x_wconf 87' lang='lat' dir='ltr'><strong>christiana</strong></span> <span class='ocrx_word' id='word_1_232' title='bbox 1180 3355 1188 3395; x_wconf 92' lang='lat'><strong>:</strong></span> <span class='ocrx_word' id='word_1_233' title='bbox 1203 3351 1268 3411; x_wconf 84' lang='lat' dir='ltr'><strong>mp-</strong></span> 
     </span>
     <span class='ocr_line' id='line_1_27' title="bbox 162 3428 1269 3513; baseline 0.007 -25"><span class='ocrx_word' id='word_1_234' title='bbox 162 3428 288 3494; x_wconf 74' lang='lat' dir='ltr'><strong>areium</strong></span> <span class='ocrx_word' id='word_1_235' title='bbox 309 3433 366 3494; x_wconf 77' lang='lat' dir='ltr'><strong>icc</strong></span> <span class='ocrx_word' id='word_1_236' title='bbox 385 3451 536 3513; x_wconf 79' lang='lat' dir='ltr'><strong>ruopnum</strong></span> <span class='ocrx_word' id='word_1_237' title='bbox 555 3443 610 3509; x_wconf 83' lang='lat' dir='ltr'><strong>eat,</strong></span> <span class='ocrx_word' id='word_1_238' title='bbox 632 3451 686 3513; x_wconf 76' lang='lat' dir='ltr'><strong>epo</strong></span> <span class='ocrx_word' id='word_1_239' title='bbox 706 3444 810 3497; x_wconf 79' lang='lat' dir='ltr'><strong>octena</strong></span> <span class='ocrx_word' id='word_1_240' title='bbox 830 3432 901 3496; x_wconf 88' lang='lat' dir='ltr'><strong>dieo</strong></span> <span class='ocrx_word' id='word_1_241' title='bbox 921 3433 957 3496; x_wconf 82' lang='lat' dir='ltr'><strong>in</strong></span> <span class='ocrx_word' id='word_1_242' title='bbox 982 3431 1103 3504; x_wconf 74' lang='lat' dir='ltr'><strong>Christo</strong></span> <span class='ocrx_word' id='word_1_243' title='bbox 1118 3445 1146 3496; x_wconf 83' lang='lat' dir='ltr'><strong>ct</strong></span> <span class='ocrx_word' id='word_1_244' title='bbox 1158 3434 1194 3498; x_wconf 83' lang='lat' dir='ltr'><strong>in</strong></span> <span class='ocrx_word' id='word_1_245' title='bbox 1210 3433 1269 3496; x_wconf 79' lang='lat' dir='ltr'><strong>Eo·</strong></span> 
     </span>
     <span class='ocr_line' id='line_1_28' title="bbox 163 3528 1267 3619; baseline 0.003 -26"><span class='ocrx_word' id='word_1_246' title='bbox 163 3528 276 3605; x_wconf 73' lang='lat' dir='ltr'><strong>cleric,</strong></span> <span class='ocrx_word' id='word_1_247' title='bbox 299 3542 453 3608; x_wconf 88' lang='lat' dir='ltr'><strong>attamen,</strong></span> <span class='ocrx_word' id='word_1_248' title='bbox 476 3553 540 3598; x_wconf 89' lang='lat' dir='ltr'><strong>oon</strong></span> <span class='ocrx_word' id='word_1_249' title='bbox 560 3537 695 3598; x_wconf 80' lang='lat' dir='ltr'><strong>excluso</strong></span> <span class='ocrx_word' id='word_1_250' title='bbox 710 3537 875 3619; x_wconf 77' lang='lat' dir='ltr'><strong>mysterio,</strong></span> <span class='ocrx_word' id='word_1_251' title='bbox 891 3534 999 3598; x_wconf 86' lang='lat' dir='ltr'><strong>subdit</strong></span> <span class='ocrx_word' id='word_1_252' title='bbox 1014 3535 1101 3614; x_wconf 86' lang='lat' dir='ltr'><strong>quod</strong></span> <span class='ocrx_word' id='word_1_253' title='bbox 1118 3545 1267 3614; x_wconf 89' lang='lat' dir='ltr'><strong>oporteat</strong></span> 
     </span>
     <span class='ocr_line' id='line_1_29' title="bbox 165 3633 1269 3716; baseline 0.007 -26"><span class='ocrx_word' id='word_1_254' title='bbox 165 3633 274 3711; x_wconf 81' lang='lat' dir='ltr'><strong>ntique</strong></span> <span class='ocrx_word' id='word_1_255' title='bbox 297 3635 379 3698; x_wconf 87' lang='lat' dir='ltr'><strong>haec</strong></span> <span class='ocrx_word' id='word_1_256' title='bbox 398 3637 494 3698; x_wconf 86' lang='lat' dir='ltr'><strong>etiam</strong></span> <span class='ocrx_word' id='word_1_257' title='bbox 514 3638 692 3700; x_wconf 87' lang='lat' dir='ltr'><strong>secundum</strong></span> <span class='ocrx_word' id='word_1_258' title='bbox 714 3637 842 3698; x_wconf 78' lang='lat' dir='ltr'><strong>literam</strong></span> <span class='ocrx_word' id='word_1_259' title='bbox 865 3636 1032 3711; x_wconf 92' lang='lat' dir='ltr'><strong>custodiri,</strong></span> <span class='ocrx_word' id='word_1_260' title='bbox 1049 3637 1118 3716; x_wconf 92' lang='lat' dir='ltr'><strong>ipso</strong></span> <span class='ocrx_word' id='word_1_261' title='bbox 1134 3635 1269 3700; x_wconf 83' lang='lat' dir='ltr'><strong>Domino</strong></span> 
     </span>
     <span class='ocr_line' id='line_1_30' title="bbox 164 3730 1168 3816; baseline 0.005 -24"><span class='ocrx_word' id='word_1_262' title='bbox 164 3730 318 3797; x_wconf 84' lang='lat' dir='ltr'><strong>docente:</strong></span> <span class='ocrx_word' id='word_1_263' title='bbox 340 3735 426 3814; x_wconf 81' lang='lat' dir='ltr'><strong>qood</strong></span> <span class='ocrx_word' id='word_1_264' title='bbox 444 3755 516 3814; x_wconf 84' lang='lat' dir='ltr'><strong>erpo</strong></span> <span class='ocrx_word' id='word_1_265' title='bbox 531 3735 621 3799; x_wconf 65' lang='lat' dir='ltr'><strong>Uene</strong></span> <span class='ocrx_word' id='word_1_266' title='bbox 641 3735 823 3816; x_wconf 75' lang='lat' dir='ltr'><strong>conjunxit,</strong></span> <span class='ocrx_word' id='word_1_267' title='bbox 844 3738 934 3798; x_wconf 73' lang='lat' dir='ltr'><strong>norom</strong></span> <span class='ocrx_word' id='word_1_268' title='bbox 954 3753 1019 3797; x_wconf 80' lang='lat' dir='ltr'><strong>noc</strong></span> <span class='ocrx_word' id='word_1_269' title='bbox 1039 3745 1168 3815; x_wconf 83' lang='lat' dir='ltr'><strong>separet.</strong></span> 
     </span>
    </p>

    <p class='ocr_par' dir='ltr' id='par_1_4' title="bbox 167 3835 1272 4626">
     <span class='ocr_line' id='line_1_31' title="bbox 242 3835 1267 3916; baseline 0 -18"><span class='ocrx_word' id='word_1_270' title='bbox 242 3835 293 3898; x_wconf 77' lang='lat' dir='ltr'><strong>Ab</strong></span> <span class='ocrx_word' id='word_1_271' title='bbox 306 3840 367 3900; x_wconf 87' lang='lat' dir='ltr'><strong>hoc</strong></span> <span class='ocrx_word' id='word_1_272' title='bbox 380 3856 455 3900; x_wconf 89' lang='lat' dir='ltr'><strong>saue</strong></span> <span class='ocrx_word' id='word_1_273' title='bbox 469 3839 648 3900; x_wconf 87' lang='lat' dir='ltr'><strong>testimonio</strong></span> <span class='ocrx_word' id='word_1_274' title='bbox 658 3837 811 3901; x_wconf 86' lang='lat' dir='ltr'><strong>sullultns</strong></span> <span class='ocrx_word' id='word_1_275' title='bbox 824 3837 979 3916; x_wconf 82' lang='lat' dir='ltr'><strong>Origenes</strong></span> <span class='ocrx_word' id='word_1_276' title='bbox 990 3837 1083 3900; x_wconf 90' lang='lat' dir='ltr'><strong>sicuti</strong></span> <span class='ocrx_word' id='word_1_277' title='bbox 1095 3837 1135 3898; x_wconf 90' lang='lat' dir='ltr'><strong>ab</strong></span> <span class='ocrx_word' id='word_1_278' title='bbox 1150 3837 1267 3898; x_wconf 89' lang='lat' dir='ltr'><strong>eisdem</strong></span> 
     </span>
     <span class='ocr_line' id='line_1_32' title="bbox 167 3935 1268 4018; baseline 0 -20"><span class='ocrx_word' id='word_1_279' title='bbox 167 3951 206 3998; x_wconf 75' lang='lat' dir='ltr'><strong>ex</strong></span> <span class='ocrx_word' id='word_1_280' title='bbox 228 3935 395 4001; x_wconf 75' lang='lat' dir='ltr'><strong>Mattiaco</strong></span> <span class='ocrx_word' id='word_1_281' title='bbox 419 3940 521 4002; x_wconf 77' lang='lat' dir='ltr'><strong>serbis</strong></span> <span class='ocrx_word' id='word_1_282' title='bbox 541 3938 679 4013; x_wconf 79' lang='lat' dir='ltr'><strong>Christi,</strong></span> <span class='ocrx_word' id='word_1_283' title='bbox 703 3939 946 4018; x_wconf 84' lang='lat' dir='ltr'><strong>pharisaeorum</strong></span> <span class='ocrx_word' id='word_1_284' title='bbox 968 3937 1189 4001; x_wconf 86' lang='lat' dir='ltr'><strong>contundentis</strong></span> <span class='ocrx_word' id='word_1_285' title='bbox 1211 3937 1268 3998; x_wconf 94' lang='lat' dir='ltr'><strong>du·</strong></span> 
     </span>
     <span class='ocr_line' id='line_1_33' title="bbox 168 4034 1271 4120; baseline 0.005 -27"><span class='ocrx_word' id='word_1_286' title='bbox 168 4034 293 4098; x_wconf 76' lang='lat' dir='ltr'><strong>titiam:</strong></span> <span class='ocrx_word' id='word_1_287' title='bbox 315 4040 354 4100; x_wconf 85' lang='lat' dir='ltr'><strong>ol</strong></span> <span class='ocrx_word' id='word_1_288' title='bbox 373 4038 467 4102; x_wconf 84' lang='lat' dir='ltr'><strong>initio</strong></span> <span class='ocrx_word' id='word_1_289' title='bbox 478 4058 542 4102; x_wconf 82' lang='lat' dir='ltr'><strong>oon</strong></span> <span class='ocrx_word' id='word_1_290' title='bbox 554 4037 619 4117; x_wconf 78' lang='lat' dir='ltr'><strong>snit</strong></span> <span class='ocrx_word' id='word_1_291' title='bbox 637 4039 696 4100; x_wconf 81' lang='lat' dir='ltr'><strong>sio.-</strong></span> <span class='ocrx_word' id='word_1_292' title='bbox 710 4041 791 4120; x_wconf 84' lang='lat' dir='ltr'><strong>quod</strong></span> <span class='ocrx_word' id='word_1_293' title='bbox 813 4037 895 4100; x_wconf 83' lang='lat' dir='ltr'><strong>Dens</strong></span> <span class='ocrx_word' id='word_1_294' title='bbox 911 4036 1090 4118; x_wconf 77' lang='lat' dir='ltr'><strong>conjunxit,</strong></span> <span class='ocrx_word' id='word_1_295' title='bbox 1105 4036 1194 4098; x_wconf 79' lang='lat' dir='ltr'><strong>domo</strong></span> <span class='ocrx_word' id='word_1_296' title='bbox 1209 4053 1271 4098; x_wconf 85' lang='lat' dir='ltr'><strong>non</strong></span> 
     </span>
     <span class='ocr_line' id='line_1_34' title="bbox 167 4133 1271 4220; baseline -0.002 -20"><span class='ocrx_word' id='word_1_297' title='bbox 167 4150 296 4214; x_wconf 78' lang='lat' dir='ltr'><strong>separet,</strong></span> <span class='ocrx_word' id='word_1_298' title='bbox 321 4150 384 4204; x_wconf 83' lang='lat' dir='ltr'><strong>tom</strong></span> <span class='ocrx_word' id='word_1_299' title='bbox 410 4142 556 4205; x_wconf 85' lang='lat' dir='ltr'><strong>absolute</strong></span> <span class='ocrx_word' id='word_1_300' title='bbox 577 4150 608 4204; x_wconf 91' lang='lat' dir='ltr'><strong>et</strong></span> <span class='ocrx_word' id='word_1_301' title='bbox 631 4142 799 4220; x_wconf 90' lang='lat' dir='ltr'><strong>perspicue</strong></span> <span class='ocrx_word' id='word_1_302' title='bbox 820 4140 1011 4218; x_wconf 88' lang='lat' dir='ltr'><strong>declaratis;</strong></span> <span class='ocrx_word' id='word_1_303' title='bbox 1030 4133 1067 4202; x_wconf 83' lang='lat' dir='ltr'><strong>ac</strong></span> <span class='ocrx_word' id='word_1_304' title='bbox 1081 4138 1174 4202; x_wconf 87' lang='lat' dir='ltr'><strong>simul</strong></span> <span class='ocrx_word' id='word_1_305' title='bbox 1194 4156 1271 4200; x_wconf 91' lang='lat' dir='ltr'><strong>cuu-</strong></span> 
     </span>
     <span class='ocr_line' id='line_1_35' title="bbox 170 4239 1272 4321; baseline 0.005 -25"><span class='ocrx_word' id='word_1_306' title='bbox 170 4240 225 4298; x_wconf 88' lang='lat' dir='ltr'><strong>ctis</strong></span> <span class='ocrx_word' id='word_1_307' title='bbox 245 4241 394 4321; x_wconf 85' lang='lat' dir='ltr'><strong>inspectis</strong></span> <span class='ocrx_word' id='word_1_308' title='bbox 414 4243 660 4305; x_wconf 78' lang='lat' dir='ltr'><strong>circumstantiis</strong></span> <span class='ocrx_word' id='word_1_309' title='bbox 674 4242 714 4302; x_wconf 87' lang='lat' dir='ltr'><strong>ab</strong></span> <span class='ocrx_word' id='word_1_310' title='bbox 733 4241 934 4320; x_wconf 79' lang='lat' dir='ltr'><strong>Evangelista</strong></span> <span class='ocrx_word' id='word_1_311' title='bbox 954 4241 1080 4311; x_wconf 87' lang='lat' dir='ltr'><strong>notatis,</strong></span> <span class='ocrx_word' id='word_1_312' title='bbox 1098 4257 1161 4300; x_wconf 92' lang='lat' dir='ltr'><strong>uon</strong></span> <span class='ocrx_word' id='word_1_313' title='bbox 1176 4239 1272 4301; x_wconf 86' lang='lat' dir='ltr'><strong>aliter</strong></span> 
     </span>
     <span class='ocr_line' id='line_1_36' title="bbox 170 4331 1268 4422; baseline 0.005 -25"><span class='ocrx_word' id='word_1_314' title='bbox 170 4343 408 4418; x_wconf 83' lang='lat' dir='ltr'><strong>comprehendit</strong></span> <span class='ocrx_word' id='word_1_315' title='bbox 429 4344 462 4404; x_wconf 93' lang='lat' dir='ltr'><strong>iu</strong></span> <span class='ocrx_word' id='word_1_316' title='bbox 477 4344 525 4418; x_wconf 89' lang='lat' dir='ltr'><strong>iis,</strong></span> <span class='ocrx_word' id='word_1_317' title='bbox 540 4359 644 4422; x_wconf 87' lang='lat' dir='ltr'><strong>neque</strong></span> <span class='ocrx_word' id='word_1_318' title='bbox 658 4344 888 4419; x_wconf 79' lang='lat' dir='ltr'><strong>interpretatus</strong></span> <span class='ocrx_word' id='word_1_319' title='bbox 903 4331 963 4414; x_wconf 82' lang='lat' dir='ltr'><strong>est,</strong></span> <span class='ocrx_word' id='word_1_320' title='bbox 979 4351 1014 4404; x_wconf 93' lang='lat' dir='ltr'><strong>ut</strong></span> <span class='ocrx_word' id='word_1_321' title='bbox 1030 4340 1268 4420; x_wconf 86' lang='lat' dir='ltr'><strong>quodammodo</strong></span> 
     </span>
     <span class='ocr_line' id='line_1_37' title="bbox 172 4436 1270 4508; baseline 0.008 -13"><span class='ocrx_word' id='word_1_322' title='bbox 172 4436 377 4506; x_wconf 85' lang='lat' dir='ltr'><strong>induceretur</strong></span> <span class='ocrx_word' id='word_1_323' title='bbox 396 4445 566 4508; x_wconf 84' lang='lat' dir='ltr'><strong>admittere</strong></span> <span class='ocrx_word' id='word_1_324' title='bbox 590 4443 641 4506; x_wconf 82' lang='lat' dir='ltr'><strong>vel</strong></span> <span class='ocrx_word' id='word_1_325' title='bbox 664 4442 816 4506; x_wconf 89' lang='lat' dir='ltr'><strong>tollerare</strong></span> <span class='ocrx_word' id='word_1_326' title='bbox 837 4442 1012 4506; x_wconf 87' lang='lat' dir='ltr'><strong>divortium</strong></span> <span class='ocrx_word' id='word_1_327' title='bbox 1036 4443 1066 4502; x_wconf 92' lang='lat' dir='ltr'><strong>in</strong></span> <span class='ocrx_word' id='word_1_328' title='bbox 1080 4441 1270 4504; x_wconf 83' lang='lat' dir='ltr'><strong>christiano·</strong></span> 
     </span>
     <span class='ocr_line' id='line_1_38' title="bbox 174 4542 1267 4626; baseline 0.004 -24"><span class='ocrx_word' id='word_1_329' title='bbox 174 4555 245 4604; x_wconf 81' lang='lat' dir='ltr'><strong>rum</strong></span> <span class='ocrx_word' id='word_1_330' title='bbox 264 4545 433 4626; x_wconf 75' lang='lat' dir='ltr'><strong>conjugio,</strong></span> <span class='ocrx_word' id='word_1_331' title='bbox 457 4554 512 4608; x_wconf 88' lang='lat' dir='ltr'><strong>aut</strong></span> <span class='ocrx_word' id='word_1_332' title='bbox 534 4545 683 4610; x_wconf 83' lang='lat' dir='ltr'><strong>dubitare</strong></span> <span class='ocrx_word' id='word_1_333' title='bbox 704 4543 898 4623; x_wconf 84' lang='lat' dir='ltr'><strong>quaudoque</strong></span> <span class='ocrx_word' id='word_1_334' title='bbox 918 4545 987 4608; x_wconf 81' lang='lat' dir='ltr'><strong>eive</strong></span> <span class='ocrx_word' id='word_1_335' title='bbox 1007 4542 1049 4606; x_wconf 87' lang='lat' dir='ltr'><strong>nb</strong></span> <span class='ocrx_word' id='word_1_336' title='bbox 1070 4544 1267 4608; x_wconf 88' lang='lat' dir='ltr'><strong>adulterium</strong></span> 
     </span>
    </p>
   </div>
   <div class='ocr_carea' id='block_1_2' title="bbox 0 0 1721 5567">
    <p class='ocr_par' dir='ltr' id='par_1_5' title="bbox 0 0 1721 5567">
     <span class='ocr_line' id='line_1_39' title="bbox 0 0 1721 5567; baseline 0 0"><span class='ocrx_word' id='word_1_337' title='bbox 0 0 1721 5567; x_wconf 95' lang='lat' dir='ltr'><strong> </strong></span> 
     </span>
    </p>
   </div>
  </div>
 </body>
</html>
