<?xml version="1.0" encoding="UTF-8"?>
<!DOCTYPE html PUBLIC "-//W3C//DTD XHTML 1.0 Transitional//EN"
    "http://www.w3.org/TR/xhtml1/DTD/xhtml1-transitional.dtd">
<html xmlns="http://www.w3.org/1999/xhtml" xml:lang="en" lang="en">
 <head>
  <title>
</title>
<meta http-equiv="Content-Type" content="text/html;charset=utf-8" />
  <meta name='ocr-system' content='tesseract 3.04.00' />
  <meta name='ocr-capabilities' content='ocr_page ocr_carea ocr_par ocr_line ocrx_word'/>
</head>
<body>
  <div class='ocr_page' id='page_1' title='image "./insgregoriinyss02vincgoog/insgregoriinyss02vincgoog_0569.png"; bbox 0 0 3375 5567; ppageno 0'>
   <div class='ocr_carea' id='block_1_1' title="bbox 96 804 1321 4652">
    <p class='ocr_par' dir='ltr' id='par_1_1' title="bbox 158 804 1253 1282">
     <span class='ocr_line' id='line_1_1' title="bbox 160 804 1253 888; baseline -0.002 -16"><span class='ocrx_word' id='word_1_1' title='bbox 160 809 252 874; x_wconf 85' lang='lat' dir='ltr'><strong>sinoo</strong></span> <span class='ocrx_word' id='word_1_2' title='bbox 273 826 330 888; x_wconf 88' lang='lat' dir='ltr'><strong>per</strong></span> <span class='ocrx_word' id='word_1_3' title='bbox 349 805 489 886; x_wconf 61' lang='lat' dir='ltr'><strong>munla,</strong></span> <span class='ocrx_word' id='word_1_4' title='bbox 511 822 596 885; x_wconf 83' lang='lat' dir='ltr'><strong>qnnc</strong></span> <span class='ocrx_word' id='word_1_5' title='bbox 614 823 714 886; x_wconf 87' lang='lat' dir='ltr'><strong>rnprn</strong></span> <span class='ocrx_word' id='word_1_6' title='bbox 735 804 889 881; x_wconf 73' lang='lat' dir='ltr'><strong>elisimus,</strong></span> <span class='ocrx_word' id='word_1_7' title='bbox 910 804 1114 886; x_wconf 71' lang='lat' dir='ltr'><strong>semeipsam</strong></span> <span class='ocrx_word' id='word_1_8' title='bbox 1135 821 1253 885; x_wconf 68' lang='lat' dir='ltr'><strong>enun-</strong></span> 
     </span>
     <span class='ocr_line' id='line_1_2' title="bbox 161 904 1250 989; baseline 0.002 -17"><span class='ocrx_word' id='word_1_9' title='bbox 161 912 241 982; x_wconf 86' lang='lat' dir='ltr'><strong>rarii,</strong></span> <span class='ocrx_word' id='word_1_10' title='bbox 260 917 292 972; x_wconf 89' lang='lat' dir='ltr'><strong>et</strong></span> <span class='ocrx_word' id='word_1_11' title='bbox 313 909 485 989; x_wconf 73' lang='lat' dir='ltr'><strong>vigilanter</strong></span> <span class='ocrx_word' id='word_1_12' title='bbox 504 909 692 972; x_wconf 84' lang='lat' dir='ltr'><strong>exercuerit</strong></span> <span class='ocrx_word' id='word_1_13' title='bbox 712 911 744 972; x_wconf 91' lang='lat' dir='ltr'><strong>in</strong></span> <span class='ocrx_word' id='word_1_14' title='bbox 775 908 877 972; x_wconf 78' lang='lat' dir='ltr'><strong>verbo</strong></span> <span class='ocrx_word' id='word_1_15' title='bbox 898 904 956 970; x_wconf 84' lang='lat' dir='ltr'><strong>liei</strong></span> <span class='ocrx_word' id='word_1_16' title='bbox 978 915 1011 970; x_wconf 88' lang='lat' dir='ltr'><strong>et</strong></span> <span class='ocrx_word' id='word_1_17' title='bbox 1031 907 1104 989; x_wconf 83' lang='lat' dir='ltr'><strong>lege</strong></span> <span class='ocrx_word' id='word_1_18' title='bbox 1123 907 1250 984; x_wconf 80' lang='lat' dir='ltr'><strong>divina,</strong></span> 
     </span>
     <span class='ocr_line' id='line_1_3' title="bbox 160 1009 1249 1092; baseline -0.002 -16"><span class='ocrx_word' id='word_1_19' title='bbox 160 1013 301 1092; x_wconf 83' lang='lat' dir='ltr'><strong>continget</strong></span> <span class='ocrx_word' id='word_1_20' title='bbox 321 1013 351 1074; x_wconf 91' lang='lat' dir='ltr'><strong>ei</strong></span> <span class='ocrx_word' id='word_1_21' title='bbox 371 1009 412 1074; x_wconf 83' lang='lat' dir='ltr'><strong>tle</strong></span> <span class='ocrx_word' id='word_1_22' title='bbox 432 1011 483 1079; x_wconf 82' lang='lat' dir='ltr'><strong>bis</strong></span> <span class='ocrx_word' id='word_1_23' title='bbox 500 1010 637 1090; x_wconf 85' lang='lat' dir='ltr'><strong>singulis</strong></span> <span class='ocrx_word' id='word_1_24' title='bbox 655 1010 822 1090; x_wconf 84' lang='lat' dir='ltr'><strong>opiniones</strong></span> <span class='ocrx_word' id='word_1_25' title='bbox 845 1009 1002 1091; x_wconf 74' lang='lat' dir='ltr'>colligere</span> <span class='ocrx_word' id='word_1_26' title='bbox 1022 1009 1249 1090; x_wconf 73' lang='lat' dir='ltr'><strong>diversornmg</strong></span> 
     </span>
     <span class='ocr_line' id='line_1_4' title="bbox 158 1107 1252 1195; baseline -0.004 -17"><span class='ocrx_word' id='word_1_27' title='bbox 158 1115 283 1195; x_wconf 73' lang='lat' dir='ltr'><strong>risenm</strong></span> <span class='ocrx_word' id='word_1_28' title='bbox 304 1114 449 1178; x_wconf 88' lang='lat' dir='ltr'><strong>bominaa</strong></span> <span class='ocrx_word' id='word_1_29' title='bbox 468 1112 549 1178; x_wconf 88' lang='lat' dir='ltr'><strong>nibil</strong></span> <span class='ocrx_word' id='word_1_30' title='bbox 569 1114 759 1192; x_wconf 88' lang='lat' dir='ltr'><strong>egregium,</strong></span> <span class='ocrx_word' id='word_1_31' title='bbox 780 1110 861 1177; x_wconf 82' lang='lat' dir='ltr'>nihil</span> <span class='ocrx_word' id='word_1_32' title='bbox 882 1129 900 1176; x_wconf 90' lang='lat' dir='ltr'><strong>e</strong></span> <span class='ocrx_word' id='word_1_33' title='bbox 920 1109 1044 1192; x_wconf 88' lang='lat' dir='ltr'><strong>Spiritu</strong></span> <span class='ocrx_word' id='word_1_34' title='bbox 1066 1107 1183 1176; x_wconf 80' lang='lat' dir='ltr'><strong>Sancto</strong></span> <span class='ocrx_word' id='word_1_35' title='bbox 1203 1110 1252 1174; x_wconf 91' lang='lat' dir='ltr'><strong>lu·</strong></span> 
     </span>
     <span class='ocr_line' id='line_1_5' title="bbox 159 1226 285 1282; baseline -0.016 0"><span class='ocrx_word' id='word_1_36' title='bbox 159 1226 247 1282; x_wconf 84' lang='lat' dir='ltr'><strong>caios.</strong></span> <span class='ocrx_word' id='word_1_37' title='bbox 268 1236 285 1274; x_wconf 72' lang='grc'>1</span> 
     </span>
    </p>

    <p class='ocr_par' dir='ltr' id='par_1_2' title="bbox 157 1315 1321 3027">
     <span class='ocr_line' id='line_1_6' title="bbox 221 1315 1250 1396; baseline -0.001 -16"><span class='ocrx_word' id='word_1_38' title='bbox 221 1316 303 1394; x_wconf 85' lang='lat' dir='ltr'><strong>Qniti</strong></span> <span class='ocrx_word' id='word_1_39' title='bbox 325 1318 412 1380; x_wconf 90' lang='lat' dir='ltr'><strong>enim</strong></span> <span class='ocrx_word' id='word_1_40' title='bbox 427 1323 514 1380; x_wconf 87' lang='lat' dir='ltr'><strong>tuine</strong></span> <span class='ocrx_word' id='word_1_41' title='bbox 536 1317 589 1380; x_wconf 87' lang='lat' dir='ltr'><strong>bic</strong></span> <span class='ocrx_word' id='word_1_42' title='bbox 611 1317 776 1380; x_wconf 80' lang='lat' dir='ltr'><strong>variarum</strong></span> <span class='ocrx_word' id='word_1_43' title='bbox 789 1315 978 1396; x_wconf 81' lang='lat' dir='ltr'><strong>opinionum</strong></span> <span class='ocrx_word' id='word_1_44' title='bbox 1000 1335 1105 1381; x_wconf 76' lang='lat' dir='ltr'><strong>uonna</strong></span> <span class='ocrx_word' id='word_1_45' title='bbox 1118 1315 1250 1391; x_wconf 78' lang='lat' dir='ltr'><strong>iudicat,</strong></span> 
     </span>
     <span class='ocr_line' id='line_1_7' title="bbox 159 1418 1253 1501; baseline 0 -17"><span class='ocrx_word' id='word_1_46' title='bbox 159 1439 239 1501; x_wconf 75' lang='lat' dir='ltr'><strong>quem</strong></span> <span class='ocrx_word' id='word_1_47' title='bbox 258 1421 300 1483; x_wconf 94' lang='lat' dir='ltr'><strong>ob</strong></span> <span class='ocrx_word' id='word_1_48' title='bbox 319 1418 436 1483; x_wconf 87' lang='lat' dir='ltr'><strong>oculos</strong></span> <span class='ocrx_word' id='word_1_49' title='bbox 456 1418 583 1482; x_wconf 88' lang='lat' dir='ltr'><strong>noimae</strong></span> <span class='ocrx_word' id='word_1_50' title='bbox 602 1418 705 1483; x_wconf 81' lang='lat' dir='ltr'><strong>tidelia</strong></span> <span class='ocrx_word' id='word_1_51' title='bbox 726 1419 860 1500; x_wconf 86' lang='lat' dir='ltr'><strong>opponit</strong></span> <span class='ocrx_word' id='word_1_52' title='bbox 880 1418 1049 1500; x_wconf 86' lang='lat' dir='ltr'><strong>Origenes,</strong></span> <span class='ocrx_word' id='word_1_53' title='bbox 1073 1418 1171 1496; x_wconf 84' lang='lat' dir='ltr'><strong>ridet,</strong></span> <span class='ocrx_word' id='word_1_54' title='bbox 1194 1419 1253 1499; x_wconf 87' lang='lat' dir='ltr'><strong>qui</strong></span> 
     </span>
     <span class='ocr_line' id='line_1_8' title="bbox 158 1519 1253 1603; baseline -0.004 -15"><span class='ocrx_word' id='word_1_55' title='bbox 158 1524 310 1588; x_wconf 83' lang='lat' dir='ltr'><strong>consilium</strong></span> <span class='ocrx_word' id='word_1_56' title='bbox 330 1521 477 1602; x_wconf 82' lang='lat' dir='ltr'><strong>ejusdem</strong></span> <span class='ocrx_word' id='word_1_57' title='bbox 497 1523 529 1584; x_wconf 92' lang='lat' dir='ltr'><strong>iu</strong></span> <span class='ocrx_word' id='word_1_58' title='bbox 551 1522 613 1583; x_wconf 88' lang='lat' dir='ltr'><strong>bac</strong></span> <span class='ocrx_word' id='word_1_59' title='bbox 632 1539 669 1584; x_wconf 85' lang='lat' dir='ltr'><strong>re</strong></span> <span class='ocrx_word' id='word_1_60' title='bbox 690 1521 839 1601; x_wconf 88' lang='lat' dir='ltr'><strong>percipit,</strong></span> <span class='ocrx_word' id='word_1_61' title='bbox 854 1519 958 1584; x_wconf 84' lang='lat' dir='ltr'><strong>cidem</strong></span> <span class='ocrx_word' id='word_1_62' title='bbox 979 1523 1104 1585; x_wconf 79' lang='lat' dir='ltr'><strong>animae</strong></span> <span class='ocrx_word' id='word_1_63' title='bbox 1119 1519 1253 1603; x_wconf 81' lang='lat' dir='ltr'><strong>praenii-</strong></span> 
     </span>
     <span class='ocr_line' id='line_1_9' title="bbox 157 1607 1256 1704; baseline -0.003 -17"><span class='ocrx_word' id='word_1_64' title='bbox 157 1633 213 1688; x_wconf 87' lang='lat' dir='ltr'><strong>inm</strong></span> <span class='ocrx_word' id='word_1_65' title='bbox 232 1644 319 1688; x_wconf 84' lang='lat' dir='ltr'><strong>acere</strong></span> <span class='ocrx_word' id='word_1_66' title='bbox 337 1622 485 1702; x_wconf 82' lang='lat' dir='ltr'><strong>teipsum,</strong></span> <span class='ocrx_word' id='word_1_67' title='bbox 498 1641 537 1685; x_wconf 92' lang='lat' dir='ltr'><strong>nc</strong></span> <span class='ocrx_word' id='word_1_68' title='bbox 552 1623 630 1686; x_wconf 84' lang='lat' dir='ltr'><strong>inre</strong></span> <span class='ocrx_word' id='word_1_69' title='bbox 651 1640 785 1704; x_wconf 79' lang='lat' dir='ltr'><strong>opernm</strong></span> <span class='ocrx_word' id='word_1_70' title='bbox 804 1623 959 1703; x_wconf 71' lang='lat' dir='ltr'><strong>agnitioni</strong></span> <span class='ocrx_word' id='word_1_71' title='bbox 979 1623 1029 1688; x_wconf 89' lang='lat' dir='ltr'><strong>sni</strong></span> <span class='ocrx_word' id='word_1_72' title='bbox 1045 1640 1105 1704; x_wconf 87' lang='lat' dir='ltr'><strong>per</strong></span> <span class='ocrx_word' id='word_1_73' title='bbox 1124 1607 1256 1687; x_wconf 60' lang='lat' dir='ltr'><strong>exercit!</strong></span> 
     </span>
     <span class='ocr_line' id='line_1_10' title="bbox 157 1723 1251 1804; baseline -0.002 -15"><span class='ocrx_word' id='word_1_74' title='bbox 157 1727 191 1789; x_wconf 85' lang='lat' dir='ltr'><strong>iit</strong></span> <span class='ocrx_word' id='word_1_75' title='bbox 208 1727 369 1790; x_wconf 77' lang='lat' dir='ltr'><strong>doctrinae</strong></span> <span class='ocrx_word' id='word_1_76' title='bbox 388 1725 562 1804; x_wconf 80' lang='lat' dir='ltr'><strong>studiaque</strong></span> <span class='ocrx_word' id='word_1_77' title='bbox 582 1723 704 1799; x_wconf 78' lang='lat' dir='ltr'><strong>divina,</strong></span> <span class='ocrx_word' id='word_1_78' title='bbox 726 1731 764 1787; x_wconf 93' lang='lat' dir='ltr'><strong>ut</strong></span> <span class='ocrx_word' id='word_1_79' title='bbox 783 1724 868 1788; x_wconf 87' lang='lat' dir='ltr'><strong>iuter</strong></span> <span class='ocrx_word' id='word_1_80' title='bbox 882 1725 1001 1788; x_wconf 77' lang='lat' dir='ltr'><strong>mulino</strong></span> <span class='ocrx_word' id='word_1_81' title='bbox 1024 1732 1099 1789; x_wconf 92' lang='lat' dir='ltr'><strong>iunc</strong></span> <span class='ocrx_word' id='word_1_82' title='bbox 1114 1724 1251 1788; x_wconf 75' lang='lat' dir='ltr'><strong>inorien-</strong></span> 
     </span>
     <span class='ocr_line' id='line_1_11' title="bbox 157 1826 1254 1905; baseline -0.003 -14"><span class='ocrx_word' id='word_1_83' title='bbox 157 1837 249 1894; x_wconf 80' lang='lat' dir='ltr'><strong>reniet</strong></span> <span class='ocrx_word' id='word_1_84' title='bbox 266 1837 300 1892; x_wconf 90' lang='lat' dir='ltr'><strong>ni</strong></span> <span class='ocrx_word' id='word_1_85' title='bbox 319 1828 464 1896; x_wconf 77' lang='lat' dir='ltr'><strong>diversas</strong></span> <span class='ocrx_word' id='word_1_86' title='bbox 477 1834 511 1890; x_wconf 89' lang='lat' dir='ltr'><strong>ei</strong></span> <span class='ocrx_word' id='word_1_87' title='bbox 533 1841 628 1905; x_wconf 77' lang='lat' dir='ltr'><strong>ragno</strong></span> <span class='ocrx_word' id='word_1_88' title='bbox 641 1827 807 1905; x_wconf 75' lang='lat' dir='ltr'><strong>opinionon</strong></span> <span class='ocrx_word' id='word_1_89' title='bbox 820 1827 861 1890; x_wconf 87' lang='lat' dir='ltr'><strong>tio</strong></span> <span class='ocrx_word' id='word_1_90' title='bbox 879 1827 1004 1890; x_wconf 87' lang='lat' dir='ltr'><strong>nnimne</strong></span> <span class='ocrx_word' id='word_1_91' title='bbox 1019 1826 1184 1890; x_wconf 88' lang='lat' dir='ltr'><strong>rniiouaiir</strong></span> <span class='ocrx_word' id='word_1_92' title='bbox 1198 1842 1254 1888; x_wconf 80' lang='lat' dir='ltr'><strong>nu·</strong></span> 
     </span>
     <span class='ocr_line' id='line_1_12' title="bbox 157 1925 1321 2011; baseline 0 -19"><span class='ocrx_word' id='word_1_93' title='bbox 157 1940 229 2006; x_wconf 89' lang='lat' dir='ltr'><strong>turs,</strong></span> <span class='ocrx_word' id='word_1_94' title='bbox 244 1950 279 1995; x_wconf 88' lang='lat' dir='ltr'><strong>re</strong></span> <span class='ocrx_word' id='word_1_95' title='bbox 296 1950 334 1994; x_wconf 89' lang='lat' dir='ltr'><strong>se</strong></span> <span class='ocrx_word' id='word_1_96' title='bbox 347 1937 500 1994; x_wconf 81' lang='lat' dir='ltr'><strong>exerceat</strong></span> <span class='ocrx_word' id='word_1_97' title='bbox 513 1929 545 1990; x_wconf 92' lang='lat' dir='ltr'><strong>in</strong></span> <span class='ocrx_word' id='word_1_98' title='bbox 567 1929 668 2000; x_wconf 86' lang='lat' dir='ltr'><strong>verbo</strong></span> <span class='ocrx_word' id='word_1_99' title='bbox 689 1925 769 2008; x_wconf 76' lang='lat' dir='ltr'><strong>liei3</strong></span> <span class='ocrx_word' id='word_1_100' title='bbox 784 1936 883 2011; x_wconf 87' lang='lat' dir='ltr'><strong>nique</strong></span> <span class='ocrx_word' id='word_1_101' title='bbox 904 1929 948 1993; x_wconf 91' lang='lat' dir='ltr'><strong>iia</strong></span> <span class='ocrx_word' id='word_1_102' title='bbox 968 1929 1112 1994; x_wconf 73' lang='lat' dir='ltr'><strong>honines</strong></span> <span class='ocrx_word' id='word_1_103' title='bbox 1127 1935 1253 1992; x_wconf 87' lang='lat' dir='ltr'><strong>ceteros</strong></span> <span class='ocrx_word' id='word_1_104' title='bbox 1317 1999 1321 2006; x_wconf 55' lang='grc'><em>,</em></span> 
     </span>
     <span class='ocr_line' id='line_1_13' title="bbox 157 2029 1253 2112; baseline 0 -20"><span class='ocrx_word' id='word_1_105' title='bbox 157 2041 334 2111; x_wconf 72' lang='lat' dir='ltr'><strong>operosis,</strong></span> <span class='ocrx_word' id='word_1_106' title='bbox 356 2040 501 2094; x_wconf 85' lang='lat' dir='ltr'><strong>sectetur</strong></span> <span class='ocrx_word' id='word_1_107' title='bbox 528 2031 561 2092; x_wconf 93' lang='lat' dir='ltr'><strong>in</strong></span> <span class='ocrx_word' id='word_1_108' title='bbox 581 2030 704 2112; x_wconf 88' lang='lat' dir='ltr'><strong>Spiritu</strong></span> <span class='ocrx_word' id='word_1_109' title='bbox 730 2029 847 2095; x_wconf 80' lang='lat' dir='ltr'><strong>Soneio</strong></span> <span class='ocrx_word' id='word_1_110' title='bbox 869 2031 1006 2095; x_wconf 90' lang='lat' dir='ltr'><strong>locutos.</strong></span> <span class='ocrx_word' id='word_1_111' title='bbox 1028 2029 1181 2098; x_wconf 84' lang='lat' dir='ltr'><strong>Ceterum</strong></span> <span class='ocrx_word' id='word_1_112' title='bbox 1210 2048 1253 2093; x_wconf 78' lang='lat' dir='ltr'><strong>en</strong></span> 
     </span>
     <span class='ocr_line' id='line_1_14' title="bbox 158 2129 1253 2215; baseline -0.002 -19"><span class='ocrx_word' id='word_1_113' title='bbox 158 2135 312 2213; x_wconf 82' lang='lat' dir='ltr'><strong>propositis</strong></span> <span class='ocrx_word' id='word_1_114' title='bbox 332 2133 589 2212; x_wconf 72' lang='lat' dir='ltr'><strong>quaestionibus,</strong></span> <span class='ocrx_word' id='word_1_115' title='bbox 612 2133 692 2195; x_wconf 92' lang='lat' dir='ltr'><strong>nibil</strong></span> <span class='ocrx_word' id='word_1_116' title='bbox 712 2133 786 2197; x_wconf 79' lang='lat' dir='ltr'><strong>iude</strong></span> <span class='ocrx_word' id='word_1_117' title='bbox 805 2135 904 2197; x_wconf 76' lang='lat' dir='ltr'><strong>omini</strong></span> <span class='ocrx_word' id='word_1_118' title='bbox 926 2140 1051 2214; x_wconf 87' lang='lat' dir='ltr'><strong>potest,</strong></span> <span class='ocrx_word' id='word_1_119' title='bbox 1071 2132 1152 2215; x_wconf 76' lang='lat' dir='ltr'><strong>quii</strong></span> <span class='ocrx_word' id='word_1_120' title='bbox 1178 2129 1253 2196; x_wconf 89' lang='lat' dir='ltr'><strong>Ori·</strong></span> 
     </span>
     <span class='ocr_line' id='line_1_15' title="bbox 159 2233 1253 2312; baseline -0.001 -16"><span class='ocrx_word' id='word_1_121' title='bbox 159 2249 238 2312; x_wconf 83' lang='lat' dir='ltr'><strong>gener</strong></span> <span class='ocrx_word' id='word_1_122' title='bbox 257 2235 297 2297; x_wconf 85' lang='lat' dir='ltr'><strong>de</strong></span> <span class='ocrx_word' id='word_1_123' title='bbox 316 2235 444 2296; x_wconf 85' lang='lat' dir='ltr'><strong>animae</strong></span> <span class='ocrx_word' id='word_1_124' title='bbox 463 2240 549 2296; x_wconf 84' lang='lat' dir='ltr'><strong>statu</strong></span> <span class='ocrx_word' id='word_1_125' title='bbox 570 2235 716 2297; x_wconf 88' lang='lat' dir='ltr'><strong>senserit.</strong></span> <span class='ocrx_word' id='word_1_126' title='bbox 738 2233 820 2300; x_wconf 86' lang='lat' dir='ltr'><strong>Cum</strong></span> <span class='ocrx_word' id='word_1_127' title='bbox 841 2237 927 2298; x_wconf 90' lang='lat' dir='ltr'><strong>cuim</strong></span> <span class='ocrx_word' id='word_1_128' title='bbox 949 2236 996 2299; x_wconf 95' lang='lat' dir='ltr'><strong>uii</strong></span> <span class='ocrx_word' id='word_1_129' title='bbox 1010 2235 1191 2300; x_wconf 80' lang='lat' dir='ltr'><strong>bicicrinua</strong></span> <span class='ocrx_word' id='word_1_130' title='bbox 1211 2233 1253 2297; x_wconf 89' lang='lat' dir='ltr'><strong>ai·</strong></span> 
     </span>
     <span class='ocr_line' id='line_1_16' title="bbox 158 2335 1252 2418; baseline 0.002 -22"><span class='ocrx_word' id='word_1_131' title='bbox 158 2337 229 2398; x_wconf 89' lang='lat' dir='ltr'><strong>milia</strong></span> <span class='ocrx_word' id='word_1_132' title='bbox 248 2344 394 2410; x_wconf 88' lang='lat' dir='ltr'><strong>ennrrct,</strong></span> <span class='ocrx_word' id='word_1_133' title='bbox 415 2335 492 2416; x_wconf 80' lang='lat' dir='ltr'><strong>quii</strong></span> <span class='ocrx_word' id='word_1_134' title='bbox 510 2337 589 2399; x_wconf 89' lang='lat' dir='ltr'><strong>bncc</strong></span> <span class='ocrx_word' id='word_1_135' title='bbox 611 2337 734 2400; x_wconf 87' lang='lat' dir='ltr'><strong>iaciunt</strong></span> <span class='ocrx_word' id='word_1_136' title='bbox 747 2338 778 2398; x_wconf 93' lang='lat' dir='ltr'><strong>in</strong></span> <span class='ocrx_word' id='word_1_137' title='bbox 799 2335 1049 2418; x_wconf 72' lang='lat' dir='ltr'><strong>argumentum?</strong></span> <span class='ocrx_word' id='word_1_138' title='bbox 1063 2335 1156 2400; x_wconf 88' lang='lat' dir='ltr'><strong>illins</strong></span> <span class='ocrx_word' id='word_1_139' title='bbox 1178 2352 1252 2416; x_wconf 91' lang='lat' dir='ltr'><strong>por·</strong></span> 
     </span>
     <span class='ocr_line' id='line_1_17' title="bbox 158 2435 1255 2514; baseline 0.002 -16"><span class='ocrx_word' id='word_1_140' title='bbox 158 2453 190 2498; x_wconf 89' lang='lat' dir='ltr'><strong>ro</strong></span> <span class='ocrx_word' id='word_1_141' title='bbox 205 2436 243 2499; x_wconf 81' lang='lat' dir='ltr'><strong>ie</strong></span> <span class='ocrx_word' id='word_1_142' title='bbox 263 2436 323 2500; x_wconf 89' lang='lat' dir='ltr'><strong>bnc</strong></span> <span class='ocrx_word' id='word_1_143' title='bbox 346 2454 382 2499; x_wconf 90' lang='lat' dir='ltr'><strong>re</strong></span> <span class='ocrx_word' id='word_1_144' title='bbox 402 2436 558 2500; x_wconf 71' lang='lat' dir='ltr'><strong>mutantia</strong></span> <span class='ocrx_word' id='word_1_145' title='bbox 579 2435 654 2500; x_wconf 86' lang='lat' dir='ltr'><strong>iutie</strong></span> <span class='ocrx_word' id='word_1_146' title='bbox 680 2437 847 2514; x_wconf 86' lang='lat' dir='ltr'><strong>eruenda,</strong></span> <span class='ocrx_word' id='word_1_147' title='bbox 870 2438 926 2501; x_wconf 92' lang='lat' dir='ltr'><strong>ubi</strong></span> <span class='ocrx_word' id='word_1_148' title='bbox 951 2456 1066 2502; x_wconf 88' lang='lat' dir='ltr'><strong>censor</strong></span> <span class='ocrx_word' id='word_1_149' title='bbox 1092 2437 1199 2511; x_wconf 88' lang='lat' dir='ltr'><strong>subii,</strong></span> <span class='ocrx_word' id='word_1_150' title='bbox 1222 2441 1255 2500; x_wconf 90' lang='lat' dir='ltr'><strong>ot</strong></span> 
     </span>
     <span class='ocr_line' id='line_1_18' title="bbox 157 2536 1253 2618; baseline 0.003 -18"><span class='ocrx_word' id='word_1_151' title='bbox 157 2536 243 2615; x_wconf 83' lang='lat' dir='ltr'><strong>inlex</strong></span> <span class='ocrx_word' id='word_1_152' title='bbox 270 2539 311 2601; x_wconf 82' lang='lat' dir='ltr'><strong>ne</strong></span> <span class='ocrx_word' id='word_1_153' title='bbox 332 2537 523 2618; x_wconf 81' lang='lat' dir='ltr'><strong>hujusmodi</strong></span> <span class='ocrx_word' id='word_1_154' title='bbox 556 2539 652 2602; x_wconf 78' lang='lat' dir='ltr'><strong>variis</strong></span> <span class='ocrx_word' id='word_1_155' title='bbox 672 2540 914 2605; x_wconf 84' lang='lat' dir='ltr'><strong>naeertionibna.</strong></span> <span class='ocrx_word' id='word_1_156' title='bbox 948 2538 996 2604; x_wconf 77' lang='lat' dir='ltr'><strong>Ac</strong></span> <span class='ocrx_word' id='word_1_157' title='bbox 1017 2540 1090 2604; x_wconf 85' lang='lat' dir='ltr'><strong>iden</strong></span> <span class='ocrx_word' id='word_1_158' title='bbox 1109 2540 1253 2604; x_wconf 82' lang='lat' dir='ltr'><strong>aiuiium</strong></span> 
     </span>
     <span class='ocr_line' id='line_1_19' title="bbox 159 2640 1256 2722; baseline 0.005 -20"><span class='ocrx_word' id='word_1_159' title='bbox 159 2648 289 2704; x_wconf 86' lang='lat' dir='ltr'><strong>nostrum</strong></span> <span class='ocrx_word' id='word_1_160' title='bbox 318 2640 353 2703; x_wconf 93' lang='lat' dir='ltr'><strong>in</strong></span> <span class='ocrx_word' id='word_1_161' title='bbox 373 2658 414 2702; x_wconf 90' lang='lat' dir='ltr'><strong>co</strong></span> <span class='ocrx_word' id='word_1_162' title='bbox 441 2640 626 2702; x_wconf 77' lang='lat' dir='ltr'><strong>navandum</strong></span> <span class='ocrx_word' id='word_1_163' title='bbox 648 2647 718 2717; x_wconf 91' lang='lat' dir='ltr'><strong>esi,</strong></span> <span class='ocrx_word' id='word_1_164' title='bbox 739 2647 778 2703; x_wconf 93' lang='lat' dir='ltr'><strong>nt</strong></span> <span class='ocrx_word' id='word_1_165' title='bbox 801 2641 877 2704; x_wconf 93' lang='lat' dir='ltr'><strong>binc</strong></span> <span class='ocrx_word' id='word_1_166' title='bbox 897 2641 986 2704; x_wconf 89' lang='lat' dir='ltr'><strong>illinc</strong></span> <span class='ocrx_word' id='word_1_167' title='bbox 1010 2642 1115 2718; x_wconf 85' lang='lat' dir='ltr'><strong>dictis,</strong></span> <span class='ocrx_word' id='word_1_168' title='bbox 1137 2641 1256 2722; x_wconf 83' lang='lat' dir='ltr'><strong>qnibnr</strong></span> 
     </span>
     <span class='ocr_line' id='line_1_20' title="bbox 157 2741 1258 2824; baseline 0.002 -22"><span class='ocrx_word' id='word_1_169' title='bbox 157 2757 222 2803; x_wconf 85' lang='lat' dir='ltr'><strong>auos</strong></span> <span class='ocrx_word' id='word_1_170' title='bbox 234 2741 335 2806; x_wconf 90' lang='lat' dir='ltr'><strong>libros</strong></span> <span class='ocrx_word' id='word_1_171' title='bbox 356 2742 506 2820; x_wconf 87' lang='lat' dir='ltr'><strong>iusporsii</strong></span> <span class='ocrx_word' id='word_1_172' title='bbox 522 2741 744 2817; x_wconf 77' lang='lat' dir='ltr'><strong>normannica,</strong></span> <span class='ocrx_word' id='word_1_173' title='bbox 758 2742 917 2818; x_wconf 82' lang='lat' dir='ltr'><strong>collectio,</strong></span> <span class='ocrx_word' id='word_1_174' title='bbox 939 2745 1038 2807; x_wconf 75' lang='lat' dir='ltr'><strong>amini</strong></span> <span class='ocrx_word' id='word_1_175' title='bbox 1060 2744 1159 2823; x_wconf 84' lang='lat' dir='ltr'><strong>possit</strong></span> <span class='ocrx_word' id='word_1_176' title='bbox 1171 2742 1258 2824; x_wconf 84' lang='lat' dir='ltr'><strong>jndi-</strong></span> 
     </span>
     <span class='ocr_line' id='line_1_21' title="bbox 158 2843 1256 2928; baseline 0.004 -24"><span class='ocrx_word' id='word_1_177' title='bbox 158 2843 242 2918; x_wconf 90' lang='lat' dir='ltr'><strong>cinm,</strong></span> <span class='ocrx_word' id='word_1_178' title='bbox 256 2845 346 2925; x_wconf 78' lang='lat' dir='ltr'><strong>qnod</strong></span> <span class='ocrx_word' id='word_1_179' title='bbox 362 2844 428 2924; x_wconf 85' lang='lat' dir='ltr'><strong>ipae</strong></span> <span class='ocrx_word' id='word_1_180' title='bbox 443 2844 587 2907; x_wconf 77' lang='lat' dir='ltr'><strong>emiterii</strong></span> <span class='ocrx_word' id='word_1_181' title='bbox 599 2844 638 2908; x_wconf 82' lang='lat' dir='ltr'><strong>tle</strong></span> <span class='ocrx_word' id='word_1_182' title='bbox 651 2844 770 2922; x_wconf 89' lang='lat' dir='ltr'><strong>enimn,</strong></span> <span class='ocrx_word' id='word_1_183' title='bbox 785 2845 923 2928; x_wconf 85' lang='lat' dir='ltr'><strong>ejusque</strong></span> <span class='ocrx_word' id='word_1_184' title='bbox 937 2854 1054 2909; x_wconf 76' lang='lat' dir='ltr'><strong>nature</strong></span> <span class='ocrx_word' id='word_1_185' title='bbox 1069 2854 1103 2907; x_wconf 83' lang='lat' dir='ltr'><strong>ei</strong></span> <span class='ocrx_word' id='word_1_186' title='bbox 1123 2844 1256 2910; x_wconf 87' lang='lat' dir='ltr'><strong>inlusio·</strong></span> 
     </span>
     <span class='ocr_line' id='line_1_22' title="bbox 158 2948 411 3027; baseline 0.016 -23"><span class='ocrx_word' id='word_1_187' title='bbox 158 2959 190 3005; x_wconf 85' lang='lat' dir='ltr'><strong>ne</strong></span> <span class='ocrx_word' id='word_1_188' title='bbox 206 2948 234 3007; x_wconf 90' lang='lat' dir='ltr'><strong>in</strong></span> <span class='ocrx_word' id='word_1_189' title='bbox 257 2963 411 3027; x_wconf 82' lang='lat' dir='ltr'><strong>corpore.</strong></span> 
     </span>
    </p>

    <p class='ocr_par' dir='ltr' id='par_1_3' title="bbox 96 3044 1264 4652">
     <span class='ocr_line' id='line_1_23' title="bbox 223 3044 1256 3130; baseline 0.002 -20"><span class='ocrx_word' id='word_1_190' title='bbox 223 3044 264 3110; x_wconf 82' lang='lat' dir='ltr'><strong>lii</strong></span> <span class='ocrx_word' id='word_1_191' title='bbox 284 3050 429 3128; x_wconf 88' lang='lat' dir='ltr'><strong>primurn</strong></span> <span class='ocrx_word' id='word_1_192' title='bbox 449 3048 581 3129; x_wconf 84' lang='lat' dir='ltr'><strong>quidem</strong></span> <span class='ocrx_word' id='word_1_193' title='bbox 603 3049 808 3112; x_wconf 89' lang='lat' dir='ltr'><strong>manilesinm</strong></span> <span class='ocrx_word' id='word_1_194' title='bbox 828 3055 889 3124; x_wconf 89' lang='lat' dir='ltr'><strong>esi,</strong></span> <span class='ocrx_word' id='word_1_195' title='bbox 912 3047 1087 3130; x_wconf 85' lang='lat' dir='ltr'><strong>Origenem</strong></span> <span class='ocrx_word' id='word_1_196' title='bbox 1108 3048 1256 3112; x_wconf 83' lang='lat' dir='ltr'><strong>docuisse</strong></span> 
     </span>
     <span class='ocr_line' id='line_1_24' title="bbox 159 3146 1256 3231; baseline 0.006 -26"><span class='ocrx_word' id='word_1_197' title='bbox 159 3146 239 3210; x_wconf 86' lang='lat' dir='ltr'><strong>nnius</strong></span> <span class='ocrx_word' id='word_1_198' title='bbox 258 3168 297 3214; x_wconf 92' lang='lat' dir='ltr'><strong>ac</strong></span> <span class='ocrx_word' id='word_1_199' title='bbox 318 3150 465 3231; x_wconf 79' lang='lat' dir='ltr'><strong>ejusdcm</strong></span> <span class='ocrx_word' id='word_1_200' title='bbox 480 3159 617 3214; x_wconf 82' lang='lat' dir='ltr'><strong>nniurne</strong></span> <span class='ocrx_word' id='word_1_201' title='bbox 636 3169 706 3213; x_wconf 88' lang='lat' dir='ltr'><strong>esse</strong></span> <span class='ocrx_word' id='word_1_202' title='bbox 727 3152 848 3212; x_wconf 83' lang='lat' dir='ltr'><strong>animno</strong></span> <span class='ocrx_word' id='word_1_203' title='bbox 864 3150 1033 3229; x_wconf 81' lang='lat' dir='ltr'><strong>bumanas3</strong></span> <span class='ocrx_word' id='word_1_204' title='bbox 1055 3149 1159 3228; x_wconf 86' lang='lat' dir='ltr'><strong>etqui</strong></span> <span class='ocrx_word' id='word_1_205' title='bbox 1180 3165 1256 3212; x_wconf 88' lang='lat' dir='ltr'><strong>cou-</strong></span> 
     </span>
     <span class='ocr_line' id='line_1_25' title="bbox 160 3250 1259 3322; baseline 0.005 -13"><span class='ocrx_word' id='word_1_206' title='bbox 160 3251 247 3313; x_wconf 89' lang='lat' dir='ltr'><strong>irario</strong></span> <span class='ocrx_word' id='word_1_207' title='bbox 264 3254 437 3322; x_wconf 77' lang='lat' dir='ltr'><strong>senserint,</strong></span> <span class='ocrx_word' id='word_1_208' title='bbox 459 3252 543 3314; x_wconf 88' lang='lat' dir='ltr'><strong>inter</strong></span> <span class='ocrx_word' id='word_1_209' title='bbox 564 3252 744 3315; x_wconf 87' lang='lat' dir='ltr'><strong>bnereiicos</strong></span> <span class='ocrx_word' id='word_1_210' title='bbox 764 3252 982 3316; x_wconf 80' lang='lat' dir='ltr'><strong>numerandos</strong></span> <span class='ocrx_word' id='word_1_211' title='bbox 1002 3271 1091 3316; x_wconf 70' lang='lat' dir='ltr'><strong>mse:</strong></span> <span class='ocrx_word' id='word_1_212' title='bbox 1111 3250 1204 3314; x_wconf 76' lang='lat' dir='ltr'><strong>«Sed</strong></span> <span class='ocrx_word' id='word_1_213' title='bbox 1226 3260 1259 3315; x_wconf 89' lang='lat' dir='ltr'><strong>ei</strong></span> 
     </span>
     <span class='ocr_line' id='line_1_26' title="bbox 96 3340 1259 3433; baseline 0.005 -27"><span class='ocrx_word' id='word_1_214' title='bbox 96 3340 97 3347; x_wconf 67' lang='lat'><em>&#39;</em></span> <span class='ocrx_word' id='word_1_215' title='bbox 159 3347 198 3412; x_wconf 94' lang='lat' dir='ltr'><strong>illi</strong></span> <span class='ocrx_word' id='word_1_216' title='bbox 216 3351 330 3432; x_wconf 79' lang='lat' dir='ltr'><strong>(inquit</strong></span> <span class='ocrx_word' id='word_1_217' title='bbox 350 3350 388 3412; x_wconf 84' lang='lat' dir='ltr'><strong>r&#39;n</strong></span> <span class='ocrx_word' id='word_1_218' title='bbox 408 3348 587 3430; x_wconf 73' lang='lat' dir='ltr'><strong>Epistulam</strong></span> <span class='ocrx_word' id='word_1_219' title='bbox 607 3352 651 3413; x_wconf 82' lang='lat' dir='ltr'><strong>nti</strong></span> <span class='ocrx_word' id='word_1_220' title='bbox 674 3350 793 3424; x_wconf 80' lang='lat' dir='ltr'><strong>Titum,</strong></span> <span class='ocrx_word' id='word_1_221' title='bbox 814 3372 856 3416; x_wconf 82' lang='lat' dir='ltr'><strong>ex</strong></span> <span class='ocrx_word' id='word_1_222' title='bbox 878 3352 1038 3433; x_wconf 75' lang='lat' dir='ltr'><strong>Apologia</strong></span> <span class='ocrx_word' id='word_1_223' title='bbox 1052 3371 1078 3414; x_wconf 82' lang='lat' dir='ltr'><strong>s.</strong></span> <span class='ocrx_word' id='word_1_224' title='bbox 1097 3350 1259 3429; x_wconf 76' lang='lat' dir='ltr'><strong>Pamphili</strong></span> 
     </span>
     <span class='ocr_line' id='line_1_27' title="bbox 160 3450 1257 3534; baseline 0.004 -22"><span class='ocrx_word' id='word_1_225' title='bbox 160 3467 182 3512; x_wconf 85' lang='lat' dir='ltr'><strong>r.</strong></span> <span class='ocrx_word' id='word_1_226' title='bbox 201 3450 274 3532; x_wconf 74' lang='lat' dir='ltr'><strong>lx.)</strong></span> <span class='ocrx_word' id='word_1_227' title='bbox 295 3455 355 3534; x_wconf 84' lang='lat' dir='ltr'><strong>qni</strong></span> <span class='ocrx_word' id='word_1_228' title='bbox 380 3471 444 3516; x_wconf 93' lang='lat' dir='ltr'><strong>nou</strong></span> <span class='ocrx_word' id='word_1_229' title='bbox 464 3471 575 3516; x_wconf 86' lang='lat' dir='ltr'><strong>omncs</strong></span> <span class='ocrx_word' id='word_1_230' title='bbox 603 3455 760 3518; x_wconf 84' lang='lat' dir='ltr'><strong>humanas</strong></span> <span class='ocrx_word' id='word_1_231' title='bbox 781 3454 902 3518; x_wconf 85' lang='lat' dir='ltr'><strong>animan</strong></span> <span class='ocrx_word' id='word_1_232' title='bbox 923 3455 1019 3519; x_wconf 89' lang='lat' dir='ltr'><strong>unins</strong></span> <span class='ocrx_word' id='word_1_233' title='bbox 1046 3454 1257 3534; x_wconf 81' lang='lat' dir='ltr'><strong>ejusdemque</strong></span> 
     </span>
     <span class='ocr_line' id='line_1_28' title="bbox 162 3555 1260 3631; baseline 0.004 -18"><span class='ocrx_word' id='word_1_234' title='bbox 162 3563 282 3618; x_wconf 76' lang='lat' dir='ltr'><strong>naturae</strong></span> <span class='ocrx_word' id='word_1_235' title='bbox 302 3558 416 3618; x_wconf 82' lang='lat' dir='ltr'><strong>dicuni</strong></span> <span class='ocrx_word' id='word_1_236' title='bbox 435 3573 505 3618; x_wconf 90' lang='lat' dir='ltr'><strong>case</strong></span> <span class='ocrx_word' id='word_1_237' title='bbox 527 3556 578 3619; x_wconf 88' lang='lat' dir='ltr'><strong>rel</strong></span> <span class='ocrx_word' id='word_1_238' title='bbox 598 3555 808 3631; x_wconf 87' lang='lat' dir='ltr'><strong>substantiae,</strong></span> <span class='ocrx_word' id='word_1_239' title='bbox 830 3556 886 3619; x_wconf 84' lang='lat' dir='ltr'><strong>noti</strong></span> <span class='ocrx_word' id='word_1_240' title='bbox 908 3556 1052 3619; x_wconf 81' lang='lat' dir='ltr'><strong>dircrsnn</strong></span> <span class='ocrx_word' id='word_1_241' title='bbox 1073 3567 1206 3619; x_wconf 87' lang='lat' dir='ltr'><strong>nuiurns</strong></span> <span class='ocrx_word' id='word_1_242' title='bbox 1226 3571 1260 3617; x_wconf 92' lang='lat' dir='ltr'><strong>a·</strong></span> 
     </span>
     <span class='ocr_line' id='line_1_29' title="bbox 161 3657 1261 3738; baseline 0.001 -21"><span class='ocrx_word' id='word_1_243' title='bbox 161 3657 328 3732; x_wconf 81' lang='lat' dir='ltr'><strong>rimorum,</strong></span> <span class='ocrx_word' id='word_1_244' title='bbox 353 3659 439 3721; x_wconf 86' lang='lat' dir='ltr'><strong>iuter</strong></span> <span class='ocrx_word' id='word_1_245' title='bbox 462 3674 517 3719; x_wconf 90' lang='lat' dir='ltr'><strong>ens</strong></span> <span class='ocrx_word' id='word_1_246' title='bbox 538 3657 688 3721; x_wconf 83' lang='lat' dir='ltr'><strong>bucrenea</strong></span> <span class='ocrx_word' id='word_1_247' title='bbox 708 3657 900 3720; x_wconf 86' lang='lat' dir='ltr'><strong>numerandi</strong></span> <span class='ocrx_word' id='word_1_248' title='bbox 920 3665 1016 3732; x_wconf 90' lang='lat' dir='ltr'><strong>suni,</strong></span> <span class='ocrx_word' id='word_1_249' title='bbox 1040 3676 1125 3737; x_wconf 83' lang='lat' dir='ltr'><strong>quun</strong></span> <span class='ocrx_word' id='word_1_250' title='bbox 1145 3657 1261 3738; x_wconf 86' lang='lat' dir='ltr'><strong>iniqni-</strong></span> 
     </span>
     <span class='ocr_line' id='line_1_30' title="bbox 164 3755 1260 3838; baseline 0.008 -22"><span class='ocrx_word' id='word_1_251' title='bbox 164 3761 301 3822; x_wconf 82' lang='lat' dir='ltr'><strong>latomis</strong></span> <span class='ocrx_word' id='word_1_252' title='bbox 322 3755 501 3822; x_wconf 83' lang='lat' dir='ltr'><strong>Excelsum</strong></span> <span class='ocrx_word' id='word_1_253' title='bbox 519 3758 717 3838; x_wconf 83' lang='lat' dir='ltr'><strong>loquuntnr3</strong></span> <span class='ocrx_word' id='word_1_254' title='bbox 738 3766 772 3820; x_wconf 88' lang='lat' dir='ltr'><strong>ei</strong></span> <span class='ocrx_word' id='word_1_255' title='bbox 792 3757 982 3838; x_wconf 79' lang='lat' dir='ltr'><strong>injustitiam</strong></span> <span class='ocrx_word' id='word_1_256' title='bbox 1004 3769 1035 3821; x_wconf 87' lang='lat' dir='ltr'><strong>ei</strong></span> <span class='ocrx_word' id='word_1_257' title='bbox 1057 3759 1260 3838; x_wconf 82' lang='lat' dir='ltr'><strong>iniquitatem</strong></span> 
     </span>
     <span class='ocr_line' id='line_1_31' title="bbox 161 3855 1260 3938; baseline 0.004 -22"><span class='ocrx_word' id='word_1_258' title='bbox 161 3855 222 3934; x_wconf 82' lang='lat' dir='ltr'><strong>ejus</strong></span> <span class='ocrx_word' id='word_1_259' title='bbox 238 3865 405 3922; x_wconf 86' lang='lat' dir='ltr'><strong>accusant.</strong></span> <span class='ocrx_word' id='word_1_260' title='bbox 421 3877 439 3916; x_wconf 80' lang='lat' dir='ltr'><strong>a</strong></span> <span class='ocrx_word' id='word_1_261' title='bbox 461 3857 610 3922; x_wconf 81' lang='lat' dir='ltr'><strong>Secundo</strong></span> <span class='ocrx_word' id='word_1_262' title='bbox 622 3859 700 3922; x_wconf 84' lang='lat' dir='ltr'><strong>ariis</strong></span> <span class='ocrx_word' id='word_1_263' title='bbox 714 3866 852 3931; x_wconf 90' lang='lat' dir='ltr'><strong>consini,</strong></span> <span class='ocrx_word' id='word_1_264' title='bbox 868 3858 1042 3938; x_wconf 86' lang='lat' dir='ltr'><strong>Origenem</strong></span> <span class='ocrx_word' id='word_1_265' title='bbox 1064 3875 1127 3921; x_wconf 92' lang='lat' dir='ltr'><strong>non</strong></span> <span class='ocrx_word' id='word_1_266' title='bbox 1142 3861 1260 3930; x_wconf 82' lang='lat' dir='ltr'><strong>obiter,</strong></span> 
     </span>
     <span class='ocr_line' id='line_1_32' title="bbox 161 3958 1262 4042; baseline 0.008 -23"><span class='ocrx_word' id='word_1_267' title='bbox 161 3958 206 4019; x_wconf 86' lang='lat' dir='ltr'><strong>sei</strong></span> <span class='ocrx_word' id='word_1_268' title='bbox 224 3967 384 4042; x_wconf 82' lang='lat' dir='ltr'><strong>perpetuo</strong></span> <span class='ocrx_word' id='word_1_269' title='bbox 403 3960 464 4024; x_wconf 85' lang='lat' dir='ltr'><strong>ribi</strong></span> <span class='ocrx_word' id='word_1_270' title='bbox 485 3962 744 4034; x_wconf 78' lang='lat' dir='ltr'><strong>consectarium,</strong></span> <span class='ocrx_word' id='word_1_271' title='bbox 765 3961 907 4023; x_wconf 89' lang='lat' dir='ltr'><strong>animam</strong></span> <span class='ocrx_word' id='word_1_272' title='bbox 929 3961 1118 4024; x_wconf 77' lang='lat' dir='ltr'><strong>rationalem</strong></span> <span class='ocrx_word' id='word_1_273' title='bbox 1141 3977 1262 4040; x_wconf 85' lang='lat' dir='ltr'><strong>propu-</strong></span> 
     </span>
     <span class='ocr_line' id='line_1_33' title="bbox 164 4061 1264 4144; baseline -0.005 -16"><span class='ocrx_word' id='word_1_274' title='bbox 164 4075 262 4135; x_wconf 68' lang='grc' dir='ltr'><em>Μ</em></span> <span class='ocrx_word' id='word_1_275' title='bbox 274 4066 516 4144; x_wconf 83' lang='lat' dir='ltr'><strong>incorpoream,</strong></span> <span class='ocrx_word' id='word_1_276' title='bbox 527 4061 825 4142; x_wconf 83' lang='lat' dir='ltr'><strong>incorruptibilem,</strong></span> <span class='ocrx_word' id='word_1_277' title='bbox 834 4062 1039 4138; x_wconf 86' lang='lat' dir='ltr'><strong>invisibilem,</strong></span> <span class='ocrx_word' id='word_1_278' title='bbox 1052 4071 1084 4126; x_wconf 89' lang='lat' dir='ltr'><strong>et</strong></span> <span class='ocrx_word' id='word_1_279' title='bbox 1099 4066 1264 4134; x_wconf 83' lang='lat' dir='ltr'><strong>immorta-</strong></span> 
     </span>
     <span class='ocr_line' id='line_1_34' title="bbox 163 4154 1263 4243; baseline 0 -19"><span class='ocrx_word' id='word_1_280' title='bbox 163 4154 227 4224; x_wconf 77' lang='lat' dir='ltr'><strong>lem:</strong></span> <span class='ocrx_word' id='word_1_281' title='bbox 249 4164 334 4225; x_wconf 77' lang='lat' dir='ltr'><strong>usic</strong></span> <span class='ocrx_word' id='word_1_282' title='bbox 354 4163 536 4227; x_wconf 72' lang='lat' dir='ltr'><strong>neemeario</strong></span> <span class='ocrx_word' id='word_1_283' title='bbox 554 4164 718 4243; x_wconf 79' lang='lat' dir='ltr'><strong>sequitur,</strong></span> <span class='ocrx_word' id='word_1_284' title='bbox 748 4163 898 4231; x_wconf 81' lang='lat' dir='ltr'><strong>eumdem</strong></span> <span class='ocrx_word' id='word_1_285' title='bbox 921 4180 1127 4243; x_wconf 80' lang='lat' dir='ltr'><strong>nequaquem</strong></span> <span class='ocrx_word' id='word_1_286' title='bbox 1142 4162 1263 4225; x_wconf 17' lang='lat' dir='ltr'><strong>inicere</strong></span> 
     </span>
     <span class='ocr_line' id='line_1_35' title="bbox 164 4264 1263 4346; baseline -0.011 -11"><span class='ocrx_word' id='word_1_287' title='bbox 164 4265 302 4341; x_wconf 67' lang='lat' dir='ltr'><strong>totunm,</strong></span> <span class='ocrx_word' id='word_1_288' title='bbox 323 4266 447 4328; x_wconf 87' lang='lat' dir='ltr'><strong>animas</strong></span> <span class='ocrx_word' id='word_1_289' title='bbox 467 4283 527 4346; x_wconf 89' lang='lat' dir='ltr'><strong>per</strong></span> <span class='ocrx_word' id='word_1_290' title='bbox 548 4266 748 4330; x_wconf 75' lang='lat' dir='ltr'><strong>traducemn</strong></span> <span class='ocrx_word' id='word_1_291' title='bbox 769 4273 906 4346; x_wconf 80' lang='lat' dir='ltr'><strong>parente</strong></span> <span class='ocrx_word' id='word_1_292' title='bbox 920 4265 952 4328; x_wconf 91' lang='lat' dir='ltr'><strong>iu</strong></span> <span class='ocrx_word' id='word_1_293' title='bbox 973 4264 1076 4327; x_wconf 89' lang='lat' dir='ltr'><strong>lilium</strong></span> <span class='ocrx_word' id='word_1_294' title='bbox 1102 4264 1263 4326; x_wconf 86' lang='lat' dir='ltr'><strong>trnuamlt·</strong></span> 
     </span>
     <span class='ocr_line' id='line_1_36' title="bbox 166 4359 1263 4447; baseline 0.003 -25"><span class='ocrx_word' id='word_1_295' title='bbox 166 4359 194 4422; x_wconf 79' lang='lat' dir='ltr'><strong>ii:</strong></span> <span class='ocrx_word' id='word_1_296' title='bbox 213 4370 286 4429; x_wconf 90' lang='lat' dir='ltr'><strong>tuuc</strong></span> <span class='ocrx_word' id='word_1_297' title='bbox 306 4367 391 4430; x_wconf 89' lang='lat' dir='ltr'><strong>enim</strong></span> <span class='ocrx_word' id='word_1_298' title='bbox 412 4367 517 4432; x_wconf 91' lang='lat' dir='ltr'><strong>anima</strong></span> <span class='ocrx_word' id='word_1_299' title='bbox 539 4386 651 4431; x_wconf 87' lang='lat' dir='ltr'><strong>omues</strong></span> <span class='ocrx_word' id='word_1_300' title='bbox 669 4367 795 4432; x_wconf 84' lang='lat' dir='ltr'><strong>subiret</strong></span> <span class='ocrx_word' id='word_1_301' title='bbox 818 4367 918 4442; x_wconf 84' lang='lat' dir='ltr'><strong>ricco,</strong></span> <span class='ocrx_word' id='word_1_302' title='bbox 941 4384 1022 4446; x_wconf 85' lang='lat' dir='ltr'><strong>quas</strong></span> <span class='ocrx_word' id='word_1_303' title='bbox 1043 4367 1168 4447; x_wconf 86' lang='lat' dir='ltr'><strong>pniitur</strong></span> <span class='ocrx_word' id='word_1_304' title='bbox 1190 4380 1263 4427; x_wconf 92' lang='lat' dir='ltr'><strong>cor·</strong></span> 
     </span>
     <span class='ocr_line' id='line_1_37' title="bbox 166 4464 1264 4549; baseline -0.007 -13"><span class='ocrx_word' id='word_1_305' title='bbox 166 4475 226 4536; x_wconf 64' lang='lat' dir='ltr'><strong>lv·</strong></span> <span class='ocrx_word' id='word_1_306' title='bbox 244 4465 462 4534; x_wconf 86' lang='lat' dir='ltr'><strong>iiibilominus</strong></span> <span class='ocrx_word' id='word_1_307' title='bbox 481 4488 546 4534; x_wconf 92' lang='lat' dir='ltr'><strong>nou</strong></span> <span class='ocrx_word' id='word_1_308' title='bbox 566 4470 656 4534; x_wconf 84' lang='lat' dir='ltr'><strong>icant</strong></span> <span class='ocrx_word' id='word_1_309' title='bbox 675 4487 735 4533; x_wconf 89' lang='lat' dir='ltr'><strong>nec</strong></span> <span class='ocrx_word' id='word_1_310' title='bbox 754 4467 872 4544; x_wconf 77' lang='lat' dir='ltr'><strong>detuit,</strong></span> <span class='ocrx_word' id='word_1_311' title='bbox 893 4470 950 4549; x_wconf 86' lang='lat' dir='ltr'><strong>qui</strong></span> <span class='ocrx_word' id='word_1_312' title='bbox 965 4471 1069 4549; x_wconf 91' lang='lat' dir='ltr'><strong>ipsum</strong></span> <span class='ocrx_word' id='word_1_313' title='bbox 1092 4467 1132 4530; x_wconf 85' lang='lat' dir='ltr'><strong>tle</strong></span> <span class='ocrx_word' id='word_1_314' title='bbox 1154 4464 1214 4529; x_wconf 89' lang='lat' dir='ltr'><strong>bne</strong></span> <span class='ocrx_word' id='word_1_315' title='bbox 1228 4483 1264 4528; x_wconf 93' lang='lat' dir='ltr'><strong>o·</strong></span> 
     </span>
     <span class='ocr_line' id='line_1_38' title="bbox 167 4561 1263 4652; baseline -0.004 -14"><span class='ocrx_word' id='word_1_316' title='bbox 167 4561 277 4638; x_wconf 61' lang='lat' dir='ltr'><strong>iffioeo</strong></span> <span class='ocrx_word' id='word_1_317' title='bbox 289 4571 516 4651; x_wconf 78' lang='lat' dir='ltr'><strong>redargueret,</strong></span> <span class='ocrx_word' id='word_1_318' title='bbox 535 4572 633 4635; x_wconf 87' lang='lat' dir='ltr'><strong>sicuti</strong></span> <span class='ocrx_word' id='word_1_319' title='bbox 646 4570 687 4632; x_wconf 83' lang='lat' dir='ltr'><strong>tle</strong></span> <span class='ocrx_word' id='word_1_320' title='bbox 708 4571 810 4636; x_wconf 81' lang='lat' dir='ltr'><strong>altera</strong></span> <span class='ocrx_word' id='word_1_321' title='bbox 825 4571 932 4652; x_wconf 83' lang='lat' dir='ltr'><strong>quoni</strong></span> <span class='ocrx_word' id='word_1_322' title='bbox 954 4571 1136 4634; x_wconf 89' lang='lat' dir='ltr'><strong>animarum</strong></span> <span class='ocrx_word' id='word_1_323' title='bbox 1152 4583 1263 4650; x_wconf 78' lang='lat' dir='ltr'><strong>preor-</strong></span> 
     </span>
    </p>
   </div>
   <div class='ocr_carea' id='block_1_2' title="bbox 0 0 1695 5567">
    <p class='ocr_par' dir='ltr' id='par_1_4' title="bbox 0 0 1695 5567">
     <span class='ocr_line' id='line_1_39' title="bbox 0 0 1695 5567; baseline 0 0"><span class='ocrx_word' id='word_1_324' title='bbox 0 0 1695 5567; x_wconf 95' lang='lat' dir='ltr'><strong> </strong></span> 
     </span>
    </p>
   </div>
  </div>
 </body>
</html>
