3375 5567
411 776 494 842 opos
509 766 579 826 erat
593 760 638 826 ets
652 761 684 826 io
698 762 938 843 quaestionibus
961 760 1167 846 expediendis
1186 778 1222 826 sc
1236 779 1271 825 se
1288 757 1435 842 Episcopi
1455 757 1517 824 llo-

412 862 497 942 mani
516 861 641 944 indicio
660 861 883 933 submittere?

492 961 914 1043 praemonstracensis
937 969 1133 1048 quaestionis
1155 969 1229 1036 talis
1248 975 1332 1044 erat,
1354 976 1404 1044 ut,
1425 965 1516 1030 sicuti

413 1063 553 1131 vidimus
573 1066 605 1131 iu
625 1084 722 1133 cansa
750 1065 895 1152 Dionysii
916 1068 1140 1150 alexandrini,
1162 1071 1299 1136 alterius
1320 1067 1519 1150 patriarchae

415 1176 621 1250 repeteretur
637 1167 810 1249 judicium3
826 1187 931 1240 nonne
953 1168 1268 1256 Hierosolymorum,
1290 1189 1394 1234 nonne
1416 1168 1523 1232 Antio·

414 1269 506 1337 chiae
519 1267 654 1336 aderant
674 1272 890 1355 patriarchae,
908 1275 1033 1352 etquis
1050 1275 1232 1348 viciniores,
1249 1282 1283 1341 ct
1295 1291 1410 1337 eorum
1426 1271 1524 1336 eecle-

414 1366 481 1434 siae
501 1371 541 1432 ab
561 1374 715 1451 aposlolis
736 1375 926 1455 repetebant
946 1371 1135 1455 originem?
1157 1373 1268 1456 Quare
1289 1376 1337 1439 his
1357 1372 1518 1453 neglectis,

416 1469 558 1561 Dionysii
580 1484 784 1543 accusatores
797 1474 837 1538 nd
862 1475 1025 1542 Ecclesiae
1039 1476 1203 1544 Romanae
1218 1476 1400 1542 dousrssom
1414 1473 1522 1538 eonio-

418 1571 559 1657 gerutit?
586 1574 707 1652 Eleus·
728 1575 900 1662 Dionysius
921 1579 987 1659 ipsc
1008 1579 1156 1660 quamvis
1171 1577 1388 1644 Alexandriae
1408 1577 1524 1655 episeo-

418 1691 479 1753 ptis
500 1683 533 1744 et
546 1678 642 1743 totius
663 1677 803 1766 Aegypti
824 1680 979 1746 ecclesiae
993 1681 1191 1762 patriarcha,
1212 1679 1294 1745 dolis
1315 1687 1423 1742 moseo
1443 1677 1525 1741 litte·

419 1776 465 1840 ris
484 1776 524 1839 ad
547 1776 727 1850 Romanum
748 1779 957 1864 Episcopum.
972 1802 1006 1846 se
1028 1782 1172 1865 ejusdem
1183 1781 1307 1862 jndicio
1329 1769 1527 1860 tanqusmo·

419 1878 542 1961 muinm
561 1899 716 1968 supremo
737 1891 770 1951 ct
789 1883 1010 1965 inoppellahili
1030 1882 1233 1966 subjecerit?
1255 1881 1390 1964 insuper
1417 1885 1450 1948 iu
1469 1879 1528 1946 llr·

418 1979 460 2051 be
480 1981 692 2053 alexandrina
721 1983 839 2050 Schola
860 1987 1020 2051 eminebat
1051 1986 1274 2067 philosophiae
1295 1993 1328 2052 et
1349 1981 1531 2064 theologiae

422 2082 615 2157 cbrisliansn
636 2086 785 2167 illustris,
807 2088 904 2155 stibi
927 2088 1147 2156 moderatores
1161 2089 1291 2164 scientis
1311 2096 1344 2152 et
1357 2087 1476 2168 pietate
1489 2087 1534 2147 in·

420 2182 523 2266 signes
534 2204 547 2266 3
569 2187 653 2253 unde
675 2186 780 2255 misas
798 2189 965 2255 rideretur
985 2191 1201 2264 necessarium
1215 2189 1426 2269 toogiosoars
1445 2186 1532 2252 adira

422 2287 597 2368 regionem,
614 2289 702 2361 illios
724 2291 867 2359 hemines
884 2292 926 2356 dc
940 2292 989 2356 bis
1009 2293 1107 2360 rebus
1122 2289 1344 2364 cumulandas.
1361 2287 1533 2358 Nihilomi-

422 2406 484 2456 nus
504 2388 643 2460 Scbolae
672 2392 903 2470 alexandrinae
925 2401 958 2467 et
979 2393 1117 2480 Aegypti
1139 2395 1365 2474 cpiscoporum
1389 2392 1531 2472 neglecta

420 2492 574 2560 sententio
595 2493 634 2559 ad
657 2492 853 2577 Episcopum
876 2494 1058 2568 homanum
1079 2514 1114 2568 sc
1136 2497 1258 2576 recepit
1279 2493 1463 2578 Dionysius.

432 2644 438 2663 2
500 2589 543 2658 Et
556 2594 779 2664 consimiliter
793 2613 891 2671 causa
908 2595 1000 2672 Ponti
1013 2597 1203 2670 samosateni
1221 2596 1261 2666 sd
1274 2593 1455 2662 Ecclesiam
1472 2592 1530 2656 llo

425 2708 551 2760 manem
572 2693 678 2761 delata
698 2694 778 2762 est?
797 2696 842 2762 Et
862 2697 1058 2770 Aurelianus
1086 2699 1263 2776 imperator
1283 2695 1458 2768 mandarit,
1483 2712 1529 2756 ra·

425 2799 493 2860 tam
512 2795 623 2862 haberi
643 2799 831 2865 seutentiam
853 2797 938 2866 Cleri
954 2799 1112 2878 llomani3
1135 2808 1168 2862 et
1180 2799 1254 2867 binc
1268 2797 1307 2862 ab
1322 2797 1457 2862 ecclesia
1473 2793 1529 2856 do·
1608 2853 1609 2884 ,

428 2897 566 2964 tioehiae
587 2900 707 2979 expelli
728 2897 868 2968 Paulum
893 2901 1077 2970 damnatum
1088 2899 1107 2968 ἱ)
1120 2899 1270 2966 Fortasse
1284 2909 1377 2966 antea
1391 2904 1423 2962 et
1436 2897 1527 2979 proba
1608 2899 1609 2914 ²

427 3000 589 3093 audirerit
609 3001 829 3079 Aurelianus,
860 3000 1036 3070 Ecclesiam
1070 3003 1247 3071 liomuosm
1276 3019 1295 3067 n
1321 3001 1415 3070 beato
1441 2997 1528 3063 Petro

429 3102 606 3181 iundatsm,
630 3105 774 3168 obtinere
787 3106 1014 3186 praestantiam
1030 3123 1128 3184 super
1142 3113 1264 3168 ceteras
1277 3102 1364 3165 erbis
1376 3099 1526 3166 christiani

429 3206 596 3285 ccclesias,
618 3207 676 3273 etsi
697 3205 842 3292 ‚ejasdm
862 3206 1191 3290 antiquitatisioreot
1203 3213 1236 3272 et
1248 3204 1395 3287 eiusdem
1409 3201 1449 3268 sb
1463 3218 1526 3282 spe

429 3308 699 3392 stolisoriginis?
1177 3355 1181 3367 .

508 3408 561 3483 Ex
574 3413 624 3477 his
637 3413 820 3496 praemissis
842 3411 976 3481 aodtaos
990 3410 1155 3486 haeretici,
1177 3408 1313 3482 audiant
1335 3401 1524 3476 schismatici,
1608 3413 1609 3432 ¹

429 3511 561 3599 sumant
574 3514 741 3598 ociusque
760 3517 886 3596 generis
902 3513 1113 3588 heterodoxi,
1134 3511 1268 3580 audiant
1296 3508 1524 3574 reformatores

430 3615 685 3702 etcorporum
703 3618 736 3688 iu
754 3619 909 3689 societate
930 3617 1072 3689 bumana
1091 3614 1318 3686 instituisses,
1337 3609 1469 3674 audiant
1485 3622 1527 3669 rs·

431 3717 623 3797 iiohtlblse,
634 3719 766 3795 audiani
775 3719 914 3800 deniquo
927 3719 1036 3792 annoti
1046 3715 1254 3788 Pontiflmtns
1266 3721 1299 3778 et
1307 3711 1469 3779 Ecclesiae
1477 3707 1529 3770 lio

432 3822 690 3904 nomiminis
712 3822 846 3900 arctans
859 3821 1037 3898 miscam,
1058 3837 1126 3901 quo
1146 3835 1243 3882 sensu
1258 3816 1299 3880 ab
1319 3806 1530 3896 antiquissinb

392 3925 403 3986 ἴ
432 3925 646 4008 temporibus,
661 3927 729 3990 siae
744 3925 785 3995 ab
808 3925 879 4006 ipse
893 3918 1274 3998 christianaelleligionis
1298 3915 1434 3981 exordio
1455 3927 1531 3976 scoe-

432 4031 489 4107 με
508 4026 609 4095 iotae
626 4024 708 4099 ,lesu
734 4025 832 4088 aerbo
858 4015 899 4090 sd
920 4023 1087 4090 Simonem
1117 4017 1276 4100 Barjooo:
1299 4025 1334 4080 tas
1362 4033 1393 4080 ss
1416 4013 1534 4082 Petrus,

432 4133 463 4194 ti
478 4143 574 4214 mppr
593 4126 675 4199 hooc
707 4123 833 4195 Patron
861 4123 1028 4204 oedificabo
1055 4121 1229 4212 Ecclesiam
1261 4136 1371 4182 mrem.
1409 4116 1472 4182 Et:
1490 4127 1533 4190 ost
1608 4136 1609 4150 ¹

436 4236 544 4300 naimo
562 4227 673 4313 rogooi
688 4247 749 4307 pan
763 4237 806 4308 tc,
820 4226 922 4300 Pctrc,
945 4234 980 4286 at
1001 4243 1064 4288 noa
1079 4221 1201 4302 deficiet
1214 4219 1289 4300 fides
1304 4227 1383 4286 taso.-
1397 4226 1426 4278 et
1439 4229 1473 4280 sss
1484 4207 1535 4274 oli·
1608 4297 1609 4306 ἵ

440 4330 569 4420 abablio
597 4348 762 4397 conuertas
789 4331 940 4409 confirma
963 4328 1079 4407 fratros
1103 4335 1182 4391 teos.
1210 4323 1250 4390 Et
1275 4321 1435 4402 implinss
1459 4331 1536 4398 potat
1608 4323 1609 4334 ¹

437 4454 508 4508 eoas
525 4454 619 4509 saron
643 4435 787 4509 sutiam
804 4441 838 4498 et
858 4433 992 4506 discant,
1013 4427 1209 4510 eiuscemodi
1231 4425 1330 4498 rems
1350 4441 1416 4487 noo
1434 4421 1471 4486 sl
1492 4415 1538 4479 tto·

441 4548 529 4609 trum
555 4536 778 4611 tantummodo
802 4533 1011 4606 dissoluisse
1035 4531 1078 4596 ob
1099 4530 1272 4610 inustum
1301 4543 1402 4608 super
1428 4527 1535 4588 ceteros
