3375 5567
1204 724 1251 775 xv

287 826 391 932 doio
411 826 468 902 bis
488 839 573 900 tuno
591 824 807 912 erraverint,
823 824 921 900 uuila
944 826 1139 903 baarosnos
1161 843 1247 904 nota

239 1002 248 1011 ·
335 956 392 1034 ios
422 976 503 1028 esso
531 952 637 1027 soito.
672 951 712 1025 lu
744 974 814 1050 qua
847 975 936 1028 sano
962 978 1003 1029 ra
1021 954 1251 1032 animadver-

226 1062 228 1067 ’
368 1067 439 1156 xxurus
468 1093 549 1161 ast,
576 1078 672 1178 quod
701 1079 779 1177 ipso
809 1079 845 1154 in
873 1102 907 1155 o.
928 1078 989 1154 vt.
1019 1078 1116 1155 Libri
1145 1082 1174 1155 1.
1195 1080 1249 1158 De

432 1208 628 1283 nmatione
655 1208 871 1306 praemittit.
908 1209 970 1283 bit
997 1210 1117 1283 enim:
1142 1234 1160 1281 t
1184 1208 1248 1285 Fi·

462 1336 602 1417 ,matio
634 1335 805 1410 inditium
833 1358 915 1412 esso
954 1337 1098 1412 videtur
1123 1360 1246 1412 rorum

529 1475 845 1539 rusummatarum.
874 1461 974 1555 Quas
993 1488 1054 1539 ras
1079 1465 1192 1541 otiam
1212 1466 1248 1539 in

485 1684 486 1687 p
575 1604 681 1679 uum,
708 1592 804 1690 quod
836 1592 882 1667 ad
910 1592 1000 1667 baso
1028 1607 1103 1668 tam
1136 1594 1248 1669 ardua

611 1717 657 1802 ἠ,
685 1720 797 1819 siquis
825 1718 887 1796 iilo
914 1733 985 1806 ast,
1013 1722 1074 1820 qui
1107 1721 1250 1821 legendi

658 1849 731 1923 rudi
751 1848 972 1925 desidorium
999 1851 1152 1949 ooporit,
1171 1876 1251 1951 por·

701 1997 724 2051 n
744 1975 854 2053 dabat
867 1976 1051 2052 adbibere:
1073 2001 1118 2053 no
1138 1978 1249 2066 sorte,

746 2098 945 2181 iusoamo'di
977 2108 1251 2204 quaestionibus

780 2234 814 2307 'ii
834 2248 874 2310 ot
900 2234 1082 2332 superflua
1104 2236 1254 2311 videno·

851 2376 1089 2460 praeventum
1117 2365 1155 2437 in
1170 2364 1253 2439 aliis

661 2546 677 2561 .
707 2510 798 2563 naec
825 2502 864 2564 at
901 2501 1027 2565 oootra
1055 2490 1163 2567 bdom
1191 2514 1254 2566 oo·

496 2664 543 2701 ..,
563 2640 633 2691 non
650 2631 726 2692 tam
741 2619 884 2693 rationo
896 2620 1127 2704 convincens,
1141 2642 1252 2718 quam

336 2802 357 2823 ..
386 2744 607 2846 praejudicio
634 2744 822 2821 dofiuiaus.
851 2745 953 2839 Quae
978 2749 1126 2847 quidem
1155 2772 1255 2824 uno

190 2914 227 2947 „s
261 2876 369 2949 otiam
399 2894 483 2947 oum
523 2894 654 2970 magno
682 2886 785 2949 motu
812 2890 852 2949 et
877 2877 1021 2949 cautela
1056 2876 1254 2957 dicuutur.

176 2999 443 3077 discutientibus
472 2998 587 3098 magis
618 3012 657 3073 et
684 3000 1018 3097 pertractantibus,
1046 3024 1156 3101 quam
1184 3026 1251 3100 pro

175 3142 266 3203 corto
292 3145 331 3204 et
356 3126 507 3203 definito
535 3126 795 3201 statuentibus.
825 3126 1029 3204 iudicatum
1057 3152 1250 3228 namquoa

176 3256 269 3330 uobis
296 3259 331 3331 io
351 3255 600 3355 superioribus
626 3270 698 3341 ast,
717 3278 809 3353 quan
838 3258 926 3341 siut,
946 3258 991 3331 da
1021 3257 1153 3356 quibus
1177 3281 1255 3334 ma·

175 3382 298 3459 uiiosto
324 3384 495 3483 dogmate
524 3384 793 3459 terminandum
814 3386 864 3459 sit
890 3399 1004 3459 eto.»
1036 3384 1126 3460 Hinc
1144 3410 1254 3463 eruas

174 3534 237 3609 qua
256 3527 378 3589 monto
397 3514 488 3589 bano
514 3525 553 3587 at
567 3509 698 3587 similia
726 3525 880 3611 quaerat
897 3514 1088 3612 origanum
1105 3531 1144 3591 ot
1166 3538 1253 3591 num

175 3638 299 3718 idoiroo
325 3644 520 3719 haereseos
538 3640 689 3717 crimina
721 3640 981 3717 insimulandus
1000 3644 1063 3728 sit,
1091 3645 1121 3718 si
1140 3668 1257 3743 quao-

175 3766 284 3867 doque
313 3770 505 3847 erraverit.

280 3899 433 3993 Quinto,
464 3903 639 4002 praefatis
666 3913 932 3999 ooosoquooter
965 3901 1046 3976 ideo
1078 3900 1259 3999 Origenes

174 4048 277 4127 saapo
304 4043 344 4105 ot
371 4029 406 4104 io
435 4030 504 4104 hoo
527 4030 647 4128 Opera
672 4030 877 4126 spatiatim,
905 4028 1141 4105 fundamenta
1159 4028 1256 4103 obri·

173 4153 305 4231 stianae
335 4156 417 4232 fidoi
443 4157 665 4241 discutiaus',
696 4179 717 4229 a
745 4154 886 4230 duobus
920 4156 1156 4230 vehomenter
1186 4178 1252 4228 ao·

173 4282 276 4377 gitur.
306 4282 468 4362 Primum
495 4308 647 4384 parans,
668 4306 712 4359 ne
734 4284 768 4357 io
797 4266 1029 4381 dogmatibus
1055 4281 1168 4357 cartis
1195 4293 1253 4356 at·

175 4430 239 4505 quo
266 4410 312 4486 ab
338 4414 586 4490 aooiosiastioa
613 4412 773 4488 dodnitis
800 4411 1017 4497 traditione,
1045 4422 1172 4486 ooutra
1200 4410 1257 4483 io·

177 4532 294 4615 bdoiss
313 4562 354 4618 ao
381 4540 586 4617 baoroticos
607 4540 890 4639 propugnandis,
921 4538 1057 4614 ruentis
1075 4538 1258 4614 bumaoao
