3375 5567
158 836 187 878 ne
202 822 400 879 memoratum
420 832 519 897 snpra
540 814 741 879 edocuimus.
763 812 796 877 Si
824 832 902 877 reru
923 813 1019 877 ctiam
1041 814 1073 878 iu
1103 812 1238 894 reliquis

158 918 320 981 metuebas
339 917 508 981 ordinibus
537 918 601 979 tale
621 917 746 996 aliquid
767 917 808 978 ab
827 933 868 979 en
889 922 1014 996 gestam
1036 932 1105 980 esse
1132 916 1237 993 suspi-

155 1018 265 1083 randum
283 1021 336 1095 sit,
358 1021 392 1081 in
412 1037 465 1093 ea,
486 1036 550 1100 qua
571 1020 690 1101 singuli
713 1018 817 1083 lorma
832 1018 957 1099 quique
977 1024 1065 1091 sunt,
1079 1034 1238 1095 apparens

153 1124 186 1183 eis
210 1129 238 1185 et
254 1121 443 1184 annuntians
474 1139 599 1200 pacem,
622 1121 776 1202 quoniam
802 1118 934 1200 quidem
957 1134 1015 1198 per
1048 1117 1236 1196 sangninem

153 1219 242 1285 Crucis
258 1240 337 1285 snae
355 1220 537 1300 pacificavit
557 1239 621 1284 non
634 1222 742 1285 solnm
762 1237 848 1302 qnae
863 1220 894 1281 in
914 1226 1013 1291 terra,
1028 1216 1083 1280 sed
1106 1226 1238 1295 atquae

150 1325 173 1385 in
187 1324 274 1387 coelis
292 1332 381 1399 snut,
403 1324 500 1386 etiam
523 1330 558 1387 tn
579 1321 665 1403 apnd
693 1322 898 1400 temetipsum
919 1317 1082 1382 discutito.
1112 1336 1128 1374 n
1152 1314 1239 1392 Quin

149 1424 211 1487 baec
229 1423 322 1488 rerba
343 1422 567 1488 difficultatem
587 1424 748 1503 ingerant,
769 1421 891 1500 optime
913 1420 972 1483 ista
993 1417 1156 1498 quadrant
1185 1434 1240 1480 sn·

148 1526 310 1601 percensitis
330 1526 363 1587 in
384 1528 482 1588 citata
503 1526 675 1604 pericope:
699 1523 784 1587 nnde
806 1520 907 1601 probe
928 1517 1236 1602 comprehenditur,

149 1625 210 1704 qnid
225 1626 282 1689 sibi
304 1627 383 1689 velit
399 1626 495 1707 iaxta
517 1625 746 1688 adamannum
769 1619 979 1702 lleanpclinm
998 1630 1175 1683 ueternumr
1202 1618 1239 1679 il-

149 1726 193 1787 lnd
210 1728 358 1791 nimirum
378 1727 503 1807 gloriae
525 1724 760 1806 Evangelium,
781 1724 870 1805 quod
893 1725 923 1787 in
948 1722 1093 1787 seeundo
1118 1720 1238 1787 Gbristi

147 1828 265 1892 adveatu
285 1830 469 1909 apparebit,
490 1847 562 1891 curn
582 1826 618 1891 in
637 1827 910 1907 reponendarum
929 1822 1037 1889 suncti
1055 1842 1161 1889 omnes
1190 1842 1242 1887 oe·

146 1927 213 1992 terni
230 1929 321 1993 iilius
350 1928 442 2011 renni
461 1929 579 2011 bpitns
600 1928 703 1993 oioent
713 1949 731 2003 ,·
752 1937 784 1993 et
804 1930 892 2011 qnod
916 1936 992 1992 tnnc
1011 1928 1021 2005 (
1040 1927 1070 1989 in
1095 1926 1240 1991 camdem

148 2027 307 2109 Epistolam
328 2029 427 2110 dicit)
451 2031 660 2095 revelandum
681 2039 744 2107 est,
765 2048 840 2095 cnm
864 2030 978 2095 umbra
1010 2028 1186 2099 transierit,
1207 2037 1240 2091 et

148 2132 248 2198 verim
270 2136 419 2208 venerit,
440 2141 473 2195 et
493 2152 568 2197 cnm
591 2152 679 2197 mors
700 2133 800 2197 luerit
820 2132 993 2212 absorpta,
1015 2140 1048 2194 et
1068 2132 1242 2194 aeternitas

146 2234 273 2298 restituta
296 2244 360 2298 etc.
383 2232 459 2310 Quo
478 2235 576 2299 simul
599 2233 766 2298 referenda
786 2242 875 2308 sant,
897 2250 982 2312 qnae
1004 2231 1120 2294 ibidem
1143 2233 1188 2294 ait
1203 2230 1243 2293 dc

147 2334 349 2409 pacificatione
378 2336 590 2411 coelestium,
612 2344 743 2415 praeter
771 2333 854 2398 illud
876 2332 964 2414 qnod
996 2350 1078 2413 opus
1098 2332 1140 2394 sit
1168 2330 1242 2395 inde

145 2432 244 2498 Christi
264 2437 373 2517 passio
394 2437 539 2500 iteranda
560 2439 592 2498 in
612 2438 808 2501 daemonum
828 2436 982 2510 salutem,
1003 2453 1063 2499 sen
1083 2450 1241 2515 quornm·

147 2537 182 2596 ris
207 2539 427 2603 rationalium.
450 2540 512 2602 Sed
543 2539 583 2602 de
606 2539 665 2601 bac
702 2558 738 2601 re
759 2539 799 2600 ab
821 2538 913 2601 initio
941 2539 1017 2600 satis
1043 2544 1152 2601 actum
1174 2544 1243 2610 est,

146 2636 189 2699 nbi
207 2640 332 2703 nnllam
356 2641 585 2723 redemptionis
603 2660 692 2722 spem
715 2658 846 2705 manere
866 2638 1032 2703 diabolum
1044 2638 1180 2721 ejusque
1194 2656 1245 2702 sn·

144 2740 244 2801 sinsin
267 2749 479 2822 perpetuom,
501 2742 696 2823 amplissima
717 2741 926 2806 ostendimus.

205 2838 354 2924 lienique
374 2853 487 2907 contra
515 2863 554 2908 ea
574 2844 763 2925 speciatim,
791 2862 876 2923 quae
898 2842 937 2907 de
959 2843 1104 2923 passione
1126 2842 1244 2907 Christi

144 2945 312 3006 nnosanda
333 2945 449 3007 asserit
473 2942 691 3029 Hieronymus
711 2964 754 3009 ex
776 2954 982 3026 praesumpta
1005 2946 1154 3026 Origenis
1175 2964 1244 3007 sen·

143 3044 235 3121 tentia,
251 3044 351 3107 ralde
374 3044 462 3123 iacit,
477 3045 566 3128 qnod
587 3056 700 3109 contra
723 3044 856 3111 Celsum
869 3045 983 3111 scribit
1004 3047 1035 3109 in
1050 3045 1150 3109 Libro
1173 3042 1243 3107 llll.

143 3157 167 3201 a.
186 3140 243 3208 ll:
277 3167 298 3206 s
320 3144 489 3222 Quatenus
509 3155 619 3211 antem
641 3148 738 3212 bomo
758 3155 829 3211 erat
861 3148 871 3228 (
883 3145 999 3225 lesus)
1031 3164 1109 3229 prae
1130 3146 1246 3210 ceteris

142 3254 262 3309 umatus
282 3264 412 3309 summa
436 3244 534 3309 Verbi
555 3248 676 3327 ipsias,
697 3256 732 3312 et
751 3247 931 3328 Sapientiae
952 3248 1052 3329 ipsias
1074 3248 1245 3329 participa·

144 3344 226 3423 tione,
248 3368 365 3429 passus
395 3356 444 3413 est
465 3359 501 3412 nt
520 3351 647 3430 sapiens
666 3359 699 3413 et
717 3349 884 3431 perlectus
900 3365 1129 3430 quaecumque
1150 3366 1247 3427 opor·

146 3446 218 3511 lebat
233 3451 301 3529 pati
322 3468 413 3522 eam,
429 3452 486 3531 qai
506 3451 631 3531 generis
653 3451 785 3516 hnmani
801 3457 861 3513 ant
880 3450 1090 3516 rationalium
1111 3468 1246 3530 quoqne

142 3550 229 3624 gratia
243 3551 353 3615 omnia
370 3551 519 3614 iaciebat.
534 3572 552 3607 »
567 3552 647 3615 ltem
662 3550 698 3615 in
709 3550 866 3617 loannem
877 3550 980 3616 Temo
994 3551 1017 3616 Ι.
1035 3570 1065 3615 n.
1080 3547 1137 3619 td:
1153 3572 1169 3611 u
1185 3549 1245 3615 llic

143 3652 240 3731 igitur,
256 3654 377 3733 inquit,
393 3654 449 3734 qni
465 3662 512 3717 tot
525 3653 707 3718 nominibus
722 3665 932 3735 nuncupatur
958 3654 1149 3727 advocatus,
1172 3672 1246 3733 pro·

143 3751 267 3831 pittatio,
286 3754 565 3835 propitiatorium,
579 3773 766 3834 compassus
780 3755 1020 3819 infirmitatibus
1035 3757 1164 3831 nostris,
1182 3765 1247 3819 ten·

143 3860 215 3915 tatas
235 3856 268 3917 in
290 3855 441 3917 omnibus
463 3855 610 3918 humanis
628 3855 724 3937 juata
745 3857 988 3921 similitudinem
1009 3860 1078 3921 sine
1100 3866 1245 3937 peccato,

144 3970 266 4035 magnus
288 3963 338 4019 cst
360 3954 531 4034 Pontifex,
553 3973 617 4020 oon
638 3957 734 4020 mode
755 3976 815 4037 pro
836 3959 1040 4034 bominibus,
1067 3960 1122 4023 sed
1150 3960 1247 4023 etiam

142 4072 192 4131 pro
210 4057 313 4132 omni,
336 4056 424 4137 qnod
446 4058 580 4121 rationis
599 4066 650 4121 eat
668 4076 795 4138 capax,
824 4060 962 4123 bostiam
983 4061 1082 4123 semel
1104 4061 1245 4125 oblatam

141 4157 272 4235 seipsum
293 4158 434 4223 oderem
455 4166 517 4223 etc.
540 4181 557 4217 n
583 4158 622 4221 Et
643 4160 674 4221 iu
695 4161 808 4223 eudem
830 4158 929 4224 Libro
952 4162 991 4224 ll.
1009 4161 1053 4225 lle
1071 4160 1248 4242 Principiis

143 4274 167 4315 u.
185 4254 225 4321 3:
249 4258 389 4325 «Semel
410 4260 554 4323 enimait
575 4259 796 4341 (Apostolus)
819 4263 955 4325 bostiam
971 4262 1121 4327 ellectum
1145 4264 1246 4343 (Cbri

142 4362 238 4436 stom)
261 4371 295 4424 et
316 4363 348 4422 in
369 4363 645 4426 consummatione
664 4363 853 4427 seculorum
875 4365 913 4426 ad
938 4362 1152 4429 refellendum
1175 4385 1247 4445 pec·

142 4470 237 4523 tatum
259 4479 329 4524 esse
352 4460 601 4525 manifestatum.
632 4484 649 4527 a
681 4462 762 4527 idest
783 4463 904 4528 lactum
927 4483 1057 4530 carnem
1079 4466 1246 4529 nobiscnm

143 4556 310 4625 habitasses
334 4580 500 4642 nunquam
519 4584 595 4628 nero
610 4568 642 4627 in
656 4574 823 4647 pasterum
838 4566 1107 4632 manilestandum
1123 4572 1154 4636 in
1176 4586 1247 4632 car·

144 4676 176 4721 ne
194 4682 269 4728 eum
291 4665 379 4744 dicit,
402 4666 510 4731 denno
531 4668 710 4748 passionem
731 4668 930 4733 subiturum.
