3375 5567
244 765 414 835 Praeterea
434 772 522 854 quoi
546 775 577 836 in
607 774 677 855 ipso
699 771 837 852 llialogo
863 771 973 856 aojtett
993 769 1212 858 Hieronymus
1233 793 1275 838 ex

179 869 262 949 ipsius
277 871 426 954 Origeuis
442 893 500 938 ore
520 894 678 953 asserens,
697 872 994 939 excellentissimam
1016 884 1197 938 ereotnrnrn
1224 895 1276 938 oo·

177 969 282 1034 lentate
303 973 412 1038 Putris
425 977 566 1040 extitisse
587 973 720 1053 Fretum,
738 978 800 1040 boo
821 977 943 1057 pariter
957 993 999 1038 ex
1016 976 1128 1039 eodem
1148 976 1277 1041 Periur-

176 1072 242 1133 elon
261 1074 346 1138 libro
366 1085 399 1138 et
419 1077 524 1158 eapite
544 1077 753 1158 desumptum
768 1077 953 1159 conjicitnr3
976 1077 1023 1140 uti
1039 1084 1072 1140 et
1091 1078 1191 1157 ipsius
1203 1095 1274 1140 sen·

173 1191 232 1236 vum
252 1175 483 1257 interpolatum
505 1177 605 1242 inisse
624 1179 796 1260 probatur,
821 1186 857 1240 ut
879 1177 951 1240 talis
972 1185 1148 1241 erneretur
1175 1179 1272 1260 impia

173 1279 385 1355 consequentia
408 1279 449 1342 de
469 1278 569 1364 Verbi
592 1278 649 1344 llei
671 1282 835 1344 creatione
856 1287 889 1343 et
898 1279 1000 1344 'initio
1024 1279 1124 1343 veluti
1151 1288 1275 1343 uetera·

173 1393 234 1436 rum
253 1386 493 1442 ereaturarum.
522 1379 574 1444 Sin
594 1398 735 1462 namque
757 1399 893 1462 pergens
916 1382 959 1444 ibi
982 1380 1109 1444 Auctor
1135 1383 1165 1443 iu
1187 1381 1271 1443 idem

172 1486 401 1558 argumentum,
416 1481 562 1561 explieat
573 1483 649 1563 qnid
665 1485 707 1547 sit
729 1483 879 1548 voluntas
894 1483 1000 1548 Patris
1021 1485 1052 1546 in
1067 1486 1273 1564 generatione

171 1574 252 1643 Filii:
273 1601 293 1638 a
315 1578 419 1661 Magis
440 1600 518 1662 ergo
538 1585 624 1648 sieut
647 1584 798 1648 voluntas
819 1585 966 1666 procedit
987 1604 1004 1648 e
1026 1591 1144 1659 mente,
1167 1593 1198 1648 et
1219 1603 1274 1649 ue·

170 1698 223 1758 que
241 1690 368 1761 partem
396 1683 539 1764 aliquam
562 1689 676 1750 mentis
696 1695 806 1763 senat,
829 1705 934 1768 neque
955 1684 995 1748 ab
1017 1702 1053 1750 ea
1075 1693 1270 1765 separatur,

167 1791 214 1842 aot
231 1782 410 1863 dividitur3
430 1785 486 1847 tali
508 1787 647 1866 quadarn
664 1789 770 1868 speeie
792 1788 955 1869 putandus
970 1795 1018 1850 est
1040 1785 1136 1850 Pater
1152 1784 1272 1850 Filium

169 1885 318 1958 genuisse,
340 1887 510 1967 imaginem
530 1889 654 1952 seilicet
674 1907 778 1964 suam,
798 1899 835 1953 ut
856 1891 1021 1970 sicutipse
1042 1889 1208 1951 invisibilis
1224 1895 1273 1950 est

168 2000 216 2060 per
233 1995 407 2063 naturam,
431 1991 474 2050 ita
496 1988 665 2069 imaginem
687 2007 820 2071 quoqne
852 1989 1044 2054 invisibilem
1066 1991 1224 2069 genuerit.
1254 2007 1269 2044 a
1308 1975 1313 1984 ’

168 2081 247 2158 Quae
276 2089 385 2150 omnia
408 2089 665 2169 praeclarissime
686 2091 832 2156 illusioni
863 2092 894 2154 ln
919 2090 1016 2154 Libro
1040 2087 1093 2153 lV.
1125 2088 1270 2171 ejusdem

166 2183 268 2264 Opera,
299 2207 331 2251 ιι.
352 2187 404 2254 28.
427 2189 557 2254 (lirense
580 2214 598 2251 s
619 2191 692 2257 Nou
713 2195 796 2257 enim
818 2193 976 2261 dicimus,
997 2192 1093 2256 sicuti
1116 2191 1268 2254 baeretici

166 2294 287 2365 putant,
310 2299 436 2370 partem
457 2292 601 2372 aliquam
622 2295 820 2359 substantiae
841 2293 898 2357 llei
921 2295 951 2356 in
974 2291 1094 2357 Filium
1117 2308 1270 2373 versam,

167 2397 214 2449 aut
231 2407 272 2452 ex
294 2390 395 2455 nullis
413 2391 633 2456 anhelantibus
655 2391 773 2456 Filium
795 2401 1036 2474 procreatuma
1060 2391 1169 2469 Patre,
1187 2391 1271 2455 idest

165 2495 245 2552 extra
258 2491 471 2555 substantiam
486 2511 591 2570 snam,
613 2501 649 2558 ut
664 2495 763 2559 luerit
784 2495 960 2578 aliquando
975 2494 1106 2576 quaudo
1120 2512 1182 2556 uon
1199 2493 1269 2557 lno-

165 2587 218 2668 n't3
237 2592 293 2654 sed
315 2593 457 2657 abnuisse
469 2595 556 2656 omui
576 2613 672 2658 seusu
688 2614 864 2674 corporeo,
885 2615 927 2658 eu
944 2595 1094 2658 invisibili
1116 2601 1149 2657 et
1163 2595 1268 2656 incor-

165 2705 253 2766 poreo
277 2689 478 2757 verbumst
505 2695 700 2774 Sapientiam
722 2699 860 2777 genitam
890 2697 1026 2762 dicimus
1047 2696 1170 2775 absque
1197 2695 1267 2759 ulla

164 2794 314 2871 corporali
336 2796 496 2875 passione,
521 2797 636 2871 veluti,
657 2799 683 2861 si
708 2799 858 2862 volontas
880 2797 1035 2878 procedat
1055 2816 1073 2859 e
1095 2803 1213 2861 mente.
1239 2815 1256 2852 ι

231 2893 387 2959 Similiter
402 2897 433 2957 in
449 2897 501 2971 iis,
521 2915 607 2977 quae
622 2917 664 2960 ex
687 2897 843 2961 relatione
859 2897 1050 2981 Hieronymi
1067 2898 1171 2978 iuquit
1185 2895 1266 2961 Gau·

162 2991 255 3070 iilus,
279 2995 404 3060 Filium
422 3017 530 3078 nempe
550 3002 586 3061 de
606 2997 716 3062 Putria
736 3018 800 3061 ease
820 2997 1010 3074 substantio,
1033 3017 1145 3061 errans
1163 2997 1198 3059 in
1218 3015 1262 3058 eo.

162 3097 456 3177 quodprolotv'onem
479 3100 603 3164 asserit.
627 3100 699 3164 lloo
714 3120 813 3181 porro
838 3119 878 3164 ne
894 3119 1008 3166 verum
1023 3101 1153 3182 quidem
1175 3101 1206 3161 in
1229 3118 1265 3162 o-

164 3201 276 3264 mnibus
296 3211 356 3265 est.
372 3201 456 3267 Nam
479 3204 697 3279 valentiniani,
720 3223 803 3284 qnos
823 3222 919 3284 saepe
939 3203 1086 3267 consulat
1105 3203 1263 3282 Origenes

166 3297 192 3357 in
209 3297 307 3365 Tomo
320 3301 344 3364 l.
367 3301 686 3368 Commentariorum
699 3304 734 3367 in
744 3303 898 3367 loannem
920 3323 949 3366 u.
964 3302 1014 3369 23.
1036 3302 1263 3367 existimabant

167 3395 273 3466 Filium
293 3401 354 3467 bei
375 3413 542 3482 paternam
564 3405 781 3486 prolationem
805 3423 875 3468 esse
902 3412 1054 3485 tauquam
1077 3404 1107 3465 in
1129 3401 1263 3486 syllabis

164 3504 306 3576 positam:
332 3503 413 3568 «Et
435 3506 520 3580 ineo,
537 3509 642 3586 iuquit
667 3507 852 3591 hypostasin
878 3516 910 3570 et
937 3504 1174 3568 subsistentiam
1200 3501 1261 3576 illi,

162 3601 183 3661 si
199 3615 348 3670 aeeurate
371 3607 457 3687 ipsos
478 3609 728 3688 interrogemus,
753 3626 815 3672 uon
838 3608 984 3671 tribuunt
995 3627 1006 3686 3
1030 3623 1134 3686 neque
1156 3619 1261 3666 essen-

163 3701 227 3765 tiam
246 3707 318 3787 ejus
338 3707 513 3788 explanant
526 3729 537 3787 3
561 3727 617 3772 uos
649 3727 818 3789 nunqnam
848 3709 983 3770 dicimus
1016 3708 1112 3769 talem
1143 3705 1194 3767 vel
1216 3713 1262 3766 ta·

163 3801 236 3880 lem,
260 3808 315 3870 sed
337 3809 646 3889 quomodocumque
674 3811 856 3873 essentiam.
881 3827 897 3865 n
929 3807 964 3871 ln
985 3825 1053 3887 quo
1081 3807 1262 3869 testimonio

163 3908 266 3982 potiori
288 3911 479 3991 probatione
501 3913 647 3975 munitur
670 3920 778 3974 rectus
800 3908 949 3989 Origenis
971 3925 1103 3982 sensus,
1127 3906 1260 3968 lalsnm·

161 4025 216 4085 que
234 4013 393 4090 probatur
409 4011 497 4091 quotl
518 4022 651 4075 enarrat
673 4009 893 4096 Hieronymus
922 4010 952 4071 in
982 4008 1129 4089 praelato
1151 4005 1260 4068 llialo·

160 4123 202 4184 ιο.
223 4110 315 4175 llauu
340 4121 430 4175 errat
451 4113 636 4189 Candidus,
658 4115 746 4193 quod
783 4111 900 4175 Filium
923 4112 1001 4174 dioit
1022 4105 1256 4187 prolationem:

160 4222 235 4275 errat
253 4232 370 4300 negans
390 4212 462 4276 Filii
484 4215 670 4299 hypostasin
693 4232 751 4278 seu
772 4213 1021 4277 subsistentiam.
1038 4208 1260 4285 Quamobrem

162 4304 228 4372 bles
246 4313 384 4395 amplius
404 4315 527 4378 sincera
543 4313 691 4394 Origeuis
712 4323 781 4378 rata
806 4314 945 4376 babetur
965 4313 1051 4374 ciros
1070 4307 1143 4372 Filii
1164 4325 1181 4369 a
1201 4306 1259 4369 l’a·

164 4415 204 4471 tre
222 4419 469 4493 generationem,
494 4435 607 4479 verum
629 4416 781 4480 aliterab
801 4414 873 4489 illo,
894 4413 983 4498 qnod
1006 4408 1258 4492 praetendebant

164 4511 363 4579 valentiniani:
387 4517 455 4581 istis
479 4517 511 4578 in
530 4517 668 4602 syllaba,
687 4517 746 4580 illo
760 4517 791 4578 in
809 4515 972 4600 hypostasi
995 4512 1094 4577 Verbi
1116 4513 1254 4574 divinam

162 4611 341 4679 nativitatem
364 4617 653 4699 propugnantibus.
