3375 5567
552 726 692 795 etnim
713 728 862 795 xxxin.
972 730 978 743 “
1206 623 1266 697 m

164 927 280 1011 Quanti
297 926 444 1010 [arundo
472 939 515 993 est
535 948 561 991 s.
584 926 769 1011 Hieronymi
792 928 996 998 insimulatio
1022 932 1172 999 deorsus
1195 934 1268 1001 Ori·

196 1049 303 1116 penem
323 1029 359 1093 cd
372 1048 410 1093 eo
423 1048 504 1111 quoe
519 1027 553 1093 im
571 1029 663 1095 Temo
682 1029 732 1096 Vl.
747 1032 947 1100 stromatum
959 1036 997 1099 de
1010 1036 1170 1101 mendacio
1189 1037 1268 1103 scri·

193 1134 270 1217 prit.

160 1380 280 1505 Aliud
297 1441 329 1505 in
349 1439 521 1523 origenem
536 1439 728 1520 culpationis
750 1459 850 1522 genus
871 1438 1002 1507 Rnffino
1022 1442 1134 1525 objicit
1152 1438 1268 1515 Hiero·

160 1562 282 1629 aymus.
298 1542 340 1607 Et
360 1544 423 1607 hoc
443 1544 484 1605 ab
504 1544 573 1622 ipsc
594 1541 794 1625 Hieronymo
815 1543 998 1608 desumitur
1018 1563 1037 1607 e
1055 1553 1149 1609 sexto
1165 1542 1267 1608 Tomo

160 1642 365 1721 stromatum,
388 1646 419 1707 in
440 1664 506 1725 quo
527 1643 682 1725 Origenes
704 1645 744 1707 de
766 1645 932 1709 mendacio
951 1646 1104 1718 locutus,
1125 1646 1267 1709 testimo·

159 1748 245 1811 nium
261 1746 403 1811 Platonis
423 1747 513 1821 citat,
529 1744 695 1825 inquiensc
712 1768 729 1805 ι
746 1743 839 1809 Plato
860 1747 1001 1809 intortio
1023 1747 1063 1810 de
1085 1746 1264 1828 Republica

158 1846 264 1911 Libro:
280 1849 398 1911 neritus
411 1865 532 1929 quoque
545 1848 695 1911 sectondo
709 1865 892 1928 mopnopero
910 1856 963 1911 est.
980 1845 1016 1911 Si
1028 1847 1126 1922 enim,
1140 1856 1175 1911 ut
1184 1867 1268 1928 pou·

159 1950 277 2013 loome
296 1946 471 2013 rectissimo
492 1946 684 2024 dicebamus,
704 1948 767 2011 Deo
784 1946 942 2025 indecens,
962 1957 991 2013 rt
1010 1947 1121 2012 inutile
1141 1951 1269 2013 mendo·

159 2048 238 2113 oium
251 2062 316 2125 ειη
331 2048 508 2113 dominibus
521 2050 707 2132 quandoque
720 2049 811 2123 utile,
832 2060 869 2113 ut
882 2060 1016 2114 utentur
1029 2068 1077 2126 oo,
1087 2047 1182 2132 puori
1193 2068 1268 2113 con·

156 2152 288 2217 dimento
307 2161 400 2231 utque
416 2148 634 2228 medicamine,
655 2150 740 2215 nulli
759 2152 887 2217 dubium
907 2162 965 2225 est,
986 2150 1067 2233 puin
1085 2148 1269 2232 hujusmodi

156 2252 282 2317 licentio
295 2250 424 2317 medicis
441 2252 549 2315 doado
563 2249 618 2327 rit,
634 2259 661 2315 st
675 2250 713 2315 ob
733 2250 982 2333 imprudentibus
998 2252 1194 2315 removendo.
1219 2247 1268 2312 Ve-

157 2372 215 2428 ro,
236 2353 366 2434 inquit,
386 2351 522 2415 arseris:
549 2371 620 2433 erpo
637 2350 797 2434 principes
819 2352 965 2431 urbium,
986 2352 1128 2436 siquibus
1147 2363 1177 2415 et
1195 2350 1270 2416 uliis

156 2452 209 2517 ltoc
228 2454 432 2529 conceditur,
452 2460 568 2533 oportet
589 2450 765 2533 aliquando
786 2452 934 2528 mentiri,
954 2454 1002 2516 oet
1022 2462 1132 2517 contro
1151 2453 1267 2531 meres,

158 2558 204 2618 orl
219 2575 281 2637 pro
297 2555 409 2636 potrio
428 2565 457 2619 et
477 2554 607 2619 rioilus.
629 2554 673 2619 Et
693 2574 750 2619 nne
779 2557 879 2638 igitur
902 2556 1070 2637 (loquitur
1090 2555 1267 2637 Origenes)

158 2658 243 2723 itlius
265 2658 428 2739 praecepti
460 2676 640 2723 memores:
674 2655 843 2740 loquimini
861 2656 1021 2721 ueritatem
1053 2658 1271 2740 unusquisque

154 2780 221 2824 cum
238 2759 390 2841 proximo
407 2778 484 2837 suo,
506 2779 569 2824 non
591 2760 744 2823 debemus
765 2761 896 2836 dicere,
927 2761 1069 2839 quiscat
1099 2762 1269 2841 proximus

155 2860 275 2927 mens?
294 2862 349 2925 sed
371 2863 589 2937 considerare,
611 2861 775 2943 quomodo
791 2862 1002 2941 philosophus
1020 2870 1115 2925 caute
1135 2862 1267 2939 dixerit,

155 2962 219 3029 lieo
237 2965 389 3029 indecens
411 2974 443 3029 et
458 2964 571 3029 inutile
588 2982 656 3027 esse
670 2962 885 3043 mendacium
902 2963 1084 3026 hominibus
1105 2962 1268 3026 interdum
1299 2980 1305 2987 ·

156 3068 259 3149 utile;
276 3074 309 3131 ct
324 3067 411 3147 quod
424 3086 463 3129 nc
479 3085 538 3148 pro
553 3065 785 3145 dispensatione
800 3064 931 3144 quidem
947 3064 1109 3143 putandus
1123 3065 1164 3126 sit
1180 3061 1267 3129 Dens

154 3168 327 3248 aliqnando
349 3170 488 3233 mentiri.
505 3168 559 3233 Sin
581 3175 689 3230 entem
708 3166 915 3230 commodum
929 3167 1088 3229 audientis
1105 3166 1264 3245 exegerit,

157 3272 261 3335 verbis
274 3269 424 3350 loquitur
439 3270 596 3349 ambiguis
610 3278 642 3331 ct
656 3287 713 3347 per
724 3268 916 3349 aenigmata,
932 3285 1016 3347 qnae
1033 3267 1116 3342 ruit,
1130 3266 1267 3347 Profert,

154 3380 190 3433 ιιι
206 3380 240 3435 et
261 3372 406 3436 veritatis
430 3370 515 3451 apud
538 3387 613 3432 enm
635 3368 769 3448 dignitas
793 3378 1025 3432 conservetur:
1047 3376 1080 3431 et
1099 3375 1157 3444 nt,
1179 3367 1266 3449 qnod

155 3474 288 3537 noxium
310 3491 378 3537 csse
401 3480 540 3552 poteret,
562 3472 588 3533 si
611 3469 732 3533 nudum
755 3469 963 3550 proterretur
982 3470 1014 3532 in
1036 3470 1166 3549 rnlpns,
1186 3487 1268 3550 qno·

153 3572 223 3636 dem
249 3581 369 3637 tectum
392 3573 549 3633 velamine
572 3570 768 3651 proleratnr.
791 3568 898 3635 Homo
919 3580 1046 3648 antem,
1068 3573 1121 3635 cni
1143 3572 1268 3635 incum-

155 3674 199 3738 bit
212 3675 383 3739 necessitas
404 3673 589 3749 mentiendi,
605 3673 775 3755 diligenter
797 3673 952 3749 attendat,
969 3683 1007 3737 nt
1026 3676 1072 3738 sic
1093 3683 1208 3738 ntatnr
1222 3674 1269 3735 in·

157 3777 283 3841 terdena
305 3775 483 3851 mendacin,
506 3776 670 3856 quomodo
692 3775 896 3839 condimento
917 3784 1016 3855 atque
1035 3776 1270 3851 medicamine,

156 3886 190 3939 ιιι
209 3883 319 3942 servet
340 3894 522 3941 mensnram
544 3878 627 3957 ejus,
650 3895 688 3939 ne
709 3877 845 3940 excedat
869 3878 1046 3951 terminos,
1069 3879 1187 3958 qnibns
1209 3893 1267 3939 nsa

157 3987 204 4041 est
223 3976 340 4042 Iudith
360 3986 472 4041 contra
495 3974 722 4052 Holoferncm,
745 3987 777 4039 ct
802 3978 877 4041 vicit
899 3996 973 4040 cum
995 3978 1145 4056 prudenti
1167 3978 1268 4039 simn-

155 4078 274 4144 lationc
297 4078 484 4141 verborum.
508 4076 656 4141 imitetur
676 4075 807 4153 Esther,
830 4096 915 4157 qnae
937 4077 1122 4141 Artaxersis
1142 4085 1268 4145 senten.-

157 4182 247 4256 tiam,
260 4168 317 4243 diu
332 4180 428 4244 tacita
441 4180 541 4260 gentis
557 4180 704 4256 veritate,
718 4180 883 4242 correxit:
904 4178 982 4241 etin
997 4177 1108 4257 primis
1130 4176 1269 4256 patriar·

157 4281 246 4345 eham
265 4280 382 4356 Jacob,
397 4299 493 4361 quem
507 4280 645 4359 legimus
660 4280 896 4343 benedictiones
917 4280 1016 4359 patris
1033 4275 1148 4339 artifici
1170 4276 1270 4356 impe·

157 4389 256 4447 trasse
276 4382 451 4447 mendacio.
469 4380 519 4445 Ex
535 4399 603 4462 qno
624 4380 830 4460 perspicuum
853 4389 914 4454 est,
932 4379 1020 4461 quod
1042 4379 1100 4441 nisi
1123 4380 1167 4441 ita
1183 4394 1271 4449 men·

159 4482 203 4543 titi
227 4482 407 4560 fuerimus,
444 4489 481 4546 ut
501 4498 653 4561 magnum
674 4482 765 4545 nobis
786 4500 827 4545 cx
850 4481 912 4545 hoc
932 4478 1064 4561 aliquod
1086 4486 1270 4560 quaeratur
