3375 5567
435 760 575 823 deudum
595 765 657 831 est,
678 777 746 840 quo
768 760 801 822 ln
826 757 1004 839 Scripturis
1029 758 1172 824 totunm
1183 757 1412 838 Apostolorum
1429 753 1525 820 cili.

438 869 471 923 et
485 861 525 922 ud
541 857 673 924 Gulstus
693 881 722 925 e.
746 857 807 923 ΙΙΙ.
823 857 873 925 lb.
896 869 1042 932 notetur,
1057 877 1117 940 pcc
1136 857 1328 939 ungulorum
1341 856 1530 920 ministeriun

437 961 554 1044 Legem
577 964 700 1042 populo
722 959 825 1025 lsruel
847 962 953 1024 dutum
977 962 1085 1026 luisse.
1595 1013 1596 1026 ,

484 1131 489 1137 ,
516 1060 611 1140 Quod
634 1070 743 1126 entem
764 1063 805 1128 de
825 1063 939 1126 eodem
961 1069 1154 1142 argumento
1174 1060 1277 1126 Turno
1290 1059 1361 1126 XX.
1382 1060 1411 1125 i.
1424 1061 1530 1134 scribit,
1595 1105 1596 1116 2

437 1165 594 1244 quosdam
615 1165 767 1227 nimirum
786 1163 883 1227 verbe
904 1163 1094 1228 Sulrutorisr
1111 1161 1216 1227 omnir
1234 1161 1293 1244 ptri
1311 1159 1432 1227 audiuit
1449 1159 1531 1224 σὴ·
1595 1183 1596 1222 ;

438 1279 498 1341 tre,
513 1275 541 1328 et
553 1264 679 1341 didicit,
702 1265 789 1329 venit
801 1267 844 1328 od
858 1284 916 1343 me,
939 1276 1131 1332 convertere
1146 1267 1185 1330 ud
1202 1266 1359 1347 quusdum
1374 1267 1485 1327 ruimus
1496 1264 1533 1324 iu·

437 1379 641 1449 corporatus,
664 1387 749 1449 quue
770 1371 959 1449 priusquam
981 1372 1142 1442 orientur,
1164 1369 1299 1432 edoctae
1320 1361 1439 1430 luerint
1462 1363 1532 1443 spul
1595 1395 1596 1410 κ

440 1470 581 1544 Putrem,
603 1478 636 1532 et
656 1471 698 1530 ub
717 1488 757 1532 eo
777 1471 962 1533 audiverint
983 1480 1043 1534 etc.
1067 1470 1245 1533 nullimode
1267 1471 1419 1549 propriae
1437 1464 1534 1545 Origo

439 1574 487 1635 nis
505 1573 681 1636 sententiae
704 1572 804 1635 obest.
837 1570 948 1636 Primo
972 1591 1111 1653 numque
1132 1573 1271 1652 speciale
1287 1570 1346 1636 Dei
1367 1572 1534 1633 denumer-

439 1690 477 1752 ῃ
499 1675 620 1736 animes
642 1674 813 1736 nonnullus
834 1673 1134 1752 comprehenditur,
1157 1689 1219 1735 nou
1236 1689 1314 1734 vero
1337 1673 1378 1735 de
1397 1669 1534 1734 universio
1595 1673 1596 1682 ’

439 1783 622 1839 usscrtumr
644 1774 799 1850 secundo,
822 1775 908 1854 quod
932 1793 994 1836 nou
1015 1793 1130 1850 suum,
1154 1775 1208 1838 sed
1230 1774 1367 1837 ulterius
1395 1778 1534 1854 prnpuml

438 1876 594 1957 Origeues
615 1877 796 1955 opinionem
822 1879 908 1940 inter
928 1887 1053 1940 ceteros
1082 1878 1387 1958 interpretationes,
1408 1893 1483 1956 quus
1500 1871 1534 1934 ibi

438 1979 590 2042 describit
611 1980 697 2042 circu
719 1979 877 2040 dominica
900 1979 1004 2040 dictu:
1026 1977 1128 2041 omnis
1150 1977 1207 2059 qui
1224 1975 1350 2041 audiuit
1371 1997 1393 2040 o
1417 1977 1537 2041 Pctrcct

439 2079 568 2156 didicit,
585 2081 672 2142 venit
685 2081 728 2142 cd
740 2098 796 2143 me.
813 2101 829 2137 s
845 2077 958 2143 'l'ertio
974 2082 1035 2144 boc
1055 2081 1116 2144 sub
1137 2083 1264 2143 nomine
1284 2079 1496 2160 incorporatae
1511 2095 1538 2138 r·
1595 2085 1596 2090 ’

441 2181 546 2244 nimos
567 2190 671 2244 tutum
694 2183 855 2244 bominem
877 2183 958 2245 idest
985 2185 1124 2243 uuimum
1146 2191 1178 2245 ct
1198 2199 1320 2261 eorpus
1348 2180 1445 2242 simul
1467 2195 1539 2240 curu·

441 2284 654 2363 prehendens,
677 2283 766 2359 dicit,
788 2295 961 2364 antequem
984 2293 1174 2359 nuscuntur,
1199 2285 1344 2346 homiues
1370 2278 1537 2364 bujusmuli

441 2400 460 2446 u
489 2382 557 2447 Deo
579 2386 831 2465 praedestinatos
859 2405 938 2448 esse.
961 2382 1002 2448 Et
1027 2387 1073 2448 sic
1094 2395 1203 2464 postes
1226 2386 1282 2448 bus
1308 2387 1432 2446 animes
1451 2382 1539 2454 addit,
1595 2403 1596 2434 t

441 2485 599 2566 quondum
620 2487 788 2549 credentes
808 2493 1053 2567 repraesentare
1074 2486 1114 2548 de
1135 2487 1257 2565 populo
1279 2485 1393 2549 lsrael.
1420 2483 1465 2548 lix
1482 2481 1541 2564 qui·
1595 2495 1596 2538 z

442 2584 502 2648 bns
526 2588 650 2650 cunctis
670 2586 860 2650 excluditur
882 2585 1031 2667 Origenis
1051 2587 1159 2666 opinio
1181 2586 1220 2648 de
1240 2590 1426 2649 animorum
1446 2601 1540 2666 prrec·
1595 2567 1596 2652 i

443 2687 612 2753 sistentiu·

524 2787 645 2852 Verum
663 2791 762 2872 bujus
777 2792 902 2870 generis
917 2799 1145 2871 argumentum
1164 2790 1318 2864 solidum,
1338 2791 1485 2869 inquiunt
1497 2783 1540 2846 rd·
1595 2789 1596 2796 ’

446 2893 593 2967 versarii,
610 2910 677 2971 quo
698 2893 856 2972 probetur
871 2891 1058 2972 Origeuem,
1081 2904 1154 2956 ente
1169 2910 1308 2971 corpore
1331 2891 1473 2954 conditus
1485 2889 1539 2950 uui·

443 3010 523 3068 mus,
546 3002 578 3057 ot
599 2994 739 3074 emplius
762 3001 870 3058 tenere
885 2994 1012 3054 eusdem
1037 2994 1134 3055 variis
1149 2993 1314 3055 bominum
1337 3011 1394 3054 seu
1410 2992 1539 3054 lerurun

445 3096 638 3174 corporibus
650 3094 800 3175 supplicii
811 3112 908 3158 ceusu
920 3094 1052 3173 illigari,
1068 3094 1242 3158 deducitur
1252 3113 1293 3156 ex
1307 3093 1452 3173 eiusdem
1464 3090 1542 3156 Cum

445 3198 604 3260 urentucio
624 3194 661 3259 in
682 3194 878 3261 Mottboeum
899 3193 1001 3259 Tomo
1023 3194 1113 3260 lllll.
1136 3193 1186 3260 li.
1209 3195 1264 3258 ubi
1288 3196 1386 3258 verbu
1415 3192 1542 3271 Europe

445 3297 539 3361 listue
560 3299 731 3379 disquirit:
752 3297 878 3378 expedit
898 3297 937 3374 ei,
960 3307 997 3362 ut
1018 3297 1231 3378 suspendatur
1250 3297 1335 3359 molo
1356 3291 1543 3358 annosioris

449 3398 530 3460 collo
549 3399 635 3480 ejus,
656 3408 686 3461 et
704 3400 905 3478 demerpctur
925 3397 960 3460 ic
977 3399 1175 3479 prosuudum
1195 3397 1305 3460 moris.
1325 3395 1359 3459 ln
1372 3398 1486 3478 quibus
1499 3411 1543 3454 no·

450 3499 546 3562 tenda
565 3508 656 3577 suut,
676 3519 761 3581 quse
784 3503 875 3580 prius
896 3502 1060 3579 speciatim
1082 3502 1122 3562 de
1142 3517 1182 3564 eo
1203 3499 1293 3575 dicit,
1315 3501 1372 3578 qui
1394 3495 1542 3562 offensioni

449 3605 560 3665 locum
582 3601 726 3678 dederit,
750 3606 803 3667 cui
825 3621 907 3683 opus
929 3603 991 3666 erit
1013 3601 1117 3666 molae
1136 3603 1303 3682 suspensio
1328 3601 1416 3664 eollo
1435 3617 1492 3663 suo
1517 3603 1543 3657 et

450 3703 611 3766 demersio
632 3704 663 3765 iu
684 3702 885 3783 proluudutn
907 3703 1018 3783 merim
1041 3702 1133 3782 quusi
1145 3701 1184 3763 ud
1207 3703 1410 3765 curationem
1424 3699 1505 3763 illius
1518 3695 1542 3756 id

449 3804 608 3869 cuuierut.
629 3803 694 3882 Qui
716 3805 799 3867 enisu
824 3806 919 3869 tulem
941 3805 973 3868 iu
995 3805 1075 3868 muri
1098 3822 1233 3885 poenum
1254 3803 1380 3868 dederit
1400 3804 1542 3870 idoneum,

451 3907 506 3970 ubi
526 3907 628 3969 draco
646 3907 704 3970 ille
725 3915 785 3980 ost,
807 3924 906 3987 quem
925 3907 1076 3986 formauit
1091 3903 1173 3968 mur
1192 3906 1236 3967 od
1254 3903 1453 3968 illudendum
1464 3902 1502 3978 ei,
1518 3907 1544 3961 ct

452 4017 552 4089 prout
572 4009 601 4072 ci
623 4008 704 4070 utile
725 4007 839 4079 luerit,
855 4011 986 4088 punitus
1005 4007 1135 4070 tandem
1156 4016 1189 4070 et
1202 4003 1355 4084 afflictus,
1377 4015 1482 4088 poster
1499 4019 1545 4063 uo·

456 4129 533 4174 rum
555 4110 689 4191 recipiet
708 4095 829 4174 ctutum
851 4118 1021 4190 exemptus
1036 4128 1053 4174 e
1068 4110 1248 4186 laboribus,
1270 4110 1326 4190 qui
1346 4119 1423 4172 suut
1435 4109 1465 4172 iu
1483 4119 1544 4185 pro·

453 4212 556 4276 londo
577 4213 686 4275 muris.
1137 4209 1141 4220 ⁴

534 4312 656 4377 Deinde
675 4313 708 4374 iu
728 4314 797 4393 ipsu
818 4313 1062 4395 investigatione
1083 4315 1255 4395 persistens
1272 4315 1398 4377 subdite
1421 4333 1438 4372 r
1459 4307 1546 4375 liols·

452 4433 528 4480 rum
547 4418 633 4480 euim
653 4414 836 4479 discrimine
857 4423 952 4495 suut;
974 4417 1017 4478 its
1040 4423 1077 4479 ut
1100 4433 1215 4479 eurum
1236 4414 1369 4497 ulique,
1392 4421 1428 4478 ut
1447 4413 1485 4476 ltu
1508 4405 1546 4468 di·

451 4534 535 4592 cam,
557 4516 699 4580 bumuus
718 4520 772 4593 sit,
794 4517 858 4580 sliu
878 4515 1094 4604 oduarinbe
1109 4517 1249 4582 bumene
1271 4517 1403 4599 quidem
1424 4513 1475 4578 llls
1493 4516 1542 4581 eris
