3375 5567
172 771 253 827 csant
264 760 432 842 disjuncta,
445 758 529 823 adeo
542 764 580 823 ut
594 765 710 823 natura
724 760 855 841 captata
871 764 904 825 tu
918 761 1129 828 dissolutione
1144 781 1275 838 eorum,

170 882 245 943 qnae
262 867 349 925 erant
368 862 553 941 congenita,
567 862 693 925 animae
713 862 844 943 iuquam
865 872 900 926 ct
917 866 1064 945 corpori,
1085 884 1201 931 rursus
1220 884 1277 930 eo·

171 982 249 1040 rnna,
267 982 348 1044 quae
369 970 522 1044 separata
542 968 647 1037 crant,
670 964 795 1027 reditus
810 982 915 1045 purus
934 966 976 1027 ab
991 967 1078 1033 omni
1098 968 1276 1031 inmixtis>

172 1068 199 1125 ui
216 1065 373 1128 eraderet.

238 1162 300 1226 sin
314 1166 379 1228 iliis
394 1169 519 1240 aulem,
535 1164 591 1245 qui
606 1164 723 1229 ducem
737 1162 929 1244 (Christum)
942 1173 1140 1247 sequnntur,
1155 1174 1272 1232 ustura

167 1267 336 1331 absolutam
358 1269 572 1330 imitationem
603 1284 663 1347 per
682 1269 789 1331 omnia
812 1286 877 1331 non
896 1269 1006 1349 capit3
1035 1270 1091 1331 sed
1112 1277 1271 1348 qnantum

166 1369 226 1431 isti
246 1376 364 1449 potest,
383 1376 508 1433 notum
523 1371 592 1448 ipsa
613 1370 750 1447 accipiet
763 1374 883 1432 ustura
896 1390 906 1431 z
921 1378 1029 1434 cetera
1044 1378 1155 1434 autem
1171 1389 1274 1435 reser-

168 1476 214 1531 vat
231 1472 261 1532 in
281 1469 396 1533 seculo
418 1468 545 1533 iuturo.
567 1465 655 1543 Ouid
684 1476 734 1531 est
753 1486 832 1549 erpo
862 1470 951 1549 quod
972 1469 1149 1535 imitaturi
1173 1469 1269 1546 Quod

163 1588 265 1651 sempe
285 1570 453 1633 immixtae
466 1568 649 1633 vitiositatis
669 1568 702 1631 iu
718 1569 831 1633 mortis
849 1571 988 1650 imagine
1002 1588 1062 1651 per
1081 1587 1201 1652 aquam
1227 1571 1274 1633 la·

163 1680 218 1746 ιιι,
237 1672 479 1750 dissipationem
500 1670 723 1750 exprimeret3
744 1669 986 1751 dissipationem
1008 1680 1116 1735 tamen
1149 1674 1270 1737 vitiosi·

164 1772 227 1835 tatis
246 1770 485 1851 imperfectam,
500 1771 569 1833 sive
583 1770 759 1850 qnamdam
780 1772 1031 1837 continuationis
1043 1774 1113 1840 villi
1127 1773 1269 1839 interru-

163 1872 306 1951 ptionem,
319 1871 451 1935 duobus
464 1871 736 1935 concurrentibus
746 1870 786 1933 ad
800 1872 1008 1935 vitiositatem
1020 1871 1268 1948 sustollendum,

164 1982 223 2035 tant
242 1974 424 2053 peccatoris
445 1970 654 2053 poenitentis,
678 1979 747 2035 tum
769 1972 884 2037 mortis
903 1971 1092 2036 imitatione.
1112 1970 1270 2054 equinos
1370 2046 1376 2055 ‚

162 2071 393 2151 qamammodo
414 2072 514 2135 homo
533 2089 552 2133 a
572 2072 740 2152 congenita
761 2090 838 2136 cum
862 2072 940 2135 vitio
960 2071 1188 2154 adiunctione,
1210 2092 1272 2155 per

162 2174 380 2251 poenitentiam
394 2172 526 2253 quitiam
540 2172 573 2235 in
592 2173 704 2237 odium
725 2179 759 2237 et
778 2174 1005 2238 alienationem
1021 2175 1205 2239 vitiositatis
1223 2176 1272 2237 iu·

161 2275 248 2349 cedit,
270 2292 331 2355 per
354 2284 494 2339 mortem
516 2291 595 2339 vero
615 2274 692 2337 mali
715 2274 955 2353 dissipationem
969 2282 1136 2355 operatus.
1159 2274 1193 2339 st
1213 2294 1273 2340 au·

161 2384 218 2437 mm
238 2374 307 2439 deri
329 2382 464 2455 posset,
485 2383 523 2438 ut
544 2376 575 2439 ia
597 2374 739 2453 perlecta
762 2384 869 2439 morte
888 2384 973 2449 esset
991 2377 1158 2453 imitator,
1180 2376 1272 2441 nulia

160 2475 275 2539 ademst
297 2476 457 2554 imitati03
478 2474 534 2539 sed
555 2474 639 2539 idem
662 2474 760 2550 iuret,
776 2474 867 2555 qnod
888 2475 1013 2540 ioelum
1033 2483 1150 2553 est,‚et
1168 2477 1273 2540 omui·

158 2576 245 2639 node
265 2578 296 2639 in
317 2583 438 2639 natura
460 2584 569 2639 nostra
590 2574 760 2641 deleretur
781 2576 918 2649 vitium.
932 2576 1014 2661 adso
1028 2583 1085 2651 ut,
1106 2577 1204 2641 sicuti
1223 2579 1271 2641 ait

158 2677 349 2759 Apostolus,
371 2695 436 2743 una
459 2684 584 2741 mnium
606 2678 676 2741 vice
697 2684 885 2741 moreretur
898 2686 1044 2758 peccato.
1065 2696 1082 2734 s
1103 2675 1174 2741 iloc
1194 2678 1272 2741 item

158 2787 186 2843 et
203 2780 280 2843 aiibi
294 2799 321 2843 a.
344 2777 467 2841 Ductor
481 2778 512 2842 in
532 2778 645 2843 eadem
662 2776 813 2841 Orots'otte
830 2776 1034 2852 amorim,
1047 2786 1081 2842 et
1093 2778 1126 2841 iu
1145 2778 1275 2846 Sermo·

157 2897 191 2943 ae
208 2882 363 2943 densas
383 2897 448 2953 sos,
467 2876 527 2957 qsss‘
546 2877 768 2958 cnstipotioaes
787 2880 988 2958 depressisset
1007 2878 1113 2943 docet.

227 2979 306 3056 Sed,
322 2978 412 3060 quod
435 2978 529 3041 valdo
542 2981 696 3053 interest,
711 2978 902 3041 diluendum
925 2990 1032 3042 manet
1045 2980 1181 3059 quod-a
1205 2979 1272 3044 lio·

156 3088 220 3145 einr
232 3082 364 3163 scripsit
375 3097 414 3143 ac
429 3080 619 3159 praesertim
635 3080 666 3142 in
681 3076 833 3141 Oratione
850 3077 1058 3156 Coteckts'cu,
1078 3088 1112 3145 et
1126 3080 1172 3145 Dr
1182 3078 1270 3145 tior·

156 3180 213 3244 tss's
232 3191 268 3247 et
288 3184 321 3245 iu
337 3181 438 3245 Libro
454 3179 498 3243 De
519 3178 637 3245 Animo
651 3191 679 3242 et
691 3177 945 3258 Resurrectiosss,
959 3181 1018 3245 ubi
1036 3190 1149 3245 contra
1165 3180 1270 3245 ilani·

156 3283 267 3346 eliseos
290 3284 497 3345 vitiositatem
520 3298 584 3345 uon
605 3300 623 3343 a
646 3277 735 3357 lieo,
756 3280 813 3345 sed
838 3281 882 3344 ab
901 3282 1042 3345 bominis
1058 3280 1197 3344 arbitrio
1214 3300 1271 3345 or·

158 3396 218 3449 tnm
232 3384 370 3447 duxisse
387 3384 596 3446 vehementer
615 3390 738 3461 pugnat
744 3401 758 3462 3
770 3399 809 3445 ac
828 3383 904 3445 ideo
916 3400 993 3445 cam
1005 3400 1069 3445 uon
1082 3384 1181 3445 sites
1200 3380 1272 3473 lieo

156 3484 272 3547 nalum
287 3482 488 3565 huiusmodi,
503 3482 536 3544 in
559 3482 801 3543 resurrectione
821 3478 996 3544 delendum
1011 3478 1095 3557 iore,
1111 3486 1150 3543 nt
1169 3480 1202 3542 iu
1216 3498 1271 3544 ae·

157 3593 287 3649 ornum
302 3585 413 3647 vivant
442 3600 553 3646 omnes
580 3581 650 3645 sire
678 3580 772 3659 proid
795 3580 866 3644 sive
885 3580 1047 3661 improli;
1077 3579 1270 3645 diluendum

156 3695 269 3761 nauci,
291 3687 437 3765 inquam,
453 3684 540 3764 quod
563 3685 609 3746 ait
628 3680 668 3745 de
689 3682 879 3763 hujusmodi
901 3682 1083 3745 vitiositatis
1102 3684 1269 3747 communi

155 3789 336 3869 expiatione
357 3794 430 3866 post
449 3786 575 3849 obitum
604 3792 753 3847 uestrum
775 3791 808 3847 et
827 3791 903 3847 aute
923 3782 1134 3871 novissimum
1152 3782 1269 3863 judicii

155 3887 247 3964 dum,
266 3888 310 3951 de
330 3888 457 3950 milone
476 3886 630 3951 nimirum
650 3886 757 3964 deque
778 3884 954 3949 intervallo
977 3884 1030 3947 vel
1049 3883 1191 3964 longiori
1213 3884 1268 3947 vel

156 3990 277 4063 minori,
294 4006 363 4069 quo
377 3990 410 4051 iu
431 3987 540 4067 probis
554 3994 587 4049 et
601 3986 747 4065 reprobis
770 3986 843 4048 talis
858 3983 1047 4065 perticietar
1059 3984 1242 4049 deloacatio
1251 4003 1266 4064 3

157 4097 183 4151 st
199 4090 367 4171 quomodo
381 4090 441 4151 ista
462 4088 504 4149 sb
524 4086 588 4151 alis
609 4086 804 4151 secernenda
821 4086 863 4148 sit
876 4086 1078 4165 expiatione,
1096 4101 1195 4163 quam
1209 4085 1268 4147 do·

157 4200 200 4255 eet
218 4190 366 4255 Ecclesia
382 4187 551 4253 Catholica
565 4188 606 4251 de
619 4188 788 4251 animabus
807 4189 840 4251 in
857 4186 1052 4267 Purgatorio
1065 4185 1267 4265 degentibus.

230 4290 372 4357 Praelati
386 4288 547 4353 Doctores
562 4286 712 4364 Procius,
728 4284 929 4363 Methodium
943 4284 1156 4366 Epiphanius,
1179 4281 1266 4347 Tiso·

158 4410 215 4458 uas
236 4394 349 4459 deinde
368 4393 520 4471 aliique,
541 4390 689 4470 quamvis
715 4388 898 4469 perspicue,
920 4387 1066 4451 homines
1086 4386 1264 4450 universim

160 4492 411 4575 neormpoottes
431 4490 556 4573 pariter
576 4497 609 4554 et
629 4488 700 4553 ulla
720 4487 844 4567 simne
866 4486 1039 4552 vitiositate
1061 4493 1264 4550 resurrectu-
