3375 5567
433 810 586 865 uotorum
599 800 741 865 salntem
755 802 896 883 respicit.
920 798 981 866 Sed
1005 806 1129 865 tautum
1143 800 1185 865 ab
1199 800 1351 883 exemplo
1372 800 1433 865 boo
1454 799 1537 875 licit,

435 898 506 964 lleri
527 918 641 983 nempe
661 920 768 983 posse,
791 907 829 965 nt
851 901 938 967 Deus
959 920 1080 983 eorpus
1101 910 1249 967 nostrum
1270 903 1310 965 ab
1332 903 1540 983 incorruptio·

437 1016 511 1063 nem
526 1002 763 1081 restitua13uou
778 1012 888 1066 eutem
904 1010 975 1084 post
986 1002 1159 1084 iudicium,
1171 1012 1204 1065 et
1214 1003 1418 1067 senteutiam:
1429 999 1471 1063 ite
1483 1020 1544 1063 mo·

434 1099 542 1165 leuiori
555 1105 647 1184 quasi
670 1114 808 1169 mentem
826 1105 1042 1184 reproborum
1060 1113 1187 1169 mutare
1204 1104 1281 1167 rellt
1296 1102 1468 1181 [lominum
1487 1104 1543 1165 hoc

432 1220 495 1265 uon
519 1204 591 1266 rull
610 1203 778 1285 Origenes.
798 1204 940 1286 ldenque
962 1215 1034 1285 post
1048 1223 1151 1285 pauca
1173 1205 1296 1279 subdit,
1311 1205 1391 1267 duas
1412 1210 1541 1265 naturas

432 1303 611 1367 condidisse
635 1302 754 1381 Deum,
770 1306 929 1370 risibilem
947 1314 978 1369 et
1000 1323 1322 1385 combremarum,
1344 1304 1480 1367 alteram
1501 1305 1542 1365 iu·

436 1405 596 1468 risibilem
616 1415 650 1469 et
663 1408 910 1487 incorpoream:
928 1429 947 1483 u
964 1407 1022 1470 llla
1046 1407 1176 1487 quidem
1192 1405 1373 1476 invisibilis,
1394 1422 1479 1485 quae
1498 1420 1545 1465 ra·

436 1504 598 1569 tlouabilis
618 1516 680 1582 est,
696 1509 803 1571 auimo
825 1510 1056 1589 propositoque
1074 1516 1223 1571 mutatur
1243 1524 1303 1584 pro
1323 1524 1375 1581 ec,
1391 1506 1478 1586 quod
1500 1522 1547 1567 rr·

437 1605 524 1667 bitrii
546 1607 596 1669 sui
618 1607 771 1671 libertate
791 1610 909 1673 donata
931 1618 1000 1688 est;
1032 1617 1064 1672 et
1086 1626 1145 1689 per
1165 1608 1226 1671 boc
1247 1606 1423 1687 aliquando
1445 1608 1475 1668 lu
1495 1604 1545 1667 bn·

434 1704 496 1779 nis,
518 1706 694 1786 aliquando
716 1707 747 1769 in
761 1710 934 1773 contrariis
955 1710 1130 1773 invenitur.
1149 1707 1239 1772 llaec
1255 1724 1333 1771 sero
1347 1714 1465 1769 ustura
1480 1722 1546 1769 eor·

438 1822 537 1882 porea
558 1808 803 1871 substantialem
820 1810 933 1890 recipit
956 1812 1248 1890 permutationem:
1272 1807 1357 1870 unde
1378 1816 1412 1871 et
1425 1806 1464 1869 ad
1485 1824 1547 1867 om·

436 1922 489 1977 ne,
512 1907 599 1986 qnod
623 1908 745 1982 moliri,
769 1909 820 1970 rel
842 1908 1021 1979 fabricare.
1039 1909 1091 1972 sel
1112 1916 1291 1973 retractare
1313 1906 1457 1970 soluerit
1475 1906 1547 1968 arti·

438 2003 493 2069 lex
514 2008 659 2069 omnium
682 2007 791 2086 Deus,
814 2011 969 2073 materiae
991 2010 1090 2091 bojus
1111 2010 1209 2073 babet
1229 2011 1261 2072 lu
1281 2008 1430 2071 omuibus
1452 2006 1548 2069 lamu-

436 2105 553 2182 latum,
570 2118 608 2171 ut
629 2110 660 2172 iu
682 2128 907 2191 quascumque
923 2112 995 2174 rull
1016 2111 1136 2175 lormas
1155 2110 1207 2173 sel
1227 2110 1362 2191 speeies,
1384 2114 1484 2189 prout
1503 2124 1548 2169 re·

441 2226 515 2273 rnur
538 2213 652 2274 merita
684 2198 890 2291 deposcunt,
910 2221 1060 2276 usturam
1083 2229 1276 2293 corpoream
1308 2216 1502 2274 transmutet
1519 2213 1548 2269 et

439 2310 737 2392 transler1t5quol
753 2315 921 2377 evidenter
941 2312 1103 2393 Propheta
1123 2312 1290 2391 designans
1304 2311 1370 2373 ait:
1388 2307 1485 2381 Deus,
1500 2304 1551 2387 psi

437 2410 519 2490 socie
532 2412 642 2477 omnic
654 2424 682 2476 er
697 2423 878 2479 trosmolot.
895 2413 1017 2479 »Unde
1032 2412 1171 2494 amplius
1185 2419 1360 2493 arguetur,
1381 2408 1548 2490 Origeuem

441 2513 571 2577 minime
591 2515 622 2577 iu
644 2516 742 2579 citata
763 2518 915 2598 pericope
935 2517 1028 2597 loqui
1049 2516 1089 2577 de
1105 2531 1284 2595 poenarum
1302 2513 1480 2579 cessatione
1498 2528 1549 2590 po·

437 2620 562 2677 stremo
573 2614 698 2696 J‘uslicio
712 2617 941 2681 subsecutura.
955 2616 1055 2683 Seeus
1070 2616 1267 2692 destrueret,
1283 2614 1372 2695 quod
1388 2613 1488 2695 paulo
1502 2628 1551 2673 an·

440 2718 472 2776 te
493 2712 647 2779 firmarit.

523 2813 619 2892 Quod
637 2834 716 2881 rero
732 2818 775 2881 ibi
797 2822 842 2881 ait
864 2818 992 2883 Auctor
1006 2819 1046 2881 tle
1066 2835 1205 2899 corpore
1225 2814 1376 2897 spiritali,
1398 2812 1551 2895 eiusdem·

438 2935 504 2997 pne
520 2920 655 2991 virtute,
666 2919 787 2998 pluria,
797 2920 953 2996 bonitate,
968 2920 1167 2984 beatitudine
1179 2919 1210 2981 lu
1224 2915 1466 2981 resurreetione
1477 2913 1549 2994 jnr-

441 3028 471 3081 ta
490 3021 637 3099 Apostoli
657 3023 839 3085 seusumad
862 3020 1058 3097 Corinthios,
1076 3040 1150 3083 oum
1172 3018 1252 3082 nibil
1273 3016 1416 3097 dopmstl
1438 3014 1550 3079 olliciat

439 3119 480 3182 de
495 3121 712 3200 perpetuitate
726 3140 918 3201 poenarum,
939 3123 1022 3185 inira
1036 3121 1169 3202 speciali
1184 3126 1325 3184 tractatu
1341 3116 1550 3197 expendetur.

440 3218 678 3285 Tantummodo
700 3223 762 3285 boc
781 3222 950 3303 adjiciam,
972 3222 1147 3303 quemdam
1168 3220 1305 3284 lortasse
1325 3219 1482 3281 adsersus
1501 3232 1552 3277 es·

439 3340 536 3403 pense
552 3324 748 3388 tleomnium
770 3326 947 3388 universim
969 3332 1057 3388 sorte
1080 3331 1155 3404 post
1175 3320 1447 3387 resurrectionem
1461 3320 1552 3381 instr-

441 3440 500 3499 re,
523 3423 620 3486 aliter
642 3418 892 3504 interpretatum
921 3432 1083 3503 postrema
1104 3421 1255 3501 Origenis
1284 3418 1383 3483 verbo
1407 3417 1447 3479 de
1474 3415 1553 3495 Apo·

440 3522 516 3585 stoli
537 3522 706 3604 Scriptura
727 3527 894 3605 decerpta,
917 3544 1045 3606 suoque
1067 3532 1174 3605 aptata
1190 3531 1394 3604 argumento.
1421 3518 1505 3582 Dicit
1523 3534 1553 3578 e·

443 3625 529 3688 uim:
547 3646 563 3683 s
582 3623 616 3687 ln
638 3644 703 3706 quo
724 3637 812 3690 statu
833 3628 989 3703 (honoris
1011 3645 1049 3690 ac
1064 3624 1272 3691 beatitudiuis
1294 3625 1436 3703 corpus)
1463 3618 1552 3683 etiam

442 3740 635 3804 permanere
647 3744 776 3806 semper
795 3734 829 3789 et
843 3726 1091 3790 immutabiliter
1105 3726 1269 3793 Creatoris
1285 3723 1468 3795 voluntate,
1491 3733 1554 3779 cre·

441 3823 583 3911 bendum
597 3834 660 3904 est,
683 3827 777 3889 llrleru
795 3827 842 3889 rei
868 3826 1004 3889 iaciente
1025 3826 1181 3889 sententia
1198 3822 1347 3904 Apostoli
1362 3818 1495 3883 dicentis
1506 3815 1556 3877 ‹lo-

442 3942 528 3989 msrm
542 3926 690 3991 miemm
701 3946 766 3990 oon
778 3929 1009 4009 manufactam,
1022 3936 1181 3989 oeternum
1191 3924 1227 3989 in
1241 3922 1345 3987 ecelis.
1359 3942 1375 3979 s
1388 3920 1489 3997 Quasi
1503 3934 1557 3997 pn·

442 4028 575 4091 tandum
596 4031 649 4105 sit,
670 4048 782 4093 omues
803 4029 905 4093 bouus
926 4038 958 4091 et
982 4028 1084 4091 malos
1104 4027 1203 4091 simul
1232 4021 1408 4105 aliquando
1430 4022 1555 4085 loturos

442 4129 474 4191 iu
489 4129 602 4205 coelis,
618 4129 727 4211 ibique
748 4138 888 4193 manere.
907 4127 1127 4207 Quamobrem
1143 4137 1176 4191 et
1190 4125 1338 4207 Apostoll
1353 4133 1386 4187 el
1400 4122 1473 4185 inde
1486 4118 1557 4181 Ori·

443 4230 532 4308 peois
552 4248 681 4294 sensum
703 4231 734 4293 ln
757 4232 857 4295 citato
879 4232 1063 4295 testimonio
1083 4228 1225 4293 serutari
1248 4232 1400 4308 praestat.
1425 4220 1555 4301 Aposto-

440 4328 495 4393 lus
515 4330 625 4412 itaque
647 4334 796 4397 hortatus
824 4333 1031 4407 Corinthios,
1066 4333 1206 4395 libenter
1227 4328 1292 4408 pati
1315 4322 1554 4407 persecutiones

443 4431 477 4493 iu
498 4432 653 4507 barritu,
673 4433 811 4496 scientes
834 4431 905 4495 lore
920 4433 1098 4515 aliquando
1111 4440 1150 4497 ut
1170 4446 1290 4511 corpus
1306 4434 1453 4491 nostrum
1476 4434 1555 4483 uror·

445 4530 511 4597 trle
531 4532 734 4599 instauretur
747 4534 779 4597 in
800 4552 922 4616 corpus
944 4535 1144 4612 immortale,
1158 4539 1192 4597 et
1211 4531 1258 4597 sio
1278 4531 1310 4593 lu
1324 4535 1493 4593 ueternum
1515 4517 1557 4581 ri·
