3375 5567
433 793 648 864 percurrunt,
664 793 722 851 sut
736 794 821 852 stato
847 788 920 852 loeo
944 794 1091 852 maneant
1102 805 1113 867 ι
1129 796 1161 852 ιι
1181 805 1285 868 aquo
1305 801 1459 866 nunquam
1472 783 1520 850 da·

432 886 547 949 erodere
577 897 752 969 poteruut3
775 890 871 952 uliter
893 908 954 952 non
983 899 1018 952 ut
1041 891 1129 970 signa
1152 889 1370 965 haberentur,
1391 888 1415 950 si
1434 886 1469 948 ab
1486 903 1520 948 ιι
1603 877 1604 920 ³

431 988 544 1050 ordine
565 989 780 1067 declinareut3
804 996 836 1053 ot
858 991 884 1053 si
907 991 971 1054 bno
1001 990 1081 1053 illue
1104 988 1308 1054 discurrendi
1329 988 1373 1052 eis
1399 993 1521 1068 potestas
1603 989 1604 992 ’

431 1087 534 1152 lieret.
1180 1149 1183 1154 A

513 1189 553 1252 Et
573 1194 636 1256 boo
656 1201 716 1272 est,
738 1195 825 1275 quod
847 1192 987 1258 Humilia
1012 1193 1034 1256 l.
1058 1211 1089 1256 n.
1111 1190 1161 1258 13.
1187 1193 1218 1256 iu
1235 1192 1384 1256 eumdem
1403 1189 1521 1254 Librum

432 1290 515 1353 coeli
545 1292 785 1359 firmamentum
807 1313 1004 1376 corporeum
1030 1295 1125 1368 dioit,
1147 1301 1182 1357 et
1206 1296 1312 1358 omnia
1333 1309 1415 1372 quse
1439 1291 1469 1352 ιιι
1486 1290 1524 1352 eis
1603 1337 1604 1344 ι

429 1400 516 1466 suot,
538 1393 654 1466 solem,
676 1395 787 1458 lunam
808 1405 841 1459 et
861 1395 984 1470 stellas,
1007 1403 1040 1458 et
1059 1402 1167 1458 cotnra
1188 1413 1274 1476 qnno
1295 1396 1328 1458 iu
1350 1393 1440 1456 terris
1458 1399 1524 1456 suut
1603 1415 1604 1448 ι

431 1495 506 1556 item
538 1512 696 1576 corporea
725 1497 860 1574 buberi3
882 1515 925 1558 ex
956 1515 1023 1576 quo
1044 1496 1085 1560 ud
1111 1499 1280 1576 imaginum
1307 1493 1365 1560 Dei
1389 1512 1450 1558 uon
1472 1495 1525 1556 siut

430 1601 553 1669 ornatu,
569 1598 689 1676 quinos
708 1597 799 1660 sulus
815 1598 913 1660 bourn
935 1598 1017 1662 bano
1032 1597 1197 1677 praeierat
1215 1598 1357 1660 divinam
1370 1595 1524 1674 imaginem

430 1698 461 1759 iu
480 1698 628 1764 interiori
650 1718 724 1775 suo,
748 1700 918 1778 imngiuam
935 1699 1068 1779 inquam
1089 1700 1328 1780 incorpoream,
1351 1696 1525 1761 invisibilem

429 1807 463 1862 st
484 1800 700 1864 immortalem
711 1820 723 1879 3
744 1819 804 1864 sen
826 1801 874 1864 uti
897 1809 1008 1880 postea
1028 1799 1150 1877 subdit,
1165 1801 1318 1882 spiritum
1339 1805 1373 1862 et
1392 1798 1524 1860 animam.

432 1899 575 1982 ideoque
589 1903 733 1968 homiues
754 1902 861 1966 diuina
881 1909 1004 1966 tantum
1026 1902 1196 1966 decoratos
1211 1903 1363 1982 imagine,
1379 1901 1450 1964 buui
1464 1916 1526 1979 uro·

429 2003 503 2064 inde
519 2003 662 2084 malique
675 2005 807 2068 scientio
830 2003 1005 2084 praeditos,
1020 2011 1053 2067 at
1064 2003 1233 2084 probitatis
1247 2020 1354 2083 aeque
1373 2019 1411 2066 ao
1425 2001 1528 2081 impro-

432 2104 538 2168 bitatis
566 2121 700 2182 mounes
726 2105 892 2184 reputavit
911 2104 1090 2186 Origenes,
1115 2105 1216 2169 veluti
1245 2105 1308 2168 boe
1329 2121 1457 2184 quoque
1482 2099 1528 2162 ad·

426 2206 525 2269 struit
545 2202 649 2269 Tomo
671 2202 696 2268 1.
713 2203 750 2267 ιιι
769 2202 925 2268 Ioannem
939 2223 969 2267 u.
990 2203 1041 2276 bl.
1057 2205 1212 2270 scribens:
1235 2203 1353 2270 «Nam
1374 2202 1527 2284 usquein·

429 2307 513 2370 ruina
534 2307 703 2383 eoelestia,
724 2307 837 2372 dieunt
857 2307 1016 2384 nonnulli,
1039 2309 1064 2371 si
1079 2325 1218 2388 corpora
1242 2314 1372 2372 terrena
1387 2304 1527 2384 suscepis-

427 2415 510 2484 sent,
532 2426 551 2470 a
573 2410 727 2488 perieulis
747 2410 878 2474 omuino
899 2417 962 2474 eta
986 2410 1148 2490 peccando
1163 2411 1319 2473 immunia
1343 2408 1438 2473 vitam
1452 2421 1529 2488 prae

428 2515 551 2572 sentem
568 2517 783 2574 transactura.
801 2531 818 2568 ιι
833 2508 927 2586 Quas
947 2509 1088 2591 amplius
1103 2510 1317 2574 differentiam
1335 2509 1455 2582 dieunt,
1474 2520 1529 2585 qua

429 2627 568 2691 corpora
585 2611 743 2700 ¹coelestio
764 2612 917 2692 opposuit
938 2612 1087 2675 bumauis
1107 2612 1149 2674 ob
1170 2611 1255 2674 istud
1278 2610 1362 2674 bene
1389 2608 1439 2674 rel
1458 2605 1529 2670 male

429 2711 543 2790 agendi
554 2712 740 2790 arbitrium,
756 2713 844 2794 quod
860 2714 967 2778 solum
989 2713 1172 2778 bominibus
1186 2713 1357 2792 competit,
1369 2707 1530 2776 nullimode

431 2830 510 2876 raro
528 2812 700 2878 sideribus.
723 2812 803 2884 item
825 2811 928 2878 Tomo
950 2812 1039 2877 xiil.
1062 2833 1092 2877 u.
1113 2812 1145 2882 6.
1168 2814 1203 2877 ιιι
1224 2812 1420 2880 Μιιιιιιιιιιιιι
1433 2818 1529 2877 eontra

428 2929 484 2977 eos
513 2913 645 2977 dimicat
668 2923 840 2996 putautss:
866 2936 882 2976 ιι
904 2933 946 2980 ex
974 2915 1141 2980 efficientis
1170 2917 1345 2980 stellarum
1373 2915 1530 2981 consistere

429 3032 561 3080 cauum
591 3018 734 3082 omnium
757 3018 980 3081 infirmitatum
1005 3019 1074 3082 sire
1097 3017 1312 3098 generalium,
1335 3018 1406 3082 sive
1424 3016 1530 3096 speria·

427 3115 523 3191 linui,
545 3119 751 3182 criminantes
770 3136 870 3200 opera
893 3117 973 3200 liei3
997 3127 1030 3182 et
1049 3119 1206 3199 quasdam
1220 3117 1355 3200 quidam
1376 3118 1480 3182 stellas
1493 3113 1531 3176 di·

430 3225 537 3282 sentes
560 3219 737 3294 maleficas,
757 3220 913 3300 quasdam
928 3229 1039 3284 autem
1060 3219 1232 3292 benolioas,
1247 3237 1323 3284 oum
1347 3215 1530 3282 uullastella

430 3317 547 3382 tantan
570 3317 638 3383 Deo
652 3322 705 3396 sit,
728 3328 766 3383 ut
780 3320 973 3384 maleiaoist.
996 3341 1013 3378 ιι
1029 3319 1070 3384 Et
1091 3321 1153 3383 boo
1182 3319 1289 3384 lirmat
1310 3320 1343 3382 in
1367 3339 1395 3384 ι.
1411 3311 1527 3382 XXXV.

429 3417 514 3483 lobs
539 3441 555 3480 ιι
576 3419 673 3486 Solus
688 3422 772 3484 euim
795 3421 893 3486 bnmn
908 3423 1033 3486 ratione
1054 3430 1187 3484 ornatus
1203 3428 1262 3484 est.
1288 3419 1432 3485 Rationis
1446 3417 1530 3497 igitur

429 3519 584 3584 beneflcio
605 3522 645 3584 nb
666 3523 815 3591 omuibus
836 3524 1030 3588 animalibus
1050 3522 1191 3587 distincti
1210 3539 1335 3586 sumus.
1360 3543 1377 3581 ι

510 3619 727 3690 Nihilominus
748 3626 844 3706 plura
876 3623 1104 3689 Adamantium
1135 3624 1299 3688 intundum
1320 3632 1391 3701 ast,
1412 3623 1530 3702 sparsim

429 3726 496 3789 suis
516 3726 643 3807 ιιιιιριιι
658 3728 830 3792 inseruisse
844 3729 1051 3803 dnoumouia,
1067 3727 1263 3808 quibuscum
1283 3726 1390 3806 logica
1411 3725 1475 3791 sire
1489 3738 1532 3783 ra·

433 3827 563 3892 tiooalia
580 3837 811 3909 nuncupantur
824 3847 965 3909 corpora
987 3828 1137 3893 eoelestia
1152 3829 1215 3904 sol,
1231 3829 1307 3891 luna
1323 3836 1358 3891 et
1371 3836 1454 3890 nstra
1463 3843 1474 3901 3
1491 3822 1531 3884 bis

432 3928 635 4008 adjicientem
656 3947 808 4010 quoqne,
830 3928 997 3995 Christum
1018 3930 1210 4010 prophetam
1241 3946 1392 4009 magnum
1415 3943 1471 3990 uou
1490 3941 1532 3986 so·

373 4098 379 4109 ,
432 4028 501 4092 lum
524 4048 584 4110 pro
605 4031 802 4107 bominibus,
820 4048 935 4094 verum
957 4031 1053 4095 etium
1075 4048 1135 4112 pru
1156 4032 1271 4094 ueteris
1287 4031 1445 4094 creaturis
1463 4025 1532 4102 logi·

432 4130 489 4205 ois,
510 4131 580 4193 sire
603 4133 726 4196 rstione
746 4133 919 4212 onpaeibus
941 4132 1119 4212 passionom
1140 4131 1286 4196 subiisse.
1310 4130 1352 4194 Et
1373 4132 1434 4195 boe
1453 4127 1533 4188 docet

433 4228 537 4296 Tomo
558 4232 582 4294 l.
605 4232 640 4296 ιἰι
660 4230 813 4296 Iunonem
833 4253 866 4296 ιι.
888 4229 945 4304 ld:
969 4255 986 4293 ιι
1010 4232 1197 4298 absurdum
1219 4241 1268 4296 est
1287 4235 1372 4295 enini
1395 4249 1452 4311 pro
1472 4243 1533 4308 poc·

434 4333 514 4396 catis
534 4332 665 4412 quidem
687 4334 837 4398 humanis
859 4333 969 4416 dicere
990 4353 1064 4397 enm
1081 4341 1218 4398 mortem
1241 4341 1397 4415 gustasse,
1420 4347 1477 4394 uou
1496 4327 1531 4386 ιιι

429 4449 515 4508 dero
530 4451 591 4515 uro
611 4435 874 4517 quibuscumque
887 4434 983 4499 etism
1005 4435 1089 4510 aliis,
1112 4437 1168 4516 qni
1184 4434 1489 4516 prseterbnminsrn
1507 4425 1532 4484 iu

304 4625 308 4630 ι
432 4536 572 4616 necorde
593 4543 720 4616 esseot3
751 4555 803 4600 ex.
826 4555 856 4618 g.
880 4553 940 4616 pun
960 4537 1055 4600 astris
1086 4544 1146 4600 eto.
1170 4555 1186 4595 n
1210 4533 1418 4615 Quapropter
1444 4533 1473 4592 in
1493 4525 1532 4588 bis
