3375 5567
437 796 611 859 doemones
633 798 734 862 veluti
754 798 909 881 suijuris
930 812 1083 877 capaces,
1100 794 1169 859 deri
1191 796 1366 879 aliquando
1387 816 1480 879 posse,
1501 802 1530 865 ut

438 916 531 960 suem
547 905 674 961 mutent
693 901 922 974 conditionem,
938 898 1020 962 adeo
1041 906 1079 962 ut
1091 898 1266 961 doemone
1288 900 1399 981 poeuis
1418 900 1453 963 ad
1473 902 1530 983 gio·

440 1000 521 1061 mum
543 1004 577 1061 et
597 998 839 1076 beatitudinem,
861 1007 895 1063 et
917 999 1059 1080 tegetes
1081 997 1140 1064 iici
1160 1016 1178 1061 a
1196 1000 1392 1065 beatitudine
1412 1002 1448 1064 ad
1468 1020 1532 1066 eru·

439 1100 561 1163 cietunr
583 1100 811 1166 tmnsieratur.
828 1099 900 1165 Hoc
919 1118 997 1164 sanc
1011 1117 1074 1163 non
1089 1099 1167 1164 dicit
1177 1097 1334 1180 Origenes
1340 1120 1352 1181 ;
1367 1078 1459 1165 eiiter
1473 1120 1533 1183 per·

440 1206 540 1282 petuo
559 1201 620 1266 sibi
640 1203 829 1267 contrairet.
859 1201 1003 1283 ideoque
1023 1203 1090 1266 sine
1110 1201 1334 1281 praeintornm
1358 1205 1535 1268 testimonio·

440 1319 516 1366 rum
536 1302 732 1368 detrimento
751 1321 790 1368 ac
811 1304 963 1369 violentia
987 1314 1056 1368 tum
1077 1322 1119 1367 ex
1140 1312 1295 1369 contextu
1318 1314 1387 1369 tum
1407 1324 1447 1369 ex
1465 1312 1537 1368 cete·

444 1404 488 1467 ris
508 1402 653 1484 ejusdem
676 1406 803 1486 generis
822 1406 1016 1471 dictionibus
1039 1412 1164 1469 rectum
1186 1422 1400 1486 assequemur
1412 1424 1538 1478 sensum,

442 1504 469 1567 si
490 1505 619 1569 dicutur
639 1504 758 1571 ibidem
773 1504 959 1588 interpres,
975 1524 1038 1570 non
1060 1524 1194 1587 poenam
1210 1506 1375 1583 absolute,
1392 1524 1449 1571 nec
1468 1505 1540 1569 mni·

444 1613 478 1667 to
499 1605 604 1669 minus
624 1615 788 1669 aeternum
809 1607 1047 1671 damnationem
1066 1608 1187 1687 augetis
1203 1609 1365 1672 tutoribus
1383 1606 1540 1673 commina-

443 1707 473 1768 ri
493 1706 537 1767 ob
556 1707 730 1785 quamdam
751 1708 977 1788 negligentiam
999 1728 1075 1789 erge
1097 1709 1241 1772 homines
1263 1711 1475 1782 commissam,
1493 1704 1539 1769 sed

445 1806 669 1868 tantummodo
683 1807 841 1886 quosdam
858 1810 1049 1872 meritorum
1071 1808 1192 1889 gradus
1205 1808 1280 1889 ipsis
1300 1809 1422 1888 angeiis
1436 1806 1542 1871 adscri-

413 1904 418 1914 '
445 1913 517 1986 ptoo
535 1907 770 1971 obcnstodiem
793 1910 884 1972 nobis
905 1911 1091 1989 praestitam
1108 1911 1290 1990 respicere3
1312 1918 1343 1973 et
1365 1909 1428 1973 boc
1448 1906 1543 1971 relati·

447 2026 485 2070 re
507 2026 569 2071 non
589 2010 629 2072 ad
650 2012 783 2091 scipsos,
805 2012 864 2090 qui
886 2011 968 2074 beati
994 2012 1139 2092 qnotidie
1159 2019 1247 2087 sunt,
1268 2011 1323 2075 aed
1344 2011 1384 2073 ad
1406 2029 1476 2085 nos,
1495 2004 1543 2089 qni

444 2102 548 2173 iibere
575 2119 705 2191 agentes
731 2113 764 2176 in
795 2114 856 2177 trac
878 2114 942 2177 rita
962 2114 1024 2178 sub
1053 2114 1243 2195 angelorum
1268 2113 1414 2177 custodia
1438 2113 1544 2175 bonnm

444 2229 623 2291 operamur
642 2219 676 2276 et
696 2213 896 2295 proficimus,
914 2215 999 2278 unde
1020 2215 1107 2277 veria
1122 2215 1212 2277 nobis
1228 2214 1404 2279 obveniunt
1423 2212 1544 2288 merita,

445 2330 588 2392 quorum
608 2322 775 2377 consortes
789 2314 1030 2395 quodammodo
1045 2316 1093 2379 nti
1114 2315 1302 2379 adsistentes
1322 2314 1483 2379 habentur
1501 2326 1547 2373 an·

446 2414 521 2493 geli.
539 2413 579 2476 iit
600 2415 680 2479 haec
700 2417 805 2479 omnia
819 2417 917 2498 iuxta
938 2416 1058 2481 Christi
1082 2416 1198 2480 verinae
1213 2415 1262 2479 ito
1279 2414 1352 2479 dico
1372 2415 1460 2480 nodie
1477 2430 1547 2495 pou·

445 2512 535 2577 dium
555 2514 615 2579 erit
627 2514 664 2579 in
682 2518 766 2580 cocio
784 2536 892 2581 corona
904 2518 1025 2598 onpeiis
1044 2516 1104 2581 Dei
1121 2535 1217 2598 rope
1237 2534 1301 2581 uno
1311 2526 1472 2599 peccatore
1487 2532 1549 2595 poc·

446 2613 613 2680 nicetium
625 2628 753 2698 optem
769 2627 801 2683 et
822 2620 896 2685 inde
910 2630 1146 2701 comendenter
1158 2620 1348 2701 angelorum
1367 2620 1495 2684 tristitia
1513 2614 1549 2680 ob

446 2716 576 2781 eosdem
591 2718 621 2781 in
638 2728 771 2799 peccato
791 2733 1036 2802 perseverantes
1049 2730 1082 2786 et
1101 2722 1144 2785 ob
1164 2721 1247 2787 iliud
1268 2720 1447 2785 damnatos.
1469 2718 1550 2783 ideo-

448 2837 514 2900 que
534 2819 567 2883 in
586 2820 684 2884 citata
705 2819 848 2886 iiomiiia
869 2823 994 2905 inquite
1011 2819 1219 2904 «ignominia
1239 2823 1354 2902 angeio
1374 2832 1437 2898 est,
1458 2820 1483 2883 si
1504 2820 1552 2880 ho·

447 2940 502 2985 nro
520 2922 629 3004 insius
641 2924 786 2988 creditus
807 2924 919 3000 inerit,
939 2935 973 2989 et
992 2924 1198 3007 peccaverit:
1222 2934 1259 2988 nt
1273 2944 1292 2987 c
1307 2925 1474 2988 contrario
1494 2920 1553 3000 gio·

448 3025 498 3087 ria
518 3033 568 3089 cot
585 3024 723 3105 angeio,
743 3027 772 3089 ai
791 3025 936 3091 creditus
955 3026 1016 3091 sibi
1043 3027 1159 3089 saltem
1182 3026 1331 3089 minimus
1359 3025 1391 3088 in
1413 3020 1553 3089 Ecclesia

450 3125 560 3191 suerii.
584 3144 602 3183 n

529 3226 576 3292 Ea
591 3245 692 3309 porro
705 3229 804 3293 iatius
823 3227 1043 3309 explanantur
1063 3226 1206 3292 Homiiia
1219 3224 1278 3289 xl.
1293 3222 1325 3291 ti.
1351 3222 1390 3288 in
1408 3220 1556 3290 Numeros

448 3328 505 3393 ubi
525 3328 669 3411 iegiture
693 3351 710 3392 s
732 3327 839 3411 igitur
854 3331 1077 3412 unnsquisque
1097 3329 1288 3410 angelornm
1306 3327 1338 3389 in
1358 3339 1556 3390 consumma·

450 3430 537 3494 tione
547 3431 651 3496 secuti
661 3431 766 3494 aderit
778 3432 810 3493 in
822 3430 961 3512 jndicio,
973 3430 1113 3495 educens
1127 3448 1238 3493 secum
1252 3447 1320 3503 eos,
1337 3428 1457 3508 quibus
1472 3442 1559 3507 prae·

450 3531 525 3607 tuit,
548 3549 631 3613 quoa
651 3532 791 3614 adiurit,
813 3551 897 3613 quos
918 3532 1090 3604 instruxit,
1114 3549 1173 3610 pro
1195 3530 1314 3609 quihus
1333 3546 1465 3609 semper
1486 3523 1561 3587 vidit

451 3632 566 3695 taciem
583 3632 699 3708 Petris,
720 3634 776 3713 qui
799 3632 831 3695 in
844 3633 945 3697 coelis
966 3641 1024 3697 est.
1048 3624 1192 3713 Et'puto
1205 3634 1302 3695 etiem
1325 3632 1368 3696 ibi
1384 3626 1561 3711 inquisitio·

452 3748 525 3795 nem
541 3732 700 3808 interam,
723 3751 786 3796 non
799 3733 930 3814 quidem
952 3752 992 3795 an
1008 3734 1160 3796 cnitnrac
1175 3730 1342 3795 hominurn
1356 3731 1492 3811 angetur
1512 3726 1563 3787 de·

451 3833 573 3914 iucrit3
595 3835 650 3899 sed
670 3852 713 3897 an
733 3835 886 3899 cuiturue
906 3834 1070 3915 nogeticae
1092 3852 1296 3914 nequaquem
1318 3833 1411 3911 digne
1432 3827 1564 3909 segnitia

452 3935 591 3998 humens
606 3934 820 4014 responderit.
836 3932 909 4007 Erit
923 3950 1002 4013 ergo
1017 3941 1050 3996 et
1070 3934 1100 3997 in
1117 3936 1178 3997 troc
1189 3934 1350 4015 iudicium
1364 3930 1435 4005 iiei,
1454 3937 1566 3993 utrum

452 4036 643 4117 negligentia
658 4036 768 4116 aliqua
784 4034 1007 4099 ministrorum
1019 4036 1206 4116 spirituum,
1221 4036 1277 4115 qni
1293 4034 1331 4097 eti
1348 4032 1564 4095 ministerium

451 4144 486 4201 et
504 4137 705 4219 adjutorium
727 4136 813 4201 missi
835 4142 912 4199 sunt
932 4144 1066 4217 propter
1088 4155 1165 4211 eos,
1182 4138 1237 4216 qni
1260 4134 1495 4197 hoereditatem
1518 4144 1570 4192 ca·

452 4238 546 4321 pinni
558 4238 687 4315 saiutis,
699 4254 740 4301 an
754 4254 884 4313 eorum,
900 4238 956 4317 qni
972 4238 1013 4300 ab
1025 4239 1061 4301 iis
1072 4238 1233 4318 juventur
1248 4236 1386 4317 ignavie,
1403 4242 1470 4297 tam
1486 4228 1568 4293 mni·

454 4340 478 4403 tt
498 4339 609 4422 lapsus
625 4339 711 4401 ritae
725 4338 885 4432 inmunde
901 4341 1102 4421 provenient.
1121 4337 1256 4415 Quodsi
1273 4340 1315 4400 ita
1331 4345 1391 4409 est,
1409 4335 1476 4398 orit
1489 4344 1567 4410 ergo

451 4439 550 4504 etiem
571 4440 657 4503 inter
674 4439 808 4519 angelon
820 4446 855 4503 et
875 4440 1020 4505 homines
1038 4440 1198 4521 judicium
1221 4436 1290 4503 iiei.
1307 4458 1323 4495 n
1339 4436 1421 4501 ilinc
1443 4430 1567 4515 perspi·

452 4560 516 4605 cue
531 4546 667 4623 apparet
681 4542 873 4627 Auctorem,
888 4558 963 4607 cum
975 4541 1135 4622 judicium
1155 4538 1213 4605 oet
1226 4548 1349 4603 stotnat
1362 4539 1394 4600 in
1414 4552 1567 4601 consom-
