3375 5567
472 721 520 770 ru

468 823 535 898 bro
548 802 1002 921 primo,·qiemadmodum
1024 822 1208 919 praemisi,
1228 844 1428 899 sermonem
1442 846 1530 900 eaor·

466 952 566 1027 ditur
591 952 636 1025 do
665 950 741 1026 Deo
769 949 835 1047 (ut
862 952 1024 1025 omnium
1064 972 1186 1026 rerum
1224 950 1423 1050 principio)
1454 951 1530 1024 divi·

467 1100 607 1177 unoquo
635 1077 824 1153 Trinitatis
852 1079 1040 1175 mysterio.
1069 1078 1205 1155 Deinde
1233 1080 1309 1177 egit
1335 1080 1380 1155 de
1407 1092 1531 1153 oreatu-

467 1206 519 1280 ris
544 1206 794 1293 rationalibus,
822 1206 920 1286 idest
944 1207 990 1283 do
1018 1207 1156 1305 nugalis
1183 1220 1221 1285 et
1248 1206 1464 1293 hominibus,
1479 1229 1531 1281 oo·

466 1358 549 1410 ram
562 1315 759 1421 erratione,
786 1336 981 1423 arbitratu,
998 1337 1155 1421 annuitis,
1173 1337 1451 1433 eorumdemquo
1465 1358 1532 1431 por·

464 1462 659 1560 potuitatsa
689 1463 742 1537 ln=
757 1461 866 1539 Libro
892 1464 1051 1540 secundo
1078 1464 1227 1541 disserit
1250 1465 1294 1540 do
1322 1464 1467 1551 mund03
1482 1460 1532 1535 ubi

466 1588 571 1687 plura
599 1590 875 1689 comprehendit
901 1614 944 1667 ao
962 1592 1142 1667 instaurat
1168 1604 1275 1667 antea
1302 1592 1471 1677 disoussa,
1493 1590 1534 1663 ita

465 1718 516 1792 ab
542 1719 645 1794 initio
672 1720 891 1818 inquiensra
922 1720 1155 1817 Consequens
1175 1741 1270 1797 nuno
1286 1718 1535 1806 'ridetunlioot

462 1846 603 1932 omnia,
618 1870 711 1945 quas
729 1848 907 1945 superiori
922 1848 1046 1926 libsllo
1065 1848 1221 1928 disserta
1240 1862 1343 1933 sunt,
1359 1848 1405 1925 de
1419 1847 1536 1923 mondo

454 1963 579 2071 atquo
595 1979 675 2067 ojus
702 1975 940 2061 ordinatione,
955 1976 1100 2073 proprio
1128 1989 1252 2053 nmen
1272 1976 1316 2077 da
1344 1977 1425 2073 ipso
1442 1997 1536 2049 mun·

466 2101 516 2175 do
534 2124 650 2199 muno
669 2108 850 2199 repetere,
869 2103 964 2179 idest
990 2104 1036 2179 do
1056 2104 1163 2183 initio,
1177 2108 1254 2197 ejus
1283 2126 1326 2185 ao
1345 2102 1417 2179 line
1434 2114 1500 2177 sto.
1519 2125 1533 2169 ι

461 2227 510 2302 .1ιι
533 2230 762 2327 quo'mundi
791 2230 966 2317 sooabulo
994 2232 1272 2331 comprehendit
1291 2230 1387 2331 (σοι).
1416 2228 1472 2307 ΙΧ.
1493 2222 1536 2325 3.)

462 2378 576 2432 omne
603 2358 700 2455 quod
726 2374 785 2434 ost
809 2373 922 2458 super
946 2360 1081 2446 ooslos.
1111 2360 1168 2435 vel
1196 2361 1231 2438 in
1257 2360 1384 2461 ossib,
1407 2358 1462 2435 vol
1487 2382 1538 2433 su·

463 2503 535 2581 par
562 2491 719 2572 terrama
740 2487 798 2563 rol
815 2489 862 2561 'in
892 2489 962 2575 his,
991 2490 1053 2587 qni
1082 2488 1186 2566 inlori
1221 2488 1465 2587 appellantur,
1490 2486 1537 2561 vel

466 2632 718 2713 quaoouutquo
746 2638 898 2714 usquam
929 2628 1076 2715 prorsus
1104 2616 1308 2701 lottasuot,
1336 2630 1376 2693 ot
1413 2617 1462 2701 bl,
1487 2614 1538 2712 qui

464 2743 514 2813 in.
528 2742 622 2838 ipsis
648 2745 778 2842 degero
793 2733 1040 2823 nominantur:
1069 2760 1107 2821 et
1127 2745 1188 2823 ubi
1208 2748 1430 2843 ,potorum
1445 2765 1538 2824 suun

467 2870 618 2945 insumit
644 2869 808 2947 laborem
825 2872 862 2945 in
884 2873 1001 2947 *uariis
1021 2884 1107 2947 tuno
1133 2872 1456 2968 extravagantibus
1470 2872 1539 2945 hae

457 2999 666 3077 'latinorum
685 2998 915 3097 opinionibus
929 3000 1170 3077 ooulbtandis.
1187 2998 1226 3081 ln
1243 2998 1350 3075 Libro
1377 3000 1483 3077 tortio
1503 2998 1540 3073 de

466 3126 626 3201 Ιιιιιιιιιιο
660 3127 838 3203 arbitrato
871 3127 1045 3227 loquitur,
1078 3127 1140 3207 ubi
1168 3128 1356 3227 speciatim
1376 3128 1540 3213 ,discutit

467 3254 595 3352 quare,
623 3257 694 3332 atsi
709 3257 822 3331 nostri
842 3259 937 3350 juris
956 3259 992 3333 in
1013 3260 1188 3340 exennitio
1218 3258 1410 3344 virtutum,
1431 3274 1540 3336 tamen

461 3389 683 3479 potestates·
701 3385 874 3459 adversas
902 3388 1075 3483 patimur,
1095 3410 1188 3483 quan
1217 3386 1402 3463 verimodo
1432 3387 1466 3461 in
1486 3406 1543 3461 nos

466 3512 694 3598 exultantem
710 3513 925 3610 quibuscum
952 3515 1085 3589 ideireo
1105 3512 1361 3595 decertandum
1387 3538 1469 3591 esso
1486 3513 1543 3585 do-

470 3638 543 3713 obt.
573 3633 613 3713 ln
640 3640 712 3736 quo
731 3640 823 3715 libro
843 3644 1078 3742 quantumvis
1106 3666 1126 3717 t
1152 3656 1263 3742 scopo
1289 3644 1481 3741 praecipuo
1498 3641 1545 3717 di·

468 3767 616 3843 soodoao
643 3770 859 3868 quandoque
885 3772 1050 3846 ridentur
1075 3772 1270 3870 Origenes:
1299 3786 1465 3849 alumen
1491 3794 1545 3845 an·

470 3911 595 3971 errato
618 3894 852 3971 ditoussioois
869 3900 1041 3975 ordinem
1064 3914 1240 3983 tentatus,
1264 3901 1384 3999 ipsum
1406 3920 1546 3995 sompe-

456 4023 561 4099 ‹rsris
588 4045 655 4123 per
681 4024 824 4101 diverso
853 4030 894 4099 ao'
922 4026 1048 4102 dissita
1079 4026 1208 4101 itinera
1235 4026 1488 4112 innodantem,
1515 4024 1545 4096 in

469 4152 666 4251 principalo
697 4168 951 4252 argumentum
978 4156 1182 4232 convenias.
1215 4155 1253 4231 ln
1285 4153 1391 4231 Libro
1423 4165 1546 4253 quarto

467 4282 622 4380 donique
652 4296 767 4357 totam
800 4284 976 4380 impendit
1003 4306 1150 4380 operam
1179 4304 1285 4358 suom·
1308 4283 1484 4381 Origenes
1513 4282 1544 4353 ln

469 4423 631 4485 traotatu
654 4412 703 4486 ds
725 4411 1004 4509 ‘Scripturur'nm
1033 4412 1250 4495 divinitate,
1278 4412 1323 4487 de
1353 4408 1546 4510 prophetiis

456 4538 508 4611 in
538 4537 636 4636 ipsis'
653 4539 826 4625 servatis,
857 4538 968 4615 beloti
1004 4552 1141 4615 tessera
1171 4561 1298 4617 earum
1321 4538 1464 4617 divinae
1493 4536 1544 4609 in·
