3375 5567
133 814 216 869 tcrrae
236 808 433 871 creationem
448 826 489 871 ex
511 807 622 870 nlltilo.
646 806 740 884 Quae
756 809 863 871 omnia
885 809 963 873 alibi
982 826 1079 890 aaepe
1100 828 1224 891 propo·

134 908 221 987 poerit
240 914 353 970 contra
376 908 585 987 pnttosopuos
606 916 638 971 et
661 909 841 973 haereticos
862 925 923 986 pro
943 911 1135 973 aeternitate
1156 930 1224 975 ma-

133 1012 211 1071 teriae
232 1009 469 1072 contendentes.
492 1008 534 1072 lit
555 1010 639 1073 istud
661 1028 737 1072 seue
759 1011 945 1073 luculenter
964 1012 1031 1091 epit
1050 1015 1083 1075 iu
1103 1012 1225 1076 alioO·

130 1128 206 1189 pere,
227 1110 313 1190 qnod
335 1109 554 1173 commentarii
574 1111 610 1172 in
633 1106 778 1173 Genesim
800 1112 970 1191 inscripsit.
995 1112 1041 1173 llvi
1062 1114 1146 1175 enim
1167 1112 1226 1176 ali·

132 1222 169 1273 ter
185 1228 278 1291 quam
310 1212 341 1273 in
364 1212 424 1274 lvae
447 1208 611 1285 llornilia,
645 1212 751 1273 divine
776 1212 874 1273 verba
905 1212 1037 1275 discutit
1068 1213 1225 1277 adversus

131 1313 352 1394 pythagoreos,
385 1314 564 1393 platonicos
585 1322 617 1375 et
638 1314 777 1391 stoicos3
799 1324 830 1375 ct
854 1313 909 1375 ubi
932 1314 999 1392 ipse
1024 1330 1159 1391 prorsus
1182 1315 1224 1376 ab

130 1414 284 1491 anagogico
306 1432 401 1475 senso
423 1413 558 1487 devius,
590 1413 798 1492 tutoremque
819 1422 1006 1486 scrutatus,
1042 1414 1224 1476 laboratio

129 1513 312 1591 proterendis
337 1513 453 1576 ltornm
474 1512 743 1593 sophismatibus,
771 1514 977 1594 vindicatque
998 1514 1137 1577 fideliler
1159 1534 1225 1577 nao-

128 1612 228 1675 saicam
249 1612 492 1692 cosmoponiom.

199 1712 318 1775 Deinde
332 1714 371 1775 ad
390 1713 563 1777 llomilietn
587 1714 722 1788 reversi,
742 1713 922 1777 Auctorem
945 1717 1122 1787 ceruimus,
1144 1724 1230 1795 post·

130 1836 211 1896 qoem
232 1816 386 1881 iudicavit
411 1814 602 1878 firmamenti
625 1816 852 1890 conditionem,
868 1833 968 1894 scopo
989 1816 1227 1893 inservientem,

130 1919 256 1980 animum
278 1916 466 1979 auditorum
487 1916 641 1979 excolere
652 1936 663 1995 ;
680 1917 855 1995 statimque
874 1918 947 1978 ideo
970 1915 1098 1977 subdite
1116 1938 1134 1975 u
1148 1916 1230 1981 Cum

130 2022 198 2081 enim
220 2036 270 2093 ea,
293 2034 378 2097 quae
401 2017 548 2081 lactorus
568 2027 639 2081 erat
663 2016 772 2093 liena,
795 2038 835 2081 ex
858 2019 974 2096 spirito
996 2027 1180 2081 constarent
1200 2026 1233 2081 et

131 2137 268 2199 corpore,
284 2121 342 2181 isla
358 2119 397 2180 de
412 2136 507 2181 causa
531 2120 562 2180 io
577 2120 734 2199 principio
755 2130 788 2183 et
802 2129 876 2183 ante
891 2122 997 2181 omnia
1013 2122 1141 2183 coelum
1156 2121 1234 2181 dici·

132 2226 174 2281 tur
187 2220 320 2293 lactum,
333 2219 413 2281 idest
428 2221 530 2281 omnis
545 2221 700 2297 spiritalis
711 2221 902 2292 substantia,
914 2237 1014 2298 anper
1027 2238 1125 2298 qoam
1142 2220 1232 2282 velot

131 2320 155 2381 in
170 2322 285 2384 throno
307 2320 448 2400 quodam
471 2328 502 2382 et
523 2321 598 2383 aede
616 2318 702 2385 Deua
725 2321 907 2399 requiescit.
926 2319 1014 2382 latod
1036 2331 1146 2383 autern
1162 2340 1235 2384 coe·

129 2420 185 2483 lum
208 2423 444 2484 firmamentum
458 2438 654 2500 corporeum
671 2432 728 2483 est.
754 2420 884 2484 Etideo
904 2422 988 2484 illud
1010 2422 1142 2501 quidem
1168 2425 1233 2502 pri·

131 2540 219 2599 num,
234 2525 323 2603 quod
345 2524 490 2603 spiritale
505 2523 658 2597 diximus,
683 2540 770 2585 mens
792 2533 902 2587 nostra
923 2534 983 2598 est,
1007 2542 1092 2604 quae
1112 2534 1144 2587 et
1167 2527 1234 2603 ipae

131 2624 252 2701 spiritus
273 2633 343 2698 est,
366 2624 447 2685 idest
468 2622 622 2703 spiritalis
645 2623 741 2685 homo
764 2634 874 2685 noster
895 2625 1044 2698 interior,
1067 2626 1123 2703 qni
1148 2625 1234 2687 videl

130 2734 155 2788 et
172 2726 322 2808 perspicit
338 2724 454 2789 Deum.
479 2724 566 2789 lstud
589 2730 697 2786 autern
713 2723 886 2803 corporale
907 2726 1049 2799 coelom,
1066 2726 1153 2805 quod
1177 2726 1231 2788 lir-

129 2839 315 2891 namentom
336 2828 476 2899 dicitni,
499 2826 645 2888 exterior
667 2827 764 2887 ltorno
786 2836 897 2888 noster
918 2835 977 2900 cst,
1000 2828 1233 2906 quitcorpora·

129 2928 193 2991 liter
214 2932 369 2991 intuetur.
392 2928 482 2991 Sicut
511 2946 590 3006 ergo
611 2926 849 2988 llrmaroentum
881 2928 1010 2989 coelurn
1032 2927 1232 3006 appellatum

130 3037 169 3091 est
187 3048 227 3091 ex
243 3046 294 3103 eo,
310 3028 398 3108 quod
421 3028 543 3088 dividat
564 3028 648 3087 iuter
668 3044 721 3089 eas
743 3043 864 3105 aquas,
886 3044 972 3105 quoe
991 3033 1067 3089 suot
1089 3042 1191 3103 anper
1212 3028 1236 3086 i·

130 3146 224 3207 psum,
247 3138 279 3191 et
300 3146 366 3205 eas,
389 3144 472 3208 quae
494 3129 555 3189 snb
577 3130 646 3205 ipso
667 3136 760 3191 aunt:
783 3130 827 3188 ito
850 3136 883 3189 et
903 3128 1013 3200 homo,
1029 3130 1085 3206 qui
1108 3128 1235 3190 iu'cor·
1285 3184 1290 3193 .

131 3248 199 3305 porc
215 3232 338 3308 positos
359 3240 419 3305 cst,
435 3231 460 3291 si
477 3231 621 3293 dividere
643 3232 797 3311 potnerit,
814 3238 844 3291 et
862 3229 1057 3302 discernere,
1072 3230 1233 3308 quaesiui

131 3346 225 3409 aquae
240 3350 324 3410 quae
337 3341 411 3394 sont
426 3332 613 3411 superiores
626 3348 727 3410 super
746 3330 998 3406 firmamentum,
1014 3339 1047 3392 et
1066 3348 1152 3409 quae
1171 3330 1234 3392 sun

132 3430 325 3495 firmamento
340 3442 426 3509 sunt;
443 3432 540 3493 etiam
556 3432 623 3509 ipse
637 3431 778 3505 coelum,
802 3432 883 3493 idest
903 3430 1051 3493 coelestis
1067 3432 1165 3492 homo
1179 3447 1234 3509 ap·

131 3532 299 3607 pellabitor
311 3531 489 3592 secundnm
507 3530 652 3608 Apostoli
668 3532 856 3593 sententiam
871 3530 1023 3592 dicentia:
1039 3539 1150 3591 nostro
1163 3546 1238 3591 con-

130 3634 252 3695 cersolio
272 3642 376 3695 ontem
394 3631 431 3693 in
451 3633 543 3693 coelis
563 3642 616 3692 eat.
641 3630 689 3693 lta
716 3649 795 3710 orgo
821 3633 1028 3694 continentur
1050 3631 1146 3693 verba
1169 3631 1236 3709 ipsa

131 3732 331 3812 Scripturaer
349 3740 377 3793 et
391 3730 463 3811 {ecit
481 3730 561 3793 Deua
574 3733 820 3809 firmamentum,
834 3742 863 3793 et
875 3730 987 3793 divisit
999 3730 1084 3793 inter
1104 3729 1237 3794 medium

131 3850 235 3909 mooe,
256 3850 339 3911 poce
358 3840 402 3891 est
422 3850 516 3909 anper
536 3832 768 3910 firvnomcntum
789 3841 883 3893 etc.»

205 3930 238 3992 ln
261 3933 321 3995 hoc
341 3932 564 4011 disquisitione
585 3929 762 4009 Origenes,
786 3933 900 3995 relicta
922 3933 1051 4004 littera,
1073 3950 1112 3994 ac
1133 3932 1238 3995 libero

133 4032 206 4109 pede
220 4033 394 4112 allegorice
414 4033 600 4095 discurrens
621 4032 742 4116 Moysis
759 4036 870 4109 rerba,
889 4036 944 4097 ubi
960 4036 1080 4097 dicitur
1093 4032 1134 4095 de
1145 4035 1240 4111 aquia

136 4132 331 4197 firmamento
355 4134 580 4214 superioribus
601 4152 639 4195 ec
662 4136 889 4213 interioribus,
912 4136 1031 4198 invenit
1058 4136 1237 4215 quidquam

133 4238 289 4313 proposito
311 4246 442 4314 aptum,
473 4236 553 4299 idest
574 4236 655 4296 duas
675 4237 889 4312 substantias,
917 4238 1096 4315 spiritalem
1119 4251 1235 4311 unam,

133 4352 315 4414 corpoream
336 4335 484 4397 alteram.
519 4334 559 4397 lit
581 4338 721 4415 primum
750 4338 882 4416 quidem
903 4339 966 4410 ait,
999 4336 1111 4398 iecisse
1133 4332 1236 4395 Deum

133 4436 319 4499 substantias
339 4436 516 4515 spiritales,
533 4438 614 4500 idest
634 4438 807 4517 angelicas,
827 4456 929 4517 super
950 4454 1030 4517 quas
1051 4436 1129 4498 dicit
1148 4435 1238 4497 aede·

135 4550 167 4596 ro
188 4532 301 4609 ileum,
324 4535 416 4613 quast
432 4537 464 4597 iu
488 4536 616 4599 tlvrooo:
632 4554 692 4600 ceu
710 4539 901 4617 prophetae,
916 4539 974 4616 qui
994 4552 1090 4615 saepe
1109 4535 1141 4597 in
1155 4534 1240 4599 Scri-
