3375 5567
434 670 495 742 tlt

854 778 995 846 catut
1017 777 1131 844 xxtv.

433 974 525 1040 Beati
544 979 688 1058 Apostoli
709 982 750 1044 etl
774 982 935 1048 Romanas
956 984 1142 1048 iliustretur
1162 981 1375 1048 testimonium
1395 1001 1422 1046 e.
1450 979 1533 1047 llll:

473 1078 554 1144 llam
576 1086 759 1163 expectatio
773 1096 945 1149 creaturae
968 1089 1199 1150 revelationem
1222 1087 1367 1150 illiorum
1378 1083 1435 1149 Del
1449 1101 1537 1165 expe·

471 1189 540 1244 ctat
557 1193 619 1247 etc.
644 1181 714 1260 (iao
732 1204 817 1248 nom
837 1189 907 1249 luce
926 1189 1091 1252 doccatur
1116 1189 1274 1270 lactatque
1293 1187 1438 1252 messia
1457 1187 1490 1248 tie
1507 1205 1537 1248 a·

471 1282 559 1346 aimo
579 1305 746 1366 corporum
766 1287 956 1352 calentium.

433 1529 480 1647 P
482 1593 533 1653 ost
548 1590 627 1652 llaec
648 1592 728 1656 sicui
752 1593 850 1674 hujus
863 1595 1060 1675 quaestionis
1083 1594 1217 1670 iontem,
1233 1594 1320 1659 unde
1335 1594 1418 1657 biltit
1435 1591 1537 1673 Orige-

432 1708 500 1766 nes,
527 1693 719 1772 investigare
749 1695 929 1773 placuerit,
953 1697 1128 1760 nonnullae
1150 1697 1335 1762 divinorum
1368 1695 1537 1759 Biblioruu

433 1801 564 1874 praesto
583 1803 659 1868 snpt
679 1797 886 1876 locutiones;
917 1815 1001 1877 quae
1022 1798 1099 1860 talia
1123 1798 1275 1862 videnlur
1295 1798 1435 1863 Auctori
1460 1813 1539 1877 prae-

432 1897 551 1959 stitisse
572 1897 739 1977 subsidia3
761 1908 794 1962 el
815 1901 1017 1980 potissimum
1035 1901 1211 1981 apostolica
1227 1901 1309 1964 tlicta
1325 1899 1540 1980 desumptam

433 2019 461 2060 o.
478 1997 518 2060 ll.
537 1995 568 2063 9.
585 1998 625 2061 aa
642 1998 808 2063 llobraeos
832 2007 865 2064 ct
886 2020 913 2064 c.
931 1999 1018 2063 vlll.
1037 1999 1086 2064 tt
1103 2001 1266 2065 Romanos
1285 2001 1341 2064 ulti
1364 1996 1539 2064 aittsNatt

432 2101 603 2180 especiem>
623 2110 789 2165 creaturae
808 2099 1185 2193 revelationemfllt'omtm
1203 2099 1261 2163 Dei
1281 2109 1433 2180 espectet.
1461 2096 1539 2161 Vosi-

432 2201 494 2264 mti
511 2201 594 2264 esim
616 2213 766 2265 creatura
785 2202 923 2283 subjecta
942 2211 987 2266 esi
1007 2219 1072 2264 uon
1093 2203 1222 2278 ochus,
1251 2201 1303 2264 aed
1319 2209 1452 2281 prepter
1469 2217 1539 2270 eum,

430 2303 488 2381 qui
509 2301 640 2384 subjecit
660 2323 728 2367 eom
749 2304 785 2368 ist
804 2323 879 2384 spe:
912 2301 990 2385 quic
1010 2312 1040 2366 et
1058 2302 1128 2384 ipsc
1158 2297 1307 2369 creclut'u
1327 2301 1540 2366 liberalitates

434 2402 581 2467 seruitute
603 2404 819 2484 corruptionis
838 2403 876 2468 ιἰι
898 2404 1068 2468 libertatem
1088 2404 1208 2486 pieriae
1227 2403 1369 2483 filiorum
1390 2403 1459 2468 Dei.
1485 2399 1541 2466 so·-

431 2524 503 2566 mua
522 2504 605 2568 enim
631 2507 714 2586 quoti
734 2505 837 2570 omnia
864 2516 1016 2570 creatura
1044 2504 1221 2585 iupemireit
1241 2515 1269 2568 et
1292 2505 1440 2587 parturit
1458 2521 1540 2585 mque

434 2605 547 2668 adhue.
569 2604 641 2670 Non
662 2607 766 2668 tolum
786 2614 889 2668 cutem
909 2605 993 2681 itta,
1018 2607 1072 2669 aed
1092 2614 1120 2667 et
1140 2625 1196 2669 nas
1216 2603 1282 2686 ipsi
1298 2603 1462 2686 primos
1485 2601 1540 2682 apt'·

434 2705 518 2768 ritus
537 2707 698 2770 halantes:
734 2717 763 2769 et
782 2705 847 2788 ipsi
875 2707 963 2771 intra
992 2725 1048 2770 uer
1067 2706 1230 2786 cemimus,
1252 2705 1452 2788 adeptionem
1470 2702 1541 2784 filiu

421 2824 508 2870 ¹rum
524 2805 581 2868 mi
594 2818 801 2889 expectantes,
820 2809 1060 2888 redemptionem
1080 2806 1219 2887 eorporis
1242 2805 1354 2870 uestri.
1378 2827 1395 2866 ι
1418 2804 1466 2869 ts
1488 2803 1541 2868 lle

436 2910 553 2973 brueoa
573 2920 683 2974 aulem
704 2912 836 2974 scribit:
862 2931 879 2970 u
900 2929 970 2972 eum
989 2919 1107 2982 cutem,
1128 2908 1319 2990 psalmodiae
1340 2928 1438 2990 quum
1457 2923 1539 2987 occa·

434 3009 461 3071 li
481 3009 661 3073 minoratus
674 3020 730 3087 ert,
745 3010 886 3074 uidemur
901 3009 1007 3073 Iesum
1018 3019 1147 3089 propter
1156 3007 1337 3089 passionem
1349 3008 1471 3081 mortis,
1483 3007 1539 3087 ple·

433 3110 487 3173 ric
506 3119 534 3172 ct
548 3111 662 3174 tmere
683 3121 893 3176 acromatum:
915 3121 951 3173 ct
970 3110 1077 3190 pretia
1099 3109 1157 3172 liet
1166 3129 1228 3189 pro
1249 3109 1393 3172 omuibus
1412 3117 1539 3190 portaret

435 3223 574 3274 mortem
598 3231 615 3270 ι

521 3313 575 3391 lis,
598 3317 752 3398 inquam,
777 3315 964 3379 testimoniis
993 3314 1148 3379 suffultus
1169 3314 1346 3394 Origenes,
1368 3331 1438 3378 eam
1457 3309 1542 3403 λέγω

437 3417 506 3478 site
531 3416 663 3480 rationis
683 3417 823 3496 speciem
853 3415 1097 3494 comprehendit
1118 3433 1156 3477 ac
1176 3415 1321 3480 definivit
1341 3416 1373 3477 iu
1393 3410 1539 3478 creaturis

437 3519 616 3598 corporeis,
638 3518 707 3582 sive
729 3519 876 3591 terrenis,
899 3516 968 3579 slve
989 3517 1183 3581 coelestibus
1206 3517 1405 3594 universim
1421 3513 1539 3578 undeet

440 3620 557 3683 salutis
585 3621 840 3700 spemaliqnam
863 3637 921 3682 seu
948 3620 1204 3697 expectationem
1222 3636 1257 3681 se
1280 3636 1314 3680 ae
1339 3619 1369 3678 in
1386 3617 1538 3680 meliorem

438 3729 559 3785 statum
581 3721 778 3801 quandoque
798 3721 1030 3794 commutandi,
1048 3729 1200 3800 tanquam
1223 3719 1398 3800 praesentis
1419 3717 1539 3780 miserae

439 3820 630 3886 conditionis
651 3822 817 3896 consciae,
841 3821 954 3884 lovere
977 3821 1138 3884 vitientur.
1170 3817 1239 3899 Ego
1262 3837 1340 3882 vero
1366 3819 1538 3898 priusquam

440 3924 593 3988 Auctoris
609 3932 747 3988 mentem
764 3932 952 4004 perscruter
970 3923 1009 3984 de
1024 3920 1246 4000 praelatorum
1263 3921 1358 3984 Pauli
1379 3919 1538 3984 verborum

441 4043 550 4099 sensu,
568 4026 751 4102 priscorum
764 4022 930 4086 Ecclesiae
944 4022 1077 4086 Petrum
1093 4021 1391 4102 interpretationem
1408 4017 1542 4102 praemit·

445 4127 572 4190 tentiam
595 4126 700 4199 (luco,
722 4129 807 4205 qnae
830 4124 966 4188 lortasse
994 4125 1198 4204 origenianae
1226 4122 1393 4186 doctrinae
1414 4123 1540 4186 illustra·

442 4231 561 4292 tionem
581 4227 716 4307 juverit.

522 4325 690 4391 Neminem
712 4328 792 4392 latet
814 4338 940 4392 veteres
963 4326 1074 4390 Patres
1098 4327 1166 4390 lere
1187 4343 1297 4389 omnes
1318 4325 1454 4396 docere,
1474 4337 1537 4382 cum

445 4431 477 4490 in
498 4426 624 4492 Adamo
643 4429 733 4508 lapsa
756 4439 838 4494 esset
854 4436 971 4492 nature
994 4428 1148 4501 hnmana,
1166 4437 1263 4507 utque
1285 4425 1359 4489 ideo
1379 4425 1419 4486 ab
1438 4442 1474 4484 eo
1487 4429 1539 4482 sta·

444 4541 477 4592 tu
501 4527 639 4607 dejecta.
657 4528 688 4590 in
709 4546 777 4607 quo
800 4528 908 4592 luerat
928 4527 1119 4602 constituta,
1138 4536 1213 4589 tunc
1234 4533 1265 4589 el
1289 4525 1444 4606 reliquam
1464 4537 1540 4600 aspc-
