3375 5567
178 769 237 833 ilert
249 769 458 835 voluntatibus
472 767 675 834 carnalibus:
697 768 730 832 in
743 765 864 850 quibua
876 769 1099 852 expugnandis
1114 771 1167 842 sir
1179 667 1256 854 pff:

175 871 255 932 satsat
270 873 402 935 enimam
422 889 527 934 snam.
559 869 601 934 Et
622 870 702 934 hacc
722 871 829 934 omnia
852 873 1006 953 transegit
1026 868 1254 954 Transcriptor

174 987 291 1050 gneens,
313 973 548 1051 primumcum
568 971 711 1036 secundo
731 972 932 1036 contundens
952 975 1163 1052 expositionis
1183 989 1254 1046 aeu-
1388 1018 1392 1024 .

173 1089 236 1146 sum,
255 1071 368 1135 trustra
399 1081 546 1152 repetens
567 1090 652 1153 qnae
673 1076 706 1136 in
726 1075 830 1154 prima
855 1075 1058 1154 expositione
1078 1076 1256 1155 explicavit

173 1170 367 1251 deponendo
389 1190 452 1237 una
473 1176 623 1238 omittens
644 1182 766 1250 cetera,
788 1193 805 1237 a
825 1175 927 1239 veteri
943 1173 1124 1255 luterprote
1143 1183 1252 1240 notata

171 1273 350 1337 undecentis
370 1275 411 1338 ad
434 1265 625 1356 ampliorem
646 1277 695 1340 rei
716 1276 985 1350 declarationem,
1002 1295 1041 1339 ac
1062 1294 1165 1357 prope
1187 1275 1256 1342 du·

170 1377 245 1438 rturis
263 1385 408 1440 mentem.
425 1376 515 1443 Unde
530 1381 556 1441 is
577 1377 762 1440 concludit:
780 1377 842 1442 «st
858 1384 968 1442 autem
983 1377 1145 1457 abnegare
1164 1395 1199 1440 se
1218 1382 1253 1442 et

171 1473 260 1537 tollere
277 1493 423 1548 crucem,
439 1495 502 1540 nou
522 1477 630 1540 solum
652 1484 699 1539 est
721 1479 805 1538 mori
820 1493 881 1556 pro
902 1474 1046 1550 Claristo,
1066 1474 1121 1539 aed
1139 1493 1251 1539 cerna·

169 1572 216 1636 lan
233 1579 502 1640 conversationem
524 1577 662 1658 rejicere
669 1597 681 1657 ;
702 1580 771 1640 siue
792 1577 892 1640 dnbio
911 1584 946 1639 et
963 1577 1091 1656 perdere
1110 1576 1252 1640 anianum

169 1675 321 1738 murelum
336 1680 420 1740 mori
435 1687 495 1758 est;
507 1678 561 1741 sed
578 1679 674 1749 etiam
686 1679 849 1759 deponere
864 1676 1046 1740 noluntates
1062 1677 1250 1740 carnales.»

223 1771 358 1856 lienique
383 1781 580 1859 utapertius
601 1780 826 1860 dignoscamus
840 1776 1121 1858 Transcriptorem
1142 1778 1251 1857 graeci

167 1879 260 1950 textus,
271 1875 421 1958 origenis
437 1881 534 1943 verba
545 1881 741 1954 demutasse,
755 1879 894 1960 ejusque
908 1880 1094 1958 corrupisse
1106 1895 1250 1951 sensum,

166 1975 373 2055 ualeamus,
395 1982 533 2060 quaein
561 1973 709 2062 sequenti
739 1979 946 2061 paragrapho
965 1977 1017 2045 27.
1041 1979 1250 2042 οΙιοιιιιάθιιι

164 2071 369 2143 tistinctionem
385 2081 483 2147 tradit
499 2091 591 2147 vetus
612 2085 798 2162 lnterpress
816 2079 974 2160 «ltaque,
993 2079 1052 2154 ait,
1070 2069 1269 2142 secuudum

164 2191 286 2255 aa,qnae
305 2180 462 2260 diximus,
478 2183 609 2246 ridetur
628 2183 706 2247 milri
729 2182 835 2245 simile
855 2199 926 2245 ease
945 2180 1009 2245 hoc
1028 2179 1180 2258 ei,.pnod
1202 2176 1250 2242 di-

164 2273 348 2359 xitzclaepet
360 2281 568 2362 semetipsum,
582 2292 612 2346 et
631 2283 724 2345 totlut
744 2299 867 2345 mecm
879 2298 981 2346 suum.
1003 2277 1070 2356 Qui
1090 2280 1174 2341 enim
1195 2276 1249 2340 de·

163 2383 233 2453 negat
250 2395 295 2454 se,
316 2388 350 2445 et
366 2383 453 2446 tollit
473 2401 603 2448 crucem
623 2401 731 2457 suam,
751 2385 819 2463 ipse
835 2390 896 2458 eat,
912 2382 969 2463 qui
992 2379 1097 2461 perdit
1110 2379 1249 2441 animam

161 2488 230 2538 anan
248 2489 382 2561 propter
402 2481 581 2559 Christum,
604 2491 637 2547 et
656 2484 814 2564 perdens,
837 2483 955 2548 melius
975 2500 1047 2546 eam
1067 2480 1183 2546 salvat.
1207 2476 1250 2542 lit

161 2576 201 2650 toi
217 2579 315 2655 perdit
335 2583 476 2647 animam
505 2601 599 2648 snam
619 2592 778 2664 quantum
807 2582 849 2646 ad
872 2582 1056 2646 voluntates
1086 2579 1248 2654 carnales,

161 2671 209 2751 ipse
224 2685 279 2754 est,
300 2683 360 2760 qui
381 2683 518 2763 denegat
536 2701 583 2761 se,
605 2692 638 2748 et
661 2685 777 2748 tullens
798 2700 954 2758 crucem,
982 2683 1134 2763 sequitur
1154 2680 1249 2746 Chri·

159 2783 232 2840 stum.
251 2799 267 2838 ι
288 2780 379 2846 llaec
400 2801 500 2864 porro
521 2788 564 2849 ita
586 2801 605 2849 a
626 2783 733 2850 Textu
754 2801 873 2866 gruem
892 2785 1135 2865 exprimuntur:
1160 2780 1247 2846 «Vl-

159 2870 233 2938 tetar
243 2895 320 2960 ergo
335 2883 415 2946 milri
429 2891 692 2960 consentancum,
707 2901 826 2965 negare
840 2884 981 2963 seipsum
991 2883 1090 2964 iuxta
1108 2899 1147 2948 ea
1162 2899 1248 2962 quae

161 2977 252 3041 tradita
264 2975 362 3046 suut:
378 2993 532 3064 oportere
546 3002 813 3066 unumquemque
828 2984 965 3064 perdere
979 2982 1119 3046 animam
1138 2999 1243 3048 auam

160 3069 252 3142 Perdat
265 3099 346 3162 ergo
360 3085 618 3164 quiris-animam
638 3103 731 3151 suam
747 3093 954 3167 peccantem3
969 3092 1008 3148 ut
1022 3084 1159 3164 perdens
1171 3101 1246 3164 pec·

157 3183 270 3257 tinen,
287 3185 428 3266 accipiat
447 3203 532 3266 mm,
554 3187 691 3268 quaein
713 3193 802 3252 recte
826 3185 951 3265 agendo
970 3192 1135 3249 serratur-
1158 3201 1176 3241 ι
