3375 5567
165 822 189 891 ii
204 823 237 890 ai
248 837 405 909 prteruarn
427 829 629 898 nobilitatem
643 856 653 898 =
665 852 706 898 ne
724 834 753 897 si
768 835 984 915 permanseris
998 835 1030 899 io
1052 836 1145 901 malis
1167 839 1244 913 tuis,

163 937 188 987 rt
203 932 448 1002 perseveraveris
467 935 500 995 iu
515 935 669 1014 peccatis,
681 933 789 997 (lein
804 935 836 997 io
852 952 934 999 aure
954 942 1045 1012 nota,
1063 936 1154 1017 reiut
1174 938 1244 1017 qni,
1347 1012 1350 1017 Δ

163 1035 363 1095 eonnuacntis
384 1041 417 1097 te
438 1032 516 1111 liei,
545 1034 640 1098 etati
661 1035 845 1099 libertatem
869 1035 1035 1116 pristinam
1064 1039 1247 1103 revocantis

162 1130 237 1192 rerba
254 1135 466 1211 consuitis,
494 1138 561 1199 eris
581 1139 704 1216 peccati
723 1156 840 1202 serrns
861 1138 892 1199 in
913 1144 1093 1201 aetornum.
1118 1158 1135 1197 s
1158 1138 1245 1203 idest

162 1244 208 1290 ror
223 1233 354 1312 anplins
374 1236 439 1298 erit
457 1237 671 1315 poenitentiae
690 1236 796 1310 loeus,
811 1250 918 1317 neque
939 1236 979 1299 ati
1001 1245 1169 1317 paternam
1191 1256 1248 1302 no·

161 1328 288 1396 lliuten
307 1336 443 1399 reditus.
463 1335 581 1413 Quoad
599 1345 711 1401 autem
728 1339 859 1412 harum,
874 1354 956 1417 quas
976 1356 1072 1419 saepe
1087 1356 1247 1403 memora·

161 1430 253 1506 rinus,
272 1432 493 1499 flomiiiarnm
505 1440 666 1503 sinceram
679 1437 797 1501 lluffiui
815 1440 1011 1513 versionem,
1027 1440 1081 1502 ubi
1096 1441 1175 1505 oioit
1193 1440 1249 1503 ati·

160 1531 221 1595 lilii
232 1554 288 1599 oec
298 1538 477 1615 subtraxit,
490 1557 551 1603 nec
564 1539 759 1614 emendarit,
774 1539 925 1603 ausculta
936 1540 1056 1615 obiter,
1074 1558 1159 1621 qnae
1170 1541 1249 1613 ideo

159 1628 320 1701 liro-atio
333 1638 497 1720 Episcopo
511 1638 675 1720 interpres
688 1640 821 1704 scmlit:
838 1637 987 1719 «Siquid
1003 1640 1046 1718 (io
1065 1642 1112 1704 liis
1129 1640 1246 1706 XXVL

157 1729 278 1813 liorem
288 1736 535 1819 oratiunculis)
556 1758 633 1804 sane
646 1749 696 1805 est
715 1740 803 1820 quoi
826 1740 957 1821 placere
979 1748 1096 1821 potest,
1121 1745 1183 1807 ltoc
1204 1744 1247 1807 sit

157 1826 301 1901 lectoriae
323 1845 537 1921 nequeenim
558 1859 645 1921 quae
662 1841 733 1904 aliis
753 1840 869 1904 labore
894 1848 986 1919 parta
1007 1852 1105 1918 sunt,
1127 1842 1247 1923 diripe-

157 1948 193 2007 ἢ»
208 1942 237 1999 et
254 1947 385 2003 nostrae
403 1941 495 2003 lauit
516 1942 682 2020 applicare
700 1939 1063 2022 justinopolitanus&
1082 1958 1161 2007 vero
1184 1944 1250 2025 rim

155 2049 281 2103 uncum
314 2042 425 2105 oratio
452 2042 568 2127 inculti
597 2043 756 2106 sermonis
777 2052 976 2121 exasperat,
998 2044 1061 2107 hoc
1083 2045 1247 2121 erluini,

157 2134 195 2195 tel
208 2143 344 2215 luteam
362 2150 418 2207 toa
439 2147 532 2207 reaia
547 2144 701 2222 dixerim)
716 2144 773 2207 tibi
795 2145 856 2224 ipsi
878 2150 1048 2223 reputatos
1070 2142 1128 2225 qui
1150 2163 1247 2225 opus,

155 2238 223 2315 quoi
239 2243 379 2307 eruditis
398 2244 533 2315 deberet
553 2245 690 2326 injungi,
713 2246 839 2326 expetis
861 2246 901 2307 ab
922 2246 1057 2311 indoctis
1080 2266 1108 2309 o.

214 2338 252 2404 le
271 2342 441 2409 Prolrnuor
453 2343 509 2409 Ν.
531 2345 571 2407 ad
587 2346 643 2409 iila
661 2345 771 2409 rerba:
788 2343 862 2426 ptris
881 2346 1018 2409 ostendet
1033 2344 1123 2410 sotis
1137 2340 1250 2409 isos?

155 2438 248 2519 irruit,
265 2444 298 2507 in
318 2444 439 2509 tuturo
449 2446 564 2509 seculo
586 2446 819 2527 peccatorcsin
840 2445 1130 2524 igucmaetersunr
1152 2447 1248 2513 tradi.

152 2535 213 2603 lton
224 2545 255 2606 io
266 2544 438 2609 Pentrorum
455 2545 532 2612 36..·
545 2547 774 2611 moemulotarr
784 2543 886 2625 sonis
906 2562 990 2627 eum,
1011 2546 1250 2629 quiprurprro·

152 2642 311 2711 totnonis
330 2666 415 2725 rur,
431 2647 543 2714 tideles
563 2650 714 2713 laortatus
735 2665 775 2710 no
794 2646 1056 2713 smuoaliceotur
1076 2650 1116 2713 rie
1137 2651 1251 2731 impio·

152 2757 209 2806 ran
221 2750 435 2830 prosperitate
447 2751 481 2813 ia
493 2751 557 2814 hoc
570 2750 704 2825 mundo,
725 2748 834 2812 subdit
848 2768 857 2811 c
872 2769 890 2808 r
905 2748 949 2813 lit
969 2749 1043 2813 itleo
1054 2750 1145 2816 nobis
1160 2768 1248 2813 man-

151 2840 202 2905 iati
219 2848 314 2930 iujos
329 2850 457 2915 medela
475 2852 655 2925 succurrit,
677 2868 717 2913 ne
737 2868 814 2913 cum
830 2851 910 2913 isaeo
933 2850 1124 2924 viderimus,
1140 2869 1251 2917 aemu-

151 2941 259 3029 irnor5
279 2952 380 3026 islest,
402 2970 444 3017 no
463 2953 631 3017 irritemus
647 2949 836 3027 Dominum,
857 2952 1016 3015 adversus
1036 2970 1094 3017 nos
1113 2952 1250 3032 loqueu-

152 3044 269 3115 lotalia
291 3055 324 3117 is
347 3054 502 3119 cordibus
524 3057 654 3119 nostris.
685 3051 748 3117 Sed
778 3054 962 3133 recogitare
981 3053 1149 3128 debemus,
1171 3053 1248 3135 quia

151 3164 280 3227 inmens
292 3155 448 3220 seculum
462 3173 580 3220 eorum
595 3163 657 3233 est,
673 3153 732 3235 qui
746 3153 880 3219 loturae
894 3154 1101 3220 beatitudinis
1115 3171 1179 3219 uon
1193 3156 1249 3217 lsa-

151 3248 211 3315 leot
225 3272 330 3334 spem.
355 3277 372 3313 r
708 3316 711 3320 .

215 3352 554 3423 commentariolum
577 3355 741 3423 Romanae
756 3354 922 3423 Ecclesiae
943 3354 1123 3425 cardinalis
1145 3356 1250 3437 tinge·

150 3452 191 3515 los
202 3456 304 3538 ilajus
325 3459 359 3520 iu
374 3456 575 3523 Bibliotheca
596 3457 775 3535 Vaticana,
797 3458 950 3525 codicem
969 3457 1249 3525 Lucubratioouur

151 3549 220 3620 loiri
238 3556 482 3621 Proveriiorum
497 3577 556 3639 per
569 3557 757 3641 origenem,
773 3560 929 3639 reliquias
950 3557 1177 3634 coutinentem,
1200 3575 1251 3620 ro·

150 3659 226 3731 perit.
247 3657 283 3720 lu
303 3660 427 3739 quibus
447 3660 543 3723 sicuti
561 3660 594 3721 iu
611 3661 728 3723 ceteris
750 3658 896 3740 moriem
916 3659 1056 3739 scriptia,
1077 3657 1193 3737 dogma
1209 3657 1250 3720 tio

150 3762 320 3824 aeternitate
345 3779 526 3841 poenarum
557 3762 728 3839 perspicue
753 3760 946 3823 roboratur.
978 3757 1084 3822 Verba
1111 3778 1251 3839 namque

150 3852 229 3931 ipsios
249 3858 339 3923 Libri
369 3864 603 3941 interpretatus
624 3879 653 3924 c.
676 3857 701 3922 1.
722 3858 753 3924 7.
776 3860 916 3925 Frustra
938 3860 1067 3942 jacitur
1086 3869 1149 3923 rete
1179 3868 1252 3922 autc

150 3958 238 4023 terior
251 3970 480 4041 modorum,
501 3964 572 4025 aits
599 3961 713 4027 «licto
734 3972 784 4026 est
804 3980 906 4044 poena
928 3969 1084 4037 aeterno,
1107 3970 1140 4027 et
1163 3961 1252 4023 varia

152 4060 278 4135 lucilio,
299 4081 421 4143 quaes
442 4064 532 4149 iusto
544 4062 655 4143 judice
669 4063 805 4143 impuris
820 4063 990 4125 animabus
1011 4062 1201 4142 imponitur,
1215 4067 1252 4122 nt

152 4158 218 4221 nale
236 4171 333 4227 natae
346 4163 420 4227 alae
438 4162 628 4244 perdantur.
640 4184 657 4223 s
671 4162 751 4227 item
766 4164 799 4225 io
819 4182 849 4226 c.
866 4161 908 4226 X.
932 4181 962 4225 n.
985 4159 1035 4227 tto.
1057 4180 1100 4223 ex
1123 4159 1251 4223 verbis:
1275 4176 1278 4183 ·

154 4249 195 4315 Vir
210 4264 356 4326 corilum
374 4264 415 4326 cb
432 4263 595 4328 mumulo
614 4275 644 4327 rt
657 4259 895 4326 colossitotiius
909 4280 975 4325 noo
991 4258 1177 4325 *emioritrrr
1196 4270 1252 4323 rto.

152 4353 260 4437 lnquit:
282 4384 300 4421 s
325 4362 388 4427 Via
409 4365 494 4427 ritae
515 4382 579 4429 ooo
598 4364 708 4430 solum
728 4369 770 4430 ab
790 4372 923 4432 aeterua
944 4380 1114 4437 aerumna,
1138 4378 1253 4425 rerum

153 4458 299 4529 munais
321 4464 469 4547 quelibet
490 4467 577 4532 ritae
595 4467 760 4543 molestis,
777 4487 847 4541 eos,
863 4468 921 4548 qui
942 4468 1085 4533 malitiae
1100 4472 1177 4529 sunt
1197 4482 1254 4526 ex·

153 4570 252 4642 letica,
267 4564 423 4631 telendit.
434 4585 453 4623 s
470 4563 624 4661 iitpauio
639 4575 733 4649 poste
749 4567 822 4634 «tto
841 4569 961 4663 impios
978 4566 1159 4648 perditione
1179 4582 1252 4646 per·
