3375 5567
423 813 463 857 eo
487 804 631 877 tempore
654 803 763 861 actum
785 798 924 863 sitioter
950 801 1125 867 monachos
1145 800 1393 883 palaestinensis
1421 799 1453 862 in
1472 798 1549 864 (iri—

424 899 513 976 genis
534 917 645 973 cansa,
676 898 809 980 Evagrii
830 908 864 964 et
894 901 1046 987 Didymi,
1068 905 1173 967 scissia
1194 903 1410 984 undequaque
1435 920 1547 967 mona-

423 1001 530 1063 steriis
550 1018 591 1063 ex
615 1018 712 1064 aerae
741 1003 894 1067 scientiae
918 1012 953 1067 et
982 1005 1110 1083 pietatis
1139 1003 1270 1067 deiectu
1292 1004 1334 1067 ita
1357 1013 1393 1068 ut
1413 1002 1548 1067 conciu-

421 1100 520 1163 datur
531 1100 790 1183 Barsanupitium
805 1106 835 1167 in
857 1123 973 1169 errore
994 1107 1131 1193 tersoriq
1151 1117 1184 1169 et
1195 1124 1279 1186 quos
1293 1107 1360 1185 ipse
1374 1106 1546 1171 coniurare

424 1210 532 1281 putat,
552 1221 690 1285 aequam
712 1206 752 1269 de
771 1224 797 1271 a.
820 1204 981 1287 Gregorio
1003 1208 1233 1287 pronunciasse
1246 1209 1446 1272 sententiam.
1462 1205 1506 1286 ttt

903 1405 1069 1473 coactm

506 1609 562 1673 iiis
583 1610 707 1690 positia,
722 1627 762 1672 no
777 1608 873 1690 plura
895 1612 1024 1688 addam,
1041 1613 1068 1675 si
1091 1613 1139 1676 nti
1162 1611 1261 1676 velint
1281 1610 1471 1686 adversarii,
1489 1610 1547 1671 ad-

425 1712 577 1775 mittenda
602 1712 691 1775 nobis
713 1712 799 1777 toret
818 1715 941 1793 opinio,
963 1716 1076 1779 dirum
1099 1715 1310 1797 Episcopum,
1326 1713 1546 1793 reproborum

425 1814 456 1875 in
471 1814 574 1877 altera
596 1815 684 1889 rita,
708 1822 781 1895 post
798 1815 959 1895 iudicium
983 1818 1193 1881 novissimum
1223 1834 1342 1896 poenas
1368 1816 1551 1896 aliqnando

423 1915 584 1982 desituras
605 1918 740 1981 semisse
770 1936 809 1983 ao
828 1918 996 1995 docuisse,
1019 1920 1082 1983 hoc
1114 1918 1197 1981 idem
1219 1936 1346 1981 mecum
1380 1916 1551 1980 fateantur

423 2034 552 2085 necesse
572 2026 632 2082 eat:
655 2038 680 2082 s.
703 2017 880 2085 Ductorem
900 2019 1025 2083 scilicet
1045 2020 1232 2101 quindecier
1260 2026 1294 2083 et
1314 2019 1418 2092 nitra,
1445 2020 1546 2083 sicuti

425 2136 468 2203 er
488 2118 633 2201 ejusdem
657 2120 748 2183 vario
769 2138 888 2200 genere
908 2122 1036 2201 scriptia
1065 2121 1234 2201 decerpsi,
1258 2119 1481 2206 hujuscemodi
1503 2118 1548 2183 de

423 2237 603 2300 poenarum
620 2222 811 2287 aeternitate
830 2224 1021 2287 sententiam
1033 2241 1075 2286 ex
1095 2219 1342 2301 scripturarum
1359 2221 1546 2285 testimonio

424 2320 626 2401 apertissime
647 2318 791 2383 firmasse
803 2340 813 2399 ;
835 2328 931 2386 etex
951 2321 1163 2387 adremon
1184 2329 1425 2401 praeruruptam
1452 2336 1549 2399 rege·

425 2422 625 2487 uerationern
658 2422 857 2487 tantumdem
877 2430 911 2487 et
937 2422 1079 2504 amplior
1100 2423 1225 2488 vicibus
1255 2422 1289 2485 iu
1308 2422 1429 2487 eisdem
1449 2421 1547 2485 libris

425 2525 632 2602 cruciatuum
664 2524 873 2604 perpetuitati
898 2525 969 2604 pori
996 2524 1168 2589 alacritato
1199 2523 1369 2587 mentitum
1396 2540 1477 2586 esse.
1500 2520 1550 2585 Et

425 2624 560 2703 insuper
579 2624 809 2706 adjiciendum,
832 2626 940 2691 tamin
961 2624 1013 2701 iis,
1034 2624 1179 2705 quaeda
1200 2640 1379 2705 poenarum
1400 2622 1476 2698 tine,
1495 2624 1547 2687 uti

425 2733 576 2806 putatur,
590 2744 687 2807 quam
703 2727 734 2788 in
755 2713 915 2807 hisjqnae
934 2725 975 2789 de
989 2726 1179 2791 earumdem
1199 2726 1390 2789 aeternitate
1399 2724 1546 2804 scripsit,

426 2842 485 2911 uec
512 2830 654 2901 cursim,
678 2844 784 2908 neque
812 2829 919 2893 obiter
947 2846 1016 2895 reru
1040 2826 1329 2904 animadvertisse3
1350 2833 1401 2889 ast
1427 2824 1548 2896 sedulo

425 2929 606 3009 mentisque
633 2931 782 2993 acumine
803 2930 1033 3005 disserentem,
1058 2936 1092 2992 et
1118 2929 1259 3009 amptius
1278 2924 1460 2995 Bibiiornm
1485 2942 1550 2988 an·

425 3030 568 3092 ctoritati
591 3038 624 3092 ct
653 3029 891 3093 ecclesiasticae
918 3030 1083 3093 traditioni
1103 3028 1274 3102 innixum,
1305 3032 1546 3091 tormentorum

424 3135 612 3207 terminum,
635 3148 816 3211 earumque
837 3132 1088 3212 perpetuitatem
1110 3130 1233 3211 pariter
1253 3128 1494 3209 comprobasse,
1510 3135 1548 3189 et

424 3248 485 3312 per
513 3250 549 3293 ea
572 3234 705 3313 iusuper
725 3240 936 3312 argumenta,
958 3230 1138 3296 infidelium
1158 3238 1192 3295 et
1213 3230 1454 3293 haereticorum
1480 3244 1545 3291 ora

423 3333 634 3405 obstruxisse
694 3364 698 3373 ·
742 3337 761 3348 ”

419 3460 423 3489 τ
503 3434 669 3510 Ceterum,
692 3452 756 3515 qua
779 3437 904 3497 ratione
926 3436 958 3495 in
980 3443 1070 3497 tanto
1094 3435 1181 3507 riro,
1201 3449 1239 3494 ao
1260 3431 1300 3496 de
1323 3428 1400 3493 tanti
1417 3446 1453 3491 re
1474 3446 1548 3491 nro·

425 3536 523 3597 ruenti
545 3544 609 3599 tarn
632 3536 784 3617 frequens
806 3552 844 3598 ac
865 3536 979 3597 iterata
1002 3531 1241 3598 contradictio?
1260 3530 1328 3607 Qui
1350 3530 1419 3593 deri
1436 3536 1549 3610 potest

421 3652 448 3697 s.
467 3633 663 3715 Gregorinm
679 3637 721 3698 ita
737 3635 898 3699 levissime
914 3637 946 3697 io
961 3634 1147 3716 hujusmodi
1162 3635 1302 3697 absurda
1314 3633 1442 3712 lapsum
1453 3628 1548 3693 osae?

426 3735 600 3814 Quomodo
616 3737 765 3818 possibile
786 3736 897 3799 eadem
913 3736 947 3798 in
966 3739 1120 3799 concione
1137 3735 1262 3815 popuii,
1282 3734 1380 3797 rerba
1396 3731 1545 3795 veritatis

424 3838 664 3918 explanantem,
686 3837 767 3901 alias
787 3837 996 3901 cruciatuum
1018 3836 1103 3916 apnd
1116 3836 1238 3899 inieros
1260 3834 1484 3898 aeternitatem
1499 3849 1545 3894 ex

424 3959 484 4005 ore
504 3938 622 4004 Christi
644 3939 793 4005 edixisse:
811 3939 1066 4018 auditorumque
1086 3939 1210 4001 animoa
1219 3938 1260 3999 ad
1284 3937 1411 3999 virtutis
1425 3951 1548 4013 seque-

424 4044 501 4118 iam,
524 4043 745 4121 vitiorumque
766 4042 1018 4122 dissipationem
1041 4040 1084 4104 ob
1103 4057 1219 4104 eorum
1241 4038 1356 4103 oculos
1378 4044 1544 4099 tormenta

425 4144 596 4209 durissima
618 4153 651 4207 et
671 4162 730 4224 per
750 4144 986 4207 interminabile
1006 4160 1125 4205 nerum
1157 4142 1317 4204 duratura
1344 4138 1542 4219 objiciendo,

422 4242 624 4311 concitasse?
637 4262 675 4307 ac
693 4244 791 4324 paulo
812 4251 885 4325 poet
898 4245 929 4305 in
949 4242 1063 4307 eadem
1077 4242 1243 4318 concione,
1260 4247 1412 4321 tauquam
1427 4236 1546 4319 populi

368 4477 371 4483 ’
492 4480 528 4553 (i)
548 4478 667 4553 Reliqua
683 4478 718 4535 de
735 4478 821 4553 hujus
838 4477 1058 4553 regenerationis
1076 4475 1173 4534 ordine
1196 4476 1227 4533 in
1246 4472 1430 4548 sequentibus
1445 4471 1541 4529 iunius

424 4574 574 4640 diluentur,
595 4572 645 4630 ubi
661 4572 773 4632 eaedem
792 4578 943 4632 occurrunt
959 4570 1177 4630 adumariomm
1194 4567 1393 4645 oppositiones.
