3375 5567
155 791 218 836 cea.
247 774 316 841 Non
338 777 414 840 item
437 795 514 842 rero
535 779 602 858 ipse
621 780 721 843 sensit
740 779 781 841 de
802 773 896 872 ψυχή
915 778 1023 844 animo
1047 779 1243 861 mntttpttess

153 875 374 952 significationes
394 880 601 958 praeferenti:
625 883 665 944 de
685 881 806 961 qoibus
826 883 922 944 intra.

219 979 317 1042 Porro
347 981 449 1044 relato
474 983 512 1044 ad
534 981 608 1062 soeg
629 985 697 1045 sire
723 1001 809 1046 mens
838 985 1010 1048 dictionem
1040 987 1086 1046 uti
1118 986 1242 1064 aptissi-

153 1098 231 1155 nan,
251 1099 412 1162 sanaeque
433 1084 656 1163 philosophiae
676 1094 935 1159 consentaneam,
958 1089 1035 1150 satis
1060 1087 1133 1150 inde
1154 1097 1241 1168 pate·

153 1182 213 1244 lacit
234 1181 382 1258 Auctor,
413 1204 447 1248 se
472 1187 684 1250 substantiam
716 1189 860 1269 aliquam
891 1207 1082 1270 nuncupare
1111 1208 1248 1270 prorsus

152 1284 414 1362 simplicissimam,
431 1287 540 1366 talem,
561 1306 647 1368 quae
667 1288 751 1352 idem
766 1290 826 1352 sibi
850 1290 933 1364 vult,
949 1300 982 1354 et
1002 1301 1062 1366 est,
1080 1291 1246 1371 vulgoque

151 1385 251 1447 dicitnr
275 1385 438 1466 moilatio.
463 1386 559 1465 Quot
594 1389 790 1454 vocabulum
812 1409 830 1452 a
852 1409 887 1452 se
908 1391 1067 1454 abstrahit
1097 1395 1247 1471 quamvis

151 1489 277 1566 eorporh
303 1490 374 1552 sive
396 1491 551 1552 materiae
580 1491 707 1566 ideam,
732 1491 832 1554 veluti
854 1509 871 1552 s
894 1492 1074 1556 catholicae
1107 1494 1248 1572 philoso-

151 1587 228 1664 phiae
247 1591 407 1668 magistris
430 1591 619 1656 instituitur.
638 1590 761 1655 Doceat
780 1594 880 1668 enim,
900 1594 1082 1674 subjectum
1104 1595 1247 1674 cogitans

151 1705 202 1749 aon
219 1709 286 1752 esse
306 1709 516 1771 corporeum.
541 1693 676 1773 insuper
696 1693 854 1774 Origenes
875 1695 1051 1775 aliquando
1067 1698 1180 1758 meotis
1201 1696 1249 1758 lo-

151 1792 353 1856 eosnbstitnit
372 1792 496 1878 πνὲυμα
508 1793 657 1874 spirituas
680 1805 832 1875 tanquam
849 1798 1014 1877 praecipui
1036 1807 1067 1860 et
1084 1807 1250 1876 praestan·

153 1893 229 1955 tioris
250 1895 401 1958 vocabuli
420 1890 496 1976 νδυς
515 1898 741 1980 synonimutn,
763 1907 821 1960 aut
842 1899 1094 1962 illustrationem
1123 1918 1163 1962 es
1187 1917 1249 1962 usu

151 1988 315 2058 bibliorum
338 2000 530 2075 praesertim
559 1997 836 2076 apostolicorum,
858 1999 960 2064 sicubi
985 2001 1096 2080 agitur
1123 2001 1163 2062 de
1195 2000 1251 2062 bo·

151 2096 231 2158 uinis
251 2098 420 2160 rationalis
441 2100 703 2178 proprietatibus.

217 2197 332 2274 Quoad
362 2208 471 2263 antem
495 2201 622 2262 tertiam
649 2202 730 2264 idest
750 2197 845 2294 ψυχή
875 2189 1161 2283 nuncupationem
1177 2203 1253 2268 hnic

150 2300 294 2378 spirituali
308 2301 510 2365 substantiae
531 2302 664 2364 inditam
679 2301 721 2364 ab
735 2302 891 2383 Origene,
909 2304 939 2367 in
954 2323 1050 2368 suum
1066 2305 1106 2368 de
1127 2323 1164 2370 ea
1184 2323 1255 2370 seo·

150 2418 208 2462 son
226 2403 434 2481 exponendo,
450 2403 563 2468 sedula
585 2403 779 2468 discretione
799 2405 891 2468 nobis
906 2423 989 2486 opus
1009 2417 1070 2482 est,
1093 2424 1134 2470 ue
1154 2409 1187 2470 iu
1202 2424 1254 2470 er·

152 2521 244 2566 rorem
265 2505 430 2568 labamur.
456 2503 694 2584 multiplicibus
714 2522 855 2586 namque
875 2505 1161 2586 significationibus
1179 2525 1255 2588 pro·

150 2614 211 2682 pter
229 2609 362 2671 varium
386 2606 484 2687 hujus
513 2605 624 2670 caim
647 2606 799 2672 vocabuli
819 2625 939 2681 mum,
961 2608 1104 2689 praedita
1134 2609 1255 2690 reperi·

152 2710 236 2770 torio
254 2707 422 2789 Operibus
441 2709 648 2790 origenianis,
674 2710 717 2772 ita
735 2716 774 2772 ut
794 2708 938 2790 eiusdem
955 2709 1098 2776 delinitio
1119 2729 1160 2774 ex
1180 2709 1256 2774 sub·

149 2806 219 2886 jecta
239 2812 377 2872 materia
407 2811 448 2873 sit
468 2809 678 2874 desumenda.
708 2808 836 2874 Harum
859 2829 958 2892 porro
985 2810 1255 2892 significationum

151 2909 384 2996 anmbudioem
405 2908 594 2989 Scripturas
615 2911 741 2976 divinae
764 2917 925 2976 testamur
947 2913 1103 2994 primum,
1125 2931 1201 2976 cum
1214 2913 1256 2976 ab

155 3009 259 3074 Mem
281 3013 428 3087 eruitur,
442 3012 583 3092 quodvis
603 3012 792 3098 animatum,
808 3032 866 3078 seu
888 3012 1121 3096 quodcumque
1134 3013 1255 3078 animal

151 3113 280 3177 sumam
302 3114 498 3194 nuncupari.
521 3114 570 3178 bc
591 3114 634 3178 ita
655 3131 731 3178 sane
755 3122 881 3178 veteres
896 3115 1027 3178 hebraei
1049 3116 1188 3179 animam
1210 3113 1258 3182 tli-

151 3223 257 3280 serunt
276 3215 394 3295 sefesc,
412 3215 475 3280 sub
495 3217 558 3279 hoe
579 3216 707 3280 nomine
723 3216 1031 3298 comprehendentes
1052 3235 1146 3280 omne
1167 3217 1256 3296 qnod

154 3315 233 3390 sirit,
251 3317 324 3383 sire
344 3318 377 3381 io
399 3337 466 3400 quo
487 3327 537 3383 est
556 3319 655 3382 alitos
677 3318 773 3382 ritae.
797 3317 839 3383 Et
861 3319 934 3383 hinc
955 3337 1048 3383 omne
1070 3319 1189 3382 animal
1208 3336 1260 3382 ra·

153 3416 259 3482 ttenste
279 3420 352 3484 sire
373 3420 585 3496 irrationale,
608 3420 707 3482 bomo
727 3419 851 3486 scilicet
870 3429 903 3484 et
922 3422 1121 3502 jumentum,
1141 3420 1258 3502 reptile

152 3527 178 3578 et
197 3523 488 3603 rotatile,aoimae
508 3540 642 3601 compos
666 3530 804 3586 vocator
824 3522 856 3584 io
877 3521 1063 3603 scripturis.
1089 3520 1152 3586 Ex.
1175 3539 1205 3602 g.
1227 3522 1259 3584 io

153 3615 303 3690 &amcos
324 3644 354 3688 c.
377 3625 404 3688 l.
426 3625 560 3706 legitur:
585 3633 621 3686 ct
641 3623 707 3688 sint
728 3622 815 3686 nobis
836 3622 873 3686 ia
893 3621 1007 3714 cibam,
1029 3633 1058 3686 el
1082 3623 1207 3688 cunetis
1227 3642 1262 3686 a·

153 3721 338 3791 ommibus
367 3735 485 3802 imae,
504 3724 649 3808 omniqua
677 3723 803 3789 solani
815 3724 918 3802 coeli,
941 3734 969 3786 et
989 3725 1159 3802 oniensis,
1181 3744 1262 3807 quoe

153 3837 306 3892 matur
326 3828 364 3892 in
383 3837 482 3903 lma,
504 3837 533 3890 et
552 3828 589 3890 in
608 3825 723 3908 quibus
743 3835 788 3889 est
806 3827 908 3906 osseae
927 3826 1039 3890 naimo
1058 3828 1167 3890 vicens
1188 3837 1243 3890 etc.

223 3925 342 4002 ludaei
363 3938 474 3994 autem
497 3928 721 4004 Alexandrini,
743 3947 801 3992 sen
822 3927 1032 4010 Septuaginta
1062 3926 1260 4009 interpretes

155 4023 225 4089 banc
245 4029 347 4108 assere
367 4028 539 4092 dictionem
562 4028 746 4092 hebraicam
769 4028 800 4088 in
821 4045 969 4107 graecam
983 4019 1075 4119 ψυχή
1088 4029 1261 4092 transtule-

155 4141 207 4205 re3
227 4130 320 4194 etsie
340 4128 541 4215 asynagoga
563 4131 595 4192 io
609 4126 788 4192 Ecclesiam
807 4127 1023 4193 Christianam
1040 4135 1259 4193 transvectum

154 4237 194 4290 est
206 4230 265 4294 hoc
286 4249 404 4296 nomen
420 4235 502 4296 hane
523 4230 670 4296 eamdem
685 4231 867 4311 geoericam
890 4231 1153 4313 significationem
1169 4249 1262 4311 prae·

154 4323 250 4394 lcrens
270 4331 311 4394 de
331 4349 540 4413 quacumque
554 4332 695 4394 animata
716 4339 750 4392 et
765 4331 883 4394 virenti
904 4332 1093 4396 substantia.
1110 4330 1260 4414 Quapro-

155 4434 219 4505 pter
238 4435 396 4513 primaevi
418 4432 583 4500 Ecclesiae
607 4431 740 4509 Patres,
763 4432 998 4513 Apostolorum
1020 4434 1185 4515 discipuli,
1208 4453 1261 4500 eo·

160 4532 364 4616 tandemque
385 4536 416 4599 io
437 4535 587 4617 dogmate
607 4541 641 4599 et
660 4532 770 4615 lingna
802 4534 977 4610 haeredes,
1002 4535 1084 4602 istud
1108 4537 1191 4600 idem
1209 4555 1264 4602 vo·
