<?xml version="1.0" encoding="UTF-8"?>
<!DOCTYPE html PUBLIC "-//W3C//DTD XHTML 1.0 Transitional//EN"
    "http://www.w3.org/TR/xhtml1/DTD/xhtml1-transitional.dtd">
<html xmlns="http://www.w3.org/1999/xhtml" xml:lang="en" lang="en">
 <head>
  <title>
</title>
<meta http-equiv="Content-Type" content="text/html;charset=utf-8" />
  <meta name='ocr-system' content='tesseract 3.04.00' />
  <meta name='ocr-capabilities' content='ocr_page ocr_carea ocr_par ocr_line ocrx_word'/>
</head>
<body>
  <div class='ocr_page' id='page_1' title='image "./insgregoriinyss02vincgoog/insgregoriinyss02vincgoog_0255.png"; bbox 0 0 3375 5567; ppageno 0'>
   <div class='ocr_carea' id='block_1_1' title="bbox 1205 699 1266 768">
    <p class='ocr_par' dir='ltr' id='par_1_1' title="bbox 1205 699 1266 768">
     <span class='ocr_line' id='line_1_1' title="bbox 1205 699 1266 768; baseline 0 0"><span class='ocrx_word' id='word_1_1' title='bbox 1205 699 1266 768; x_wconf 69' lang='lat' dir='ltr'><strong>eu</strong></span> 
     </span>
    </p>
   </div>
   <div class='ocr_carea' id='block_1_2' title="bbox 538 787 867 875">
    <p class='ocr_par' dir='ltr' id='par_1_2' title="bbox 538 787 867 875">
     <span class='ocr_line' id='line_1_2' title="bbox 538 787 867 875; baseline 0.018 -23"><span class='ocrx_word' id='word_1_2' title='bbox 538 787 624 856; x_wconf 76' lang='lat' dir='ltr'><strong>Vetus</strong></span> <span class='ocrx_word' id='word_1_3' title='bbox 646 791 867 875; x_wconf 69' lang='lat' dir='ltr'><strong>receperetis</strong></span> 
     </span>
    </p>
   </div>
   <div class='ocr_carea' id='block_1_3' title="bbox 172 989 1267 1482">
    <p class='ocr_par' dir='ltr' id='par_1_3' title="bbox 172 989 1267 1482">
     <span class='ocr_line' id='line_1_3' title="bbox 236 989 1266 1077; baseline 0.015 -25"><span class='ocrx_word' id='word_1_4' title='bbox 236 1013 251 1052; x_wconf 80' lang='lat' dir='ltr'><strong>a</strong></span> <span class='ocrx_word' id='word_1_5' title='bbox 270 989 346 1058; x_wconf 84' lang='lat' dir='ltr'><strong>iiam</strong></span> <span class='ocrx_word' id='word_1_6' title='bbox 366 997 526 1072; x_wconf 81' lang='lat' dir='ltr'><strong>quantum</strong></span> <span class='ocrx_word' id='word_1_7' title='bbox 547 993 587 1055; x_wconf 87' lang='lat' dir='ltr'><strong>ad</strong></span> <span class='ocrx_word' id='word_1_8' title='bbox 611 992 739 1070; x_wconf 79' lang='lat' dir='ltr'><strong>Deum,</strong></span> <span class='ocrx_word' id='word_1_9' title='bbox 759 995 909 1077; x_wconf 82' lang='lat' dir='ltr'><strong>jumenta</strong></span> <span class='ocrx_word' id='word_1_10' title='bbox 930 1013 1046 1062; x_wconf 84' lang='lat' dir='ltr'><strong>sumus</strong></span> <span class='ocrx_word' id='word_1_11' title='bbox 1074 1016 1138 1062; x_wconf 93' lang='lat' dir='ltr'><strong>non</strong></span> <span class='ocrx_word' id='word_1_12' title='bbox 1156 1002 1266 1068; x_wconf 87' lang='lat' dir='ltr'><strong>eoinm</strong></span> 
     </span>
     <span class='ocr_line' id='line_1_4' title="bbox 174 1092 1266 1182; baseline 0.008 -26"><span class='ocrx_word' id='word_1_13' title='bbox 174 1109 229 1170; x_wconf 85' lang='lat' dir='ltr'><strong>nor,</strong></span> <span class='ocrx_word' id='word_1_14' title='bbox 246 1092 296 1157; x_wconf 87' lang='lat' dir='ltr'><strong>red</strong></span> <span class='ocrx_word' id='word_1_15' title='bbox 315 1093 411 1157; x_wconf 87' lang='lat' dir='ltr'><strong>etiam</strong></span> <span class='ocrx_word' id='word_1_16' title='bbox 444 1093 551 1158; x_wconf 92' lang='lat' dir='ltr'><strong>multo</strong></span> <span class='ocrx_word' id='word_1_17' title='bbox 571 1096 664 1158; x_wconf 88' lang='lat' dir='ltr'><strong>nobis</strong></span> <span class='ocrx_word' id='word_1_18' title='bbox 689 1095 930 1176; x_wconf 70' lang='lat' dir='ltr'><strong>prudentiores.</strong></span> <span class='ocrx_word' id='word_1_19' title='bbox 954 1095 1008 1161; x_wconf 85' lang='lat' dir='ltr'><strong>Sic</strong></span> <span class='ocrx_word' id='word_1_20' title='bbox 1028 1104 1137 1162; x_wconf 85' lang='lat' dir='ltr'><strong>rotem</strong></span> <span class='ocrx_word' id='word_1_21' title='bbox 1164 1117 1266 1182; x_wconf 82' lang='lat' dir='ltr'><strong>qnan-</strong></span> 
     </span>
     <span class='ocr_line' id='line_1_5' title="bbox 175 1193 1267 1282; baseline 0.008 -25"><span class='ocrx_word' id='word_1_22' title='bbox 175 1204 227 1259; x_wconf 84' lang='lat' dir='ltr'><strong>tum</strong></span> <span class='ocrx_word' id='word_1_23' title='bbox 245 1193 280 1256; x_wconf 91' lang='lat' dir='ltr'><strong>ad</strong></span> <span class='ocrx_word' id='word_1_24' title='bbox 301 1199 462 1275; x_wconf 84' lang='lat' dir='ltr'><strong>pastorem</strong></span> <span class='ocrx_word' id='word_1_25' title='bbox 487 1193 676 1272; x_wconf 72' lang='lat' dir='ltr'><strong>curidum,</strong></span> <span class='ocrx_word' id='word_1_26' title='bbox 701 1195 801 1259; x_wconf 86' lang='lat' dir='ltr'><strong>etiam</strong></span> <span class='ocrx_word' id='word_1_27' title='bbox 815 1213 900 1260; x_wconf 89' lang='lat' dir='ltr'><strong>ores</strong></span> <span class='ocrx_word' id='word_1_28' title='bbox 925 1195 999 1279; x_wconf 82' lang='lat' dir='ltr'><strong>ejus</strong></span> <span class='ocrx_word' id='word_1_29' title='bbox 1025 1214 1162 1264; x_wconf 78' lang='lat' dir='ltr'><strong>sumuss</strong></span> <span class='ocrx_word' id='word_1_30' title='bbox 1183 1219 1267 1282; x_wconf 79' lang='lat' dir='ltr'><strong>uno·</strong></span> 
     </span>
     <span class='ocr_line' id='line_1_6' title="bbox 172 1297 1265 1381; baseline 0.005 -19"><span class='ocrx_word' id='word_1_31' title='bbox 172 1300 240 1362; x_wconf 87' lang='lat' dir='ltr'><strong>airu</strong></span> <span class='ocrx_word' id='word_1_32' title='bbox 259 1305 339 1361; x_wconf 84' lang='lat' dir='ltr'><strong>tsnts</strong></span> <span class='ocrx_word' id='word_1_33' title='bbox 360 1297 510 1360; x_wconf 73' lang='lat' dir='ltr'><strong>durantia</strong></span> <span class='ocrx_word' id='word_1_34' title='bbox 542 1305 591 1360; x_wconf 87' lang='lat' dir='ltr'><strong>est</strong></span> <span class='ocrx_word' id='word_1_35' title='bbox 611 1298 698 1362; x_wconf 89' lang='lat' dir='ltr'><strong>inter</strong></span> <span class='ocrx_word' id='word_1_36' title='bbox 718 1315 794 1362; x_wconf 92' lang='lat' dir='ltr'><strong>eum</strong></span> <span class='ocrx_word' id='word_1_37' title='bbox 815 1306 850 1365; x_wconf 85' lang='lat' dir='ltr'><strong>et</strong></span> <span class='ocrx_word' id='word_1_38' title='bbox 869 1316 952 1376; x_wconf 86' lang='lat' dir='ltr'><strong>noa,</strong></span> <span class='ocrx_word' id='word_1_39' title='bbox 975 1308 1135 1381; x_wconf 79' lang='lat' dir='ltr'><strong>quantum</strong></span> <span class='ocrx_word' id='word_1_40' title='bbox 1162 1303 1265 1368; x_wconf 80' lang='lat' dir='ltr'><strong>homi·</strong></span> 
     </span>
     <span class='ocr_line' id='line_1_7' title="bbox 173 1397 794 1482; baseline -0.008 -18"><span class='ocrx_word' id='word_1_41' title='bbox 173 1417 231 1464; x_wconf 86' lang='lat' dir='ltr'><strong>nem</strong></span> <span class='ocrx_word' id='word_1_42' title='bbox 248 1407 279 1463; x_wconf 93' lang='lat' dir='ltr'><strong>et</strong></span> <span class='ocrx_word' id='word_1_43' title='bbox 296 1397 537 1479; x_wconf 75' lang='lat' dir='ltr'>qualecumque</span> <span class='ocrx_word' id='word_1_44' title='bbox 555 1398 752 1482; x_wconf 78' lang='lat' dir='ltr'><strong>iumentum.</strong></span> <span class='ocrx_word' id='word_1_45' title='bbox 777 1421 794 1459; x_wconf 75' lang='lat' dir='ltr'><strong>s</strong></span> 
     </span>
    </p>
   </div>
   <div class='ocr_carea' id='block_1_4' title="bbox 594 1599 829 1670">
    <p class='ocr_par' dir='ltr' id='par_1_4' title="bbox 594 1599 829 1670">
     <span class='ocr_line' id='line_1_8' title="bbox 594 1599 829 1670; baseline 0 -4"><span class='ocrx_word' id='word_1_46' title='bbox 594 1600 695 1670; x_wconf 84' lang='lat' dir='ltr'><strong>i&#39;rrrr&#39;o</strong></span> <span class='ocrx_word' id='word_1_47' title='bbox 716 1599 829 1667; x_wconf 82' lang='lat' dir='ltr'><strong>Huetir&#39;</strong></span> 
     </span>
    </p>
   </div>
   <div class='ocr_carea' id='block_1_5' title="bbox 159 1804 1265 4622">
    <p class='ocr_par' dir='ltr' id='par_1_5' title="bbox 164 1804 1265 2499">
     <span class='ocr_line' id='line_1_9' title="bbox 234 1804 1263 1896; baseline 0.011 -28"><span class='ocrx_word' id='word_1_48' title='bbox 234 1805 459 1873; x_wconf 78' lang='lat' dir='ltr'><strong>«sicutenim</strong></span> <span class='ocrx_word' id='word_1_49' title='bbox 483 1805 585 1870; x_wconf 85' lang='lat' dir='ltr'><strong>reinte</strong></span> <span class='ocrx_word' id='word_1_50' title='bbox 612 1806 652 1868; x_wconf 88' lang='lat' dir='ltr'><strong>ad</strong></span> <span class='ocrx_word' id='word_1_51' title='bbox 675 1807 781 1887; x_wconf 88' lang='lat' dir='ltr'><strong>ipsum</strong></span> <span class='ocrx_word' id='word_1_52' title='bbox 803 1804 948 1872; x_wconf 81' lang='lat' dir='ltr'>Verbum</span> <span class='ocrx_word' id='word_1_53' title='bbox 969 1818 1003 1874; x_wconf 89' lang='lat' dir='ltr'><strong>et</strong></span> <span class='ocrx_word' id='word_1_54' title='bbox 1034 1808 1092 1874; x_wconf 79' lang='lat' dir='ltr'><strong>liei</strong></span> <span class='ocrx_word' id='word_1_55' title='bbox 1114 1813 1263 1896; x_wconf 80' lang='lat' dir='ltr'><strong>majesta·</strong></span> 
     </span>
     <span class='ocr_line' id='line_1_10' title="bbox 169 1909 1265 1997; baseline 0.005 -23"><span class='ocrx_word' id='word_1_56' title='bbox 169 1917 221 1974; x_wconf 89' lang='lat' dir='ltr'><strong>tem</strong></span> <span class='ocrx_word' id='word_1_57' title='bbox 237 1909 377 1992; x_wconf 85' lang='lat' dir='ltr'><strong>jumenta</strong></span> <span class='ocrx_word' id='word_1_58' title='bbox 398 1926 537 1986; x_wconf 88' lang='lat' dir='ltr'><strong>sumus,</strong></span> <span class='ocrx_word' id='word_1_59' title='bbox 563 1928 627 1972; x_wconf 94' lang='lat' dir='ltr'><strong>non</strong></span> <span class='ocrx_word' id='word_1_60' title='bbox 649 1927 706 1972; x_wconf 89' lang='lat' dir='ltr'><strong>nos</strong></span> <span class='ocrx_word' id='word_1_61' title='bbox 727 1909 788 1973; x_wconf 88' lang='lat' dir='ltr'><strong>soii</strong></span> <span class='ocrx_word' id='word_1_62' title='bbox 811 1910 868 1973; x_wconf 90' lang='lat' dir='ltr'><strong>sed</strong></span> <span class='ocrx_word' id='word_1_63' title='bbox 889 1919 922 1974; x_wconf 89' lang='lat' dir='ltr'><strong>et</strong></span> <span class='ocrx_word' id='word_1_64' title='bbox 943 1912 1034 1976; x_wconf 84' lang='lat' dir='ltr'><strong>uobis</strong></span> <span class='ocrx_word' id='word_1_65' title='bbox 1055 1914 1160 1978; x_wconf 88' lang='lat' dir='ltr'><strong>multo</strong></span> <span class='ocrx_word' id='word_1_66' title='bbox 1184 1932 1265 1997; x_wconf 90' lang='lat' dir='ltr'><strong>pru·</strong></span> 
     </span>
     <span class='ocr_line' id='line_1_11' title="bbox 166 2011 1261 2090; baseline 0.004 -15"><span class='ocrx_word' id='word_1_67' title='bbox 166 2013 308 2076; x_wconf 81' lang='lat' dir='ltr'><strong>dectiores</strong></span> <span class='ocrx_word' id='word_1_68' title='bbox 322 2019 355 2075; x_wconf 85' lang='lat' dir='ltr'><strong>et</strong></span> <span class='ocrx_word' id='word_1_69' title='bbox 370 2011 593 2090; x_wconf 75' lang='lat' dir='ltr'><strong>sapientiores:</strong></span> <span class='ocrx_word' id='word_1_70' title='bbox 616 2011 660 2074; x_wconf 90' lang='lat' dir='ltr'><strong>iia</strong></span> <span class='ocrx_word' id='word_1_71' title='bbox 677 2017 787 2074; x_wconf 88' lang='lat' dir='ltr'><strong>antam</strong></span> <span class='ocrx_word' id='word_1_72' title='bbox 809 2014 907 2076; x_wconf 89' lang='lat' dir='ltr'><strong>etiam</strong></span> <span class='ocrx_word' id='word_1_73' title='bbox 923 2013 1085 2076; x_wconf 83' lang='lat' dir='ltr'><strong>relate-ad</strong></span> <span class='ocrx_word' id='word_1_74' title='bbox 1102 2017 1261 2085; x_wconf 84' lang='lat' dir='ltr'><strong>ratiounia</strong></span> 
     </span>
     <span class='ocr_line' id='line_1_12' title="bbox 166 2101 1261 2194; baseline 0.005 -20"><span class='ocrx_word' id='word_1_75' title='bbox 166 2113 296 2191; x_wconf 82' lang='lat' dir='ltr'><strong>pastoris,</strong></span> <span class='ocrx_word' id='word_1_76' title='bbox 317 2111 412 2192; x_wconf 80' lang='lat' dir='ltr'><strong>quasi</strong></span> <span class='ocrx_word' id='word_1_77' title='bbox 433 2103 511 2172; x_wconf 82' lang='lat' dir='ltr'><strong>oves</strong></span> <span class='ocrx_word' id='word_1_78' title='bbox 530 2127 644 2174; x_wconf 89' lang='lat' dir='ltr'><strong>sumus</strong></span> <span class='ocrx_word' id='word_1_79' title='bbox 665 2111 777 2191; x_wconf 80' lang='lat' dir='ltr'><strong>iilius3</strong></span> <span class='ocrx_word' id='word_1_80' title='bbox 800 2101 973 2193; x_wconf 87' lang='lat' dir='ltr'><strong>propterea</strong></span> <span class='ocrx_word' id='word_1_81' title='bbox 994 2114 1082 2194; x_wconf 80' lang='lat' dir='ltr'><strong>qaod</strong></span> <span class='ocrx_word' id='word_1_82' title='bbox 1104 2116 1136 2176; x_wconf 90' lang='lat' dir='ltr'><strong>in</strong></span> <span class='ocrx_word' id='word_1_83' title='bbox 1158 2116 1261 2185; x_wconf 85' lang='lat' dir='ltr'><strong>tremi·</strong></span> 
     </span>
     <span class='ocr_line' id='line_1_13' title="bbox 164 2212 1260 2299; baseline 0.005 -23"><span class='ocrx_word' id='word_1_84' title='bbox 164 2215 244 2278; x_wconf 80' lang='lat' dir='ltr'><strong>nidus</strong></span> <span class='ocrx_word' id='word_1_85' title='bbox 262 2215 357 2278; x_wconf 85' lang='lat' dir='ltr'><strong>eiiam</strong></span> <span class='ocrx_word' id='word_1_86' title='bbox 379 2212 620 2293; x_wconf 90' lang='lat' dir='ltr'><strong>periectissimis</strong></span> <span class='ocrx_word' id='word_1_87' title='bbox 642 2214 725 2276; x_wconf 88' lang='lat' dir='ltr'><strong>ratio</strong></span> <span class='ocrx_word' id='word_1_88' title='bbox 757 2218 1017 2295; x_wconf 68' lang='lat' dir='ltr'><strong>comparatam,</strong></span> <span class='ocrx_word' id='word_1_89' title='bbox 1039 2218 1095 2297; x_wconf 84' lang='lat' dir='ltr'><strong>qui</strong></span> <span class='ocrx_word' id='word_1_90' title='bbox 1121 2227 1170 2281; x_wconf 90' lang='lat' dir='ltr'><strong>est</strong></span> <span class='ocrx_word' id='word_1_91' title='bbox 1189 2216 1260 2299; x_wconf 81' lang='lat' dir='ltr'><strong>ipse</strong></span> 
     </span>
     <span class='ocr_line' id='line_1_14' title="bbox 164 2315 1261 2402; baseline 0.005 -24"><span class='ocrx_word' id='word_1_92' title='bbox 164 2317 249 2395; x_wconf 82' lang='lat' dir='ltr'><strong>ratio,</strong></span> <span class='ocrx_word' id='word_1_93' title='bbox 264 2316 357 2380; x_wconf 82' lang='lat' dir='ltr'><strong>vaide</strong></span> <span class='ocrx_word' id='word_1_94' title='bbox 377 2316 538 2395; x_wconf 75' lang='lat' dir='ltr'><strong>discrepet</strong></span> <span class='ocrx_word' id='word_1_95' title='bbox 556 2315 598 2378; x_wconf 82' lang='lat' dir='ltr'><strong>ab</strong></span> <span class='ocrx_word' id='word_1_96' title='bbox 617 2318 689 2395; x_wconf 81' lang='lat' dir='ltr'><strong>isis3</strong></span> <span class='ocrx_word' id='word_1_97' title='bbox 703 2335 762 2380; x_wconf 89' lang='lat' dir='ltr'><strong>seu</strong></span> <span class='ocrx_word' id='word_1_98' title='bbox 784 2327 943 2397; x_wconf 84' lang='lat' dir='ltr'><strong>qnantum</strong></span> <span class='ocrx_word' id='word_1_99' title='bbox 960 2317 1057 2381; x_wconf 81' lang='lat' dir='ltr'><strong>habet</strong></span> <span class='ocrx_word' id='word_1_100' title='bbox 1076 2318 1261 2402; x_wconf 84' lang='lat' dir='ltr'><strong>discrepan-</strong></span> 
     </span>
     <span class='ocr_line' id='line_1_15' title="bbox 164 2418 1242 2499; baseline 0 -18"><span class='ocrx_word' id='word_1_101' title='bbox 164 2419 228 2482; x_wconf 87' lang='lat' dir='ltr'><strong>tiam</strong></span> <span class='ocrx_word' id='word_1_102' title='bbox 246 2421 350 2482; x_wconf 87' lang='lat' dir='ltr'><strong>anima</strong></span> <span class='ocrx_word' id='word_1_103' title='bbox 371 2418 480 2481; x_wconf 85' lang='lat' dir='ltr'><strong>asinae</strong></span> <span class='ocrx_word' id='word_1_104' title='bbox 501 2425 533 2480; x_wconf 93' lang='lat' dir='ltr'><strong>et</strong></span> <span class='ocrx_word' id='word_1_105' title='bbox 552 2418 653 2499; x_wconf 89' lang='lat' dir='ltr'><strong>puiii,</strong></span> <span class='ocrx_word' id='word_1_106' title='bbox 676 2419 823 2483; x_wconf 81' lang='lat' dir='ltr'><strong>autoris</strong></span> <span class='ocrx_word' id='word_1_107' title='bbox 846 2419 948 2482; x_wconf 88' lang='lat' dir='ltr'><strong>relate</strong></span> <span class='ocrx_word' id='word_1_108' title='bbox 967 2419 1008 2481; x_wconf 88' lang='lat' dir='ltr'><strong>ad</strong></span> <span class='ocrx_word' id='word_1_109' title='bbox 1030 2421 1242 2485; x_wconf 59' lang='lat' dir='ltr'><strong>imminemus</strong></span> 
     </span>
    </p>

    <p class='ocr_par' dir='ltr' id='par_1_6' title="bbox 159 2517 1265 4622">
     <span class='ocr_line' id='line_1_16' title="bbox 230 2517 1260 2601; baseline 0.006 -19"><span class='ocrx_word' id='word_1_110' title='bbox 230 2517 321 2584; x_wconf 84' lang='lat' dir='ltr'><strong>Nunc</strong></span> <span class='ocrx_word' id='word_1_111' title='bbox 340 2519 468 2582; x_wconf 88' lang='lat' dir='ltr'><strong>cernito</strong></span> <span class='ocrx_word' id='word_1_112' title='bbox 488 2519 561 2599; x_wconf 88' lang='lat' dir='ltr'><strong>quis</strong></span> <span class='ocrx_word' id='word_1_113' title='bbox 588 2520 656 2582; x_wconf 84' lang='lat' dir='ltr'><strong>sire</strong></span> <span class='ocrx_word' id='word_1_114' title='bbox 677 2522 709 2583; x_wconf 89' lang='lat' dir='ltr'><strong>iu</strong></span> <span class='ocrx_word' id='word_1_115' title='bbox 730 2519 866 2594; x_wconf 89' lang='lat' dir='ltr'><strong>ordine,</strong></span> <span class='ocrx_word' id='word_1_116' title='bbox 887 2526 946 2583; x_wconf 89' lang='lat' dir='ltr'><strong>aut</strong></span> <span class='ocrx_word' id='word_1_117' title='bbox 974 2520 1007 2580; x_wconf 91' lang='lat' dir='ltr'><strong>in</strong></span> <span class='ocrx_word' id='word_1_118' title='bbox 1027 2523 1260 2601; x_wconf 78' lang='lat' dir='ltr'><strong>perspicuitate</strong></span> 
     </span>
     <span class='ocr_line' id='line_1_17' title="bbox 161 2618 1264 2702; baseline 0.007 -18"><span class='ocrx_word' id='word_1_119' title='bbox 161 2620 319 2686; x_wconf 88' lang='lat' dir='ltr'><strong>locationis</strong></span> <span class='ocrx_word' id='word_1_120' title='bbox 340 2621 492 2702; x_wconf 72' lang='lat' dir='ltr'><strong>origenis</strong></span> <span class='ocrx_word' id='word_1_121' title='bbox 514 2627 651 2686; x_wconf 87' lang='lat' dir='ltr'><strong>urentem</strong></span> <span class='ocrx_word' id='word_1_122' title='bbox 673 2621 825 2701; x_wconf 69' lang='lat' dir='ltr'><strong>attigerit.</strong></span> <span class='ocrx_word' id='word_1_123' title='bbox 843 2618 919 2685; x_wconf 83' lang='lat' dir='ltr'><strong>lino</strong></span> <span class='ocrx_word' id='word_1_124' title='bbox 939 2619 1023 2683; x_wconf 91' lang='lat' dir='ltr'><strong>euim</strong></span> <span class='ocrx_word' id='word_1_125' title='bbox 1036 2622 1077 2685; x_wconf 84' lang='lat' dir='ltr'><strong>ab</strong></span> <span class='ocrx_word' id='word_1_126' title='bbox 1099 2624 1168 2702; x_wconf 88' lang='lat' dir='ltr'><strong>ipso</strong></span> <span class='ocrx_word' id='word_1_127' title='bbox 1186 2643 1264 2692; x_wconf 83' lang='lat' dir='ltr'><strong>con·</strong></span> 
     </span>
     <span class='ocr_line' id='line_1_18' title="bbox 160 2720 1261 2806; baseline 0.004 -22"><span class='ocrx_word' id='word_1_128' title='bbox 160 2721 344 2797; x_wconf 84' lang='lat' dir='ltr'><strong>siderentur,</strong></span> <span class='ocrx_word' id='word_1_129' title='bbox 358 2729 392 2786; x_wconf 84' lang='lat' dir='ltr'><strong>et</strong></span> <span class='ocrx_word' id='word_1_130' title='bbox 414 2720 500 2786; x_wconf 86' lang='lat' dir='ltr'><strong>Dens</strong></span> <span class='ocrx_word' id='word_1_131' title='bbox 514 2730 547 2784; x_wconf 90' lang='lat' dir='ltr'><strong>et</strong></span> <span class='ocrx_word' id='word_1_132' title='bbox 561 2720 708 2786; x_wconf 84' lang='lat' dir='ltr'><strong>Christus</strong></span> <span class='ocrx_word' id='word_1_133' title='bbox 724 2723 796 2804; x_wconf 84' lang='lat' dir='ltr'><strong>ejus</strong></span> <span class='ocrx_word' id='word_1_134' title='bbox 811 2723 842 2784; x_wconf 93' lang='lat' dir='ltr'><strong>in</strong></span> <span class='ocrx_word' id='word_1_135' title='bbox 858 2723 998 2785; x_wconf 81' lang='lat' dir='ltr'><strong>humana</strong></span> <span class='ocrx_word' id='word_1_136' title='bbox 1012 2723 1261 2806; x_wconf 79' lang='lat' dir='ltr'><strong>dispensatione3</strong></span> 
     </span>
     <span class='ocr_line' id='line_1_19' title="bbox 161 2822 1262 2903; baseline 0.006 -19"><span class='ocrx_word' id='word_1_137' title='bbox 161 2825 326 2886; x_wconf 85' lang='lat' dir='ltr'><strong>etruriam</strong></span> <span class='ocrx_word' id='word_1_138' title='bbox 348 2823 424 2885; x_wconf 84' lang='lat' dir='ltr'><strong>irinc</strong></span> <span class='ocrx_word' id='word_1_139' title='bbox 446 2822 602 2886; x_wconf 86' lang='lat' dir='ltr'><strong>rationem</strong></span> <span class='ocrx_word' id='word_1_140' title='bbox 624 2824 714 2902; x_wconf 86' lang='lat' dir='ltr'><strong>ponit</strong></span> <span class='ocrx_word' id='word_1_141' title='bbox 735 2822 862 2886; x_wconf 77' lang='lat' dir='ltr'><strong>ductor</strong></span> <span class='ocrx_word' id='word_1_142' title='bbox 876 2823 972 2903; x_wconf 80' lang='lat' dir='ltr'><strong>juxte</strong></span> <span class='ocrx_word' id='word_1_143' title='bbox 996 2833 1138 2888; x_wconf 84' lang='lat' dir='ltr'><strong>veterem</strong></span> <span class='ocrx_word' id='word_1_144' title='bbox 1159 2825 1262 2891; x_wconf 88' lang='lat' dir='ltr'><strong>iuter·</strong></span> 
     </span>
     <span class='ocr_line' id='line_1_20' title="bbox 160 2923 1262 3006; baseline 0.007 -22"><span class='ocrx_word' id='word_1_145' title='bbox 160 2925 362 3002; x_wconf 77' lang='lat' dir='ltr'><strong>prensionem</strong></span> <span class='ocrx_word' id='word_1_146' title='bbox 384 2923 488 2986; x_wconf 89' lang='lat' dir='ltr'><strong>relate</strong></span> <span class='ocrx_word' id='word_1_147' title='bbox 509 2923 547 2985; x_wconf 93' lang='lat' dir='ltr'><strong>ad</strong></span> <span class='ocrx_word' id='word_1_148' title='bbox 569 2923 828 2999; x_wconf 88' lang='lat' dir='ltr'><strong>simiiitndinem‚</strong></span> <span class='ocrx_word' id='word_1_149' title='bbox 848 2943 947 3005; x_wconf 87' lang='lat' dir='ltr'><strong>quem</strong></span> <span class='ocrx_word' id='word_1_150' title='bbox 967 2942 1026 2988; x_wconf 89' lang='lat' dir='ltr'><strong>uos</strong></span> <span class='ocrx_word' id='word_1_151' title='bbox 1048 2927 1191 3006; x_wconf 77' lang='lat' dir='ltr'><strong>perimus</strong></span> <span class='ocrx_word' id='word_1_152' title='bbox 1207 2947 1262 2992; x_wconf 85' lang='lat' dir='ltr'><strong>oo·</strong></span> 
     </span>
     <span class='ocr_line' id='line_1_21' title="bbox 162 3023 1261 3108; baseline 0.005 -24"><span class='ocrx_word' id='word_1_153' title='bbox 162 3041 223 3085; x_wconf 84' lang='lat' dir='ltr'><strong>ram</strong></span> <span class='ocrx_word' id='word_1_154' title='bbox 251 3023 339 3098; x_wconf 84' lang='lat' dir='ltr'><strong>Deo,</strong></span> <span class='ocrx_word' id='word_1_155' title='bbox 361 3023 533 3103; x_wconf 81' lang='lat' dir='ltr'><strong>eidemque</strong></span> <span class='ocrx_word' id='word_1_156' title='bbox 562 3025 787 3103; x_wconf 62' lang='lat' dir='ltr'><strong>aequiparem</strong></span> <span class='ocrx_word' id='word_1_157' title='bbox 809 3025 853 3086; x_wconf 86' lang='lat' dir='ltr'><strong>ita</strong></span> <span class='ocrx_word' id='word_1_158' title='bbox 876 3032 913 3087; x_wconf 86' lang='lat' dir='ltr'><strong>ui</strong></span> <span class='ocrx_word' id='word_1_159' title='bbox 942 3033 1093 3104; x_wconf 65' lang='lat' dir='ltr'><strong>unquam</strong></span> <span class='ocrx_word' id='word_1_160' title='bbox 1112 3025 1261 3108; x_wconf 84' lang='lat' dir='ltr'><strong>jumenta</strong></span> 
     </span>
     <span class='ocr_line' id='line_1_22' title="bbox 161 3123 1263 3205; baseline 0.005 -20"><span class='ocrx_word' id='word_1_161' title='bbox 161 3133 355 3205; x_wconf 83' lang='lat' dir='ltr'><strong>reputemur:</strong></span> <span class='ocrx_word' id='word_1_162' title='bbox 378 3133 416 3186; x_wconf 82' lang='lat' dir='ltr'><strong>ret</strong></span> <span class='ocrx_word' id='word_1_163' title='bbox 428 3123 607 3204; x_wconf 78' lang='lat' dir='ltr'><strong>jumentum</strong></span> <span class='ocrx_word' id='word_1_164' title='bbox 626 3126 733 3205; x_wconf 79' lang='lat' dir='ltr'><strong>secter</strong></span> <span class='ocrx_word' id='word_1_165' title='bbox 752 3143 821 3186; x_wconf 80' lang='lat' dir='ltr'><strong>rum</strong></span> <span class='ocrx_word' id='word_1_166' title='bbox 841 3126 930 3205; x_wconf 82' lang='lat' dir='ltr'><strong>apud</strong></span> <span class='ocrx_word' id='word_1_167' title='bbox 949 3135 987 3189; x_wconf 82' lang='lat' dir='ltr'><strong>te.</strong></span> <span class='ocrx_word' id='word_1_168' title='bbox 1012 3125 1054 3190; x_wconf 83' lang='lat' dir='ltr'><strong>iit</strong></span> <span class='ocrx_word' id='word_1_169' title='bbox 1073 3145 1136 3190; x_wconf 92' lang='lat' dir='ltr'><strong>nou</strong></span> <span class='ocrx_word' id='word_1_170' title='bbox 1154 3128 1263 3191; x_wconf 89' lang='lat' dir='ltr'><strong>scium</strong></span> 
     </span>
     <span class='ocr_line' id='line_1_23' title="bbox 159 3223 1263 3307; baseline 0.003 -19"><span class='ocrx_word' id='word_1_171' title='bbox 159 3225 258 3304; x_wconf 83' lang='lat' dir='ltr'><strong>quoad</strong></span> <span class='ocrx_word' id='word_1_172' title='bbox 280 3223 385 3290; x_wconf 83' lang='lat' dir='ltr'><strong>Deum</strong></span> <span class='ocrx_word' id='word_1_173' title='bbox 408 3225 470 3288; x_wconf 87' lang='lat' dir='ltr'><strong>hoc</strong></span> <span class='ocrx_word' id='word_1_174' title='bbox 492 3233 598 3289; x_wconf 86' lang='lat' dir='ltr'><strong>ratum</strong></span> <span class='ocrx_word' id='word_1_175' title='bbox 621 3225 732 3288; x_wconf 83' lang='lat' dir='ltr'><strong>haberi</strong></span> <span class='ocrx_word' id='word_1_176' title='bbox 745 3224 835 3296; x_wconf 88' lang='lat' dir='ltr'><strong>dicit,</strong></span> <span class='ocrx_word' id='word_1_177' title='bbox 856 3225 1025 3288; x_wconf 89' lang='lat' dir='ltr'><strong>sedetiam</strong></span> <span class='ocrx_word' id='word_1_178' title='bbox 1045 3227 1152 3307; x_wconf 89' lang='lat' dir='ltr'><strong>quoad</strong></span> <span class='ocrx_word' id='word_1_179' title='bbox 1167 3225 1263 3291; x_wconf 86' lang='lat' dir='ltr'><strong>Cirri-</strong></span> 
     </span>
     <span class='ocr_line' id='line_1_24' title="bbox 159 3326 1263 3409; baseline 0.002 -22"><span class='ocrx_word' id='word_1_180' title='bbox 159 3335 237 3390; x_wconf 89' lang='lat' dir='ltr'><strong>rtum</strong></span> <span class='ocrx_word' id='word_1_181' title='bbox 260 3327 347 3409; x_wconf 79' lang='lat' dir='ltr'><strong>ejns3</strong></span> <span class='ocrx_word' id='word_1_182' title='bbox 370 3326 468 3407; x_wconf 85' lang='lat' dir='ltr'><strong>cnjus</strong></span> <span class='ocrx_word' id='word_1_183' title='bbox 487 3327 636 3400; x_wconf 86' lang='lat' dir='ltr'><strong>essentia,</strong></span> <span class='ocrx_word' id='word_1_184' title='bbox 657 3327 826 3406; x_wconf 84' lang='lat' dir='ltr'><strong>sapientia,</strong></span> <span class='ocrx_word' id='word_1_185' title='bbox 847 3335 1024 3407; x_wconf 81' lang='lat' dir='ltr'><strong>ceteraque</strong></span> <span class='ocrx_word' id='word_1_186' title='bbox 1042 3327 1149 3390; x_wconf 81' lang='lat' dir='ltr'><strong>diviua</strong></span> <span class='ocrx_word' id='word_1_187' title='bbox 1171 3328 1263 3391; x_wconf 91' lang='lat' dir='ltr'><strong>attri-</strong></span> 
     </span>
     <span class='ocr_line' id='line_1_25' title="bbox 160 3424 1262 3508; baseline 0.005 -22"><span class='ocrx_word' id='word_1_188' title='bbox 160 3426 230 3490; x_wconf 81' lang='lat' dir='ltr'><strong>buta</strong></span> <span class='ocrx_word' id='word_1_189' title='bbox 250 3427 533 3507; x_wconf 86' lang='lat' dir='ltr'><strong>praestantissima,</strong></span> <span class='ocrx_word' id='word_1_190' title='bbox 555 3434 684 3490; x_wconf 87' lang='lat' dir='ltr'><strong>nostrae</strong></span> <span class='ocrx_word' id='word_1_191' title='bbox 705 3424 882 3490; x_wconf 85' lang='lat' dir='ltr'><strong>infirmitati</strong></span> <span class='ocrx_word' id='word_1_192' title='bbox 903 3437 936 3490; x_wconf 90' lang='lat' dir='ltr'><strong>et</strong></span> <span class='ocrx_word' id='word_1_193' title='bbox 957 3428 1111 3506; x_wconf 74' lang='lat' dir='ltr'><strong>paucitati</strong></span> <span class='ocrx_word' id='word_1_194' title='bbox 1132 3445 1262 3508; x_wconf 83' lang='lat' dir='ltr'><strong>compe·</strong></span> 
     </span>
     <span class='ocr_line' id='line_1_26' title="bbox 159 3527 1260 3608; baseline 0.004 -20"><span class='ocrx_word' id='word_1_195' title='bbox 159 3537 249 3602; x_wconf 85' lang='lat' dir='ltr'><strong>rate,</strong></span> <span class='ocrx_word' id='word_1_196' title='bbox 276 3535 397 3590; x_wconf 87' lang='lat' dir='ltr'><strong>tantam</strong></span> <span class='ocrx_word' id='word_1_197' title='bbox 419 3527 619 3591; x_wconf 88' lang='lat' dir='ltr'><strong>constituunt</strong></span> <span class='ocrx_word' id='word_1_198' title='bbox 648 3528 733 3590; x_wconf 88' lang='lat' dir='ltr'><strong>inter</strong></span> <span class='ocrx_word' id='word_1_199' title='bbox 752 3545 828 3590; x_wconf 90' lang='lat' dir='ltr'><strong>eum</strong></span> <span class='ocrx_word' id='word_1_200' title='bbox 849 3535 883 3590; x_wconf 90' lang='lat' dir='ltr'><strong>et</strong></span> <span class='ocrx_word' id='word_1_201' title='bbox 901 3545 960 3590; x_wconf 89' lang='lat' dir='ltr'><strong>noa</strong></span> <span class='ocrx_word' id='word_1_202' title='bbox 988 3528 1260 3608; x_wconf 86' lang='lat' dir='ltr'><strong>discrepantiam,</strong></span> 
     </span>
     <span class='ocr_line' id='line_1_27' title="bbox 159 3627 1263 3709; baseline 0.003 -18"><span class='ocrx_word' id='word_1_203' title='bbox 159 3637 271 3707; x_wconf 80' lang='lat' dir='ltr'><strong>quauta</strong></span> <span class='ocrx_word' id='word_1_204' title='bbox 287 3629 454 3709; x_wconf 88' lang='lat' dir='ltr'><strong>reperitur</strong></span> <span class='ocrx_word' id='word_1_205' title='bbox 468 3628 551 3690; x_wconf 86' lang='lat' dir='ltr'><strong>inter</strong></span> <span class='ocrx_word' id='word_1_206' title='bbox 569 3628 727 3708; x_wconf 82' lang='lat' dir='ltr'><strong>nosipsos</strong></span> <span class='ocrx_word' id='word_1_207' title='bbox 748 3634 781 3690; x_wconf 86' lang='lat' dir='ltr'><strong>ei</strong></span> <span class='ocrx_word' id='word_1_208' title='bbox 802 3627 865 3690; x_wconf 85' lang='lat' dir='ltr'><strong>rite</strong></span> <span class='ocrx_word' id='word_1_209' title='bbox 888 3628 1084 3708; x_wconf 82' lang='lat' dir='ltr'><strong>jumentum.</strong></span> <span class='ocrx_word' id='word_1_210' title='bbox 1101 3627 1197 3703; x_wconf 85' lang='lat' dir='ltr'><strong>Quod</strong></span> <span class='ocrx_word' id='word_1_211' title='bbox 1210 3647 1263 3694; x_wconf 88' lang='lat' dir='ltr'><strong>sa·</strong></span> 
     </span>
     <span class='ocr_line' id='line_1_28' title="bbox 160 3727 1262 3810; baseline 0.002 -20"><span class='ocrx_word' id='word_1_212' title='bbox 160 3747 194 3792; x_wconf 88' lang='lat' dir='ltr'><strong>ne</strong></span> <span class='ocrx_word' id='word_1_213' title='bbox 211 3731 415 3810; x_wconf 86' lang='lat' dir='ltr'><strong>potissimum</strong></span> <span class='ocrx_word' id='word_1_214' title='bbox 443 3728 626 3792; x_wconf 81' lang='lat' dir='ltr'><strong>intendebat</strong></span> <span class='ocrx_word' id='word_1_215' title='bbox 646 3729 794 3809; x_wconf 72' lang='lat' dir='ltr'><strong>origenis</strong></span> <span class='ocrx_word' id='word_1_216' title='bbox 822 3746 954 3803; x_wconf 87' lang='lat' dir='ltr'><strong>sermo,</strong></span> <span class='ocrx_word' id='word_1_217' title='bbox 976 3730 1033 3809; x_wconf 86' lang='lat' dir='ltr'><strong>qni</strong></span> <span class='ocrx_word' id='word_1_218' title='bbox 1055 3727 1173 3792; x_wconf 78' lang='lat' dir='ltr'><strong>Christi</strong></span> <span class='ocrx_word' id='word_1_219' title='bbox 1202 3729 1262 3794; x_wconf 82' lang='lat' dir='ltr'><strong>Dei</strong></span> 
     </span>
     <span class='ocr_line' id='line_1_29' title="bbox 161 3831 1261 3912; baseline 0.005 -21"><span class='ocrx_word' id='word_1_220' title='bbox 161 3831 379 3895; x_wconf 81' lang='lat' dir='ltr'><strong>excellentiam</strong></span> <span class='ocrx_word' id='word_1_221' title='bbox 401 3847 501 3910; x_wconf 89' lang='lat' dir='ltr'><strong>snper</strong></span> <span class='ocrx_word' id='word_1_222' title='bbox 520 3831 626 3894; x_wconf 90' lang='lat' dir='ltr'><strong>omnia</strong></span> <span class='ocrx_word' id='word_1_223' title='bbox 647 3839 770 3907; x_wconf 84' lang='lat' dir='ltr'><strong>creata,</strong></span> <span class='ocrx_word' id='word_1_224' title='bbox 783 3840 817 3895; x_wconf 92' lang='lat' dir='ltr'><strong>ct</strong></span> <span class='ocrx_word' id='word_1_225' title='bbox 835 3833 951 3912; x_wconf 78' lang='lat' dir='ltr'><strong>quaeis</strong></span> <span class='ocrx_word' id='word_1_226' title='bbox 973 3831 1112 3905; x_wconf 87' lang='lat' dir='ltr'><strong>ratione,</strong></span> <span class='ocrx_word' id='word_1_227' title='bbox 1126 3833 1261 3908; x_wconf 82' lang='lat' dir='ltr'><strong>extulit,</strong></span> 
     </span>
     <span class='ocr_line' id='line_1_30' title="bbox 161 3929 1261 4012; baseline 0.005 -22"><span class='ocrx_word' id='word_1_228' title='bbox 161 3931 196 3992; x_wconf 88' lang='lat' dir='ltr'><strong>ita</strong></span> <span class='ocrx_word' id='word_1_229' title='bbox 222 3939 259 3995; x_wconf 91' lang='lat' dir='ltr'><strong>ut</strong></span> <span class='ocrx_word' id='word_1_230' title='bbox 280 3948 375 3994; x_wconf 94' lang='lat' dir='ltr'><strong>nemo</strong></span> <span class='ocrx_word' id='word_1_231' title='bbox 400 3932 569 4010; x_wconf 72' lang='lat' dir='ltr'><strong>cogitaret,</strong></span> <span class='ocrx_word' id='word_1_232' title='bbox 584 3933 672 4012; x_wconf 90' lang='lat' dir='ltr'><strong>quod</strong></span> <span class='ocrx_word' id='word_1_233' title='bbox 687 3933 831 3998; x_wconf 85' lang='lat' dir='ltr'><strong>divinum</strong></span> <span class='ocrx_word' id='word_1_234' title='bbox 860 3929 1116 4006; x_wconf 67' lang='lat' dir='ltr'><strong>inritamento</strong></span> <span class='ocrx_word' id='word_1_235' title='bbox 1140 3932 1261 3997; x_wconf 88' lang='lat' dir='ltr'><strong>iactum</strong></span> 
     </span>
     <span class='ocr_line' id='line_1_31' title="bbox 161 4032 1263 4113; baseline 0.002 -19"><span class='ocrx_word' id='word_1_236' title='bbox 161 4033 331 4113; x_wconf 76' lang='lat' dir='ltr'><strong>quidquam</strong></span> <span class='ocrx_word' id='word_1_237' title='bbox 353 4032 393 4095; x_wconf 91' lang='lat' dir='ltr'><strong>de</strong></span> <span class='ocrx_word' id='word_1_238' title='bbox 414 4032 520 4096; x_wconf 75' lang='lat' dir='ltr'><strong>Patris</strong></span> <span class='ocrx_word' id='word_1_239' title='bbox 539 4033 717 4096; x_wconf 87' lang='lat' dir='ltr'><strong>substantia</strong></span> <span class='ocrx_word' id='word_1_240' title='bbox 740 4041 799 4096; x_wconf 88' lang='lat' dir='ltr'><strong>aut</strong></span> <span class='ocrx_word' id='word_1_241' title='bbox 818 4033 972 4112; x_wconf 84' lang='lat' dir='ltr'><strong>sapientie</strong></span> <span class='ocrx_word' id='word_1_242' title='bbox 995 4041 1055 4095; x_wconf 89' lang='lat' dir='ltr'><strong>ete.</strong></span> <span class='ocrx_word' id='word_1_243' title='bbox 1079 4034 1185 4096; x_wconf 89' lang='lat' dir='ltr'><strong>miuus</strong></span> <span class='ocrx_word' id='word_1_244' title='bbox 1205 4034 1263 4096; x_wconf 82' lang='lat' dir='ltr'><strong>isa·</strong></span> 
     </span>
     <span class='ocr_line' id='line_1_32' title="bbox 160 4133 1261 4215; baseline 0.001 -20"><span class='ocrx_word' id='word_1_245' title='bbox 160 4133 227 4197; x_wconf 82' lang='lat' dir='ltr'><strong>bere</strong></span> <span class='ocrx_word' id='word_1_246' title='bbox 247 4135 427 4197; x_wconf 86' lang='lat' dir='ltr'><strong>rideretur.</strong></span> <span class='ocrx_word' id='word_1_247' title='bbox 459 4133 523 4199; x_wconf 88' lang='lat' dir='ltr'><strong>Seu</strong></span> <span class='ocrx_word' id='word_1_248' title='bbox 545 4136 657 4215; x_wconf 86' lang='lat' dir='ltr'><strong>nequis</strong></span> <span class='ocrx_word' id='word_1_249' title='bbox 688 4142 819 4214; x_wconf 88' lang='lat' dir='ltr'><strong>putaret</strong></span> <span class='ocrx_word' id='word_1_250' title='bbox 839 4133 944 4213; x_wconf 85' lang='lat' dir='ltr'><strong>ipsum</strong></span> <span class='ocrx_word' id='word_1_251' title='bbox 965 4133 998 4194; x_wconf 87' lang='lat' dir='ltr'><strong>iu</strong></span> <span class='ocrx_word' id='word_1_252' title='bbox 1025 4133 1185 4210; x_wconf 74' lang='lat' dir='ltr'><strong>numanae</strong></span> <span class='ocrx_word' id='word_1_253' title='bbox 1205 4151 1261 4196; x_wconf 86' lang='lat' dir='ltr'><strong>ne·</strong></span> 
     </span>
     <span class='ocr_line' id='line_1_33' title="bbox 162 4233 1260 4316; baseline 0.002 -20"><span class='ocrx_word' id='word_1_254' title='bbox 162 4245 245 4299; x_wconf 86' lang='lat' dir='ltr'><strong>turae</strong></span> <span class='ocrx_word' id='word_1_255' title='bbox 264 4236 516 4316; x_wconf 79' lang='lat' dir='ltr'><strong>assumptionem</strong></span> <span class='ocrx_word' id='word_1_256' title='bbox 537 4234 659 4315; x_wconf 80' lang='lat' dir='ltr'><strong>aliquid</strong></span> <span class='ocrx_word' id='word_1_257' title='bbox 674 4236 816 4299; x_wconf 86' lang='lat' dir='ltr'><strong>amisisse</strong></span> <span class='ocrx_word' id='word_1_258' title='bbox 835 4233 1022 4306; x_wconf 81' lang='lat' dir='ltr'><strong>divinitatis,</strong></span> <span class='ocrx_word' id='word_1_259' title='bbox 1038 4243 1071 4300; x_wconf 89' lang='lat' dir='ltr'><strong>ei</strong></span> <span class='ocrx_word' id='word_1_260' title='bbox 1083 4233 1126 4296; x_wconf 87' lang='lat' dir='ltr'><strong>ob</strong></span> <span class='ocrx_word' id='word_1_261' title='bbox 1145 4235 1260 4298; x_wconf 79' lang='lat' dir='ltr'><strong>numa·</strong></span> 
     </span>
     <span class='ocr_line' id='line_1_34' title="bbox 161 4333 1265 4416; baseline 0.005 -22"><span class='ocrx_word' id='word_1_262' title='bbox 161 4335 260 4400; x_wconf 87' lang='lat' dir='ltr'><strong>uitatis</strong></span> <span class='ocrx_word' id='word_1_263' title='bbox 281 4337 496 4399; x_wconf 87' lang='lat' dir='ltr'><strong>conditionem</strong></span> <span class='ocrx_word' id='word_1_264' title='bbox 516 4336 594 4416; x_wconf 89' lang='lat' dir='ltr'><strong>qnid</strong></span> <span class='ocrx_word' id='word_1_265' title='bbox 617 4337 649 4399; x_wconf 89' lang='lat' dir='ltr'><strong>iu</strong></span> <span class='ocrx_word' id='word_1_266' title='bbox 669 4355 703 4400; x_wconf 92' lang='lat' dir='ltr'><strong>se</strong></span> <span class='ocrx_word' id='word_1_267' title='bbox 723 4336 930 4400; x_wconf 86' lang='lat' dir='ltr'><strong>accersiriaee</strong></span> <span class='ocrx_word' id='word_1_268' title='bbox 949 4336 990 4398; x_wconf 90' lang='lat' dir='ltr'><strong>de</strong></span> <span class='ocrx_word' id='word_1_269' title='bbox 1009 4334 1155 4416; x_wconf 71' lang='lat' dir='ltr'><strong>eiusdem</strong></span> <span class='ocrx_word' id='word_1_270' title='bbox 1177 4333 1265 4400; x_wconf 88' lang='lat' dir='ltr'><strong>deie-</strong></span> 
     </span>
     <span class='ocr_line' id='line_1_35' title="bbox 162 4434 1263 4516; baseline 0.004 -20"><span class='ocrx_word' id='word_1_271' title='bbox 162 4437 271 4500; x_wconf 86' lang='lat' dir='ltr'><strong>ctibus.</strong></span> <span class='ocrx_word' id='word_1_272' title='bbox 291 4435 338 4500; x_wconf 77' lang='lat' dir='ltr'><strong>tit</strong></span> <span class='ocrx_word' id='word_1_273' title='bbox 359 4437 420 4501; x_wconf 83' lang='lat' dir='ltr'><strong>hoc</strong></span> <span class='ocrx_word' id='word_1_274' title='bbox 443 4437 696 4502; x_wconf 77' lang='lat' dir='ltr'><strong>manifestissime</strong></span> <span class='ocrx_word' id='word_1_275' title='bbox 715 4437 924 4502; x_wconf 87' lang='lat' dir='ltr'><strong>indicatuma</strong></span> <span class='ocrx_word' id='word_1_276' title='bbox 946 4437 1047 4500; x_wconf 84' lang='lat' dir='ltr'><strong>reteri</strong></span> <span class='ocrx_word' id='word_1_277' title='bbox 1070 4434 1263 4516; x_wconf 86' lang='lat' dir='ltr'><strong>interprete,</strong></span> 
     </span>
     <span class='ocr_line' id='line_1_36' title="bbox 164 4537 1263 4622; baseline 0.001 -21"><span class='ocrx_word' id='word_1_278' title='bbox 164 4539 412 4622; x_wconf 72' lang='lat' dir='ltr'><strong>munerequeris</strong></span> <span class='ocrx_word' id='word_1_279' title='bbox 424 4539 457 4602; x_wconf 95' lang='lat' dir='ltr'><strong>in</strong></span> <span class='ocrx_word' id='word_1_280' title='bbox 470 4540 669 4621; x_wconf 85' lang='lat' dir='ltr'><strong>expositione</strong></span> <span class='ocrx_word' id='word_1_281' title='bbox 681 4537 936 4621; x_wconf 83' lang='lat' dir='ltr'><strong>Transcriptoria</strong></span> <span class='ocrx_word' id='word_1_282' title='bbox 953 4538 1074 4620; x_wconf 75' lang='lat' dir='ltr'><strong>praeci,</strong></span> <span class='ocrx_word' id='word_1_283' title='bbox 1087 4538 1144 4602; x_wconf 84' lang='lat' dir='ltr'><strong>ubi</strong></span> <span class='ocrx_word' id='word_1_284' title='bbox 1156 4541 1263 4610; x_wconf 84' lang='lat' dir='ltr'><strong>omniu</strong></span> 
     </span>
    </p>
   </div>
   <div class='ocr_carea' id='block_1_6' title="bbox 0 0 1692 5567">
    <p class='ocr_par' dir='ltr' id='par_1_7' title="bbox 0 0 1692 5567">
     <span class='ocr_line' id='line_1_37' title="bbox 0 0 1692 5567; baseline 0 4"><span class='ocrx_word' id='word_1_285' title='bbox 0 0 1692 5567; x_wconf 95' lang='lat' dir='ltr'><strong> </strong></span> 
     </span>
    </p>
   </div>
  </div>
 </body>
</html>
