3375 5567
444 750 543 825 csbit,
559 747 799 813 cumdisboius
813 754 846 811 et
860 746 966 826 snpeti
981 746 1051 827 ejus
1068 744 1132 825 igni
1148 741 1317 808 tradentur
1336 750 1471 822 esterno,
1487 743 1539 809 iio

447 852 533 931 mino
548 861 659 916 nostro
678 849 757 913 lesu
780 849 910 913 Christo
932 849 1062 913 sedente
1083 866 1159 928 rogo
1180 858 1212 913 et
1232 847 1354 929 judice,
1379 855 1410 911 et
1432 846 1539 911 dicente

446 956 497 1025 iis,
520 955 576 1035 qni
599 954 724 1034 priores
745 960 778 1015 ot
800 953 998 1032 posteriores
1022 954 1192 1015 vicerunt:
1214 951 1316 1014 venite
1336 949 1475 1013 benedicti
1489 948 1540 1013 Pn-

444 1053 504 1119 trs's
515 1058 593 1128 mei,·
603 1053 752 1134 percipite
767 1072 913 1134 repetem,
924 1055 1009 1135 pund
1018 1051 1103 1116 cobis
1113 1062 1265 1135 parntem
1278 1062 1356 1117 esto
1373 1051 1462 1117 Potrr
1472 1070 1541 1123 mem·

443 1155 516 1218 siiis
536 1165 645 1221 antem
667 1155 773 1218 dicet:
797 1152 838 1216 ite
860 1154 893 1217 is
915 1154 1019 1235 ipsam
1040 1163 1220 1228 oeternum,
1244 1173 1336 1234 prtem
1356 1150 1541 1234 prosperavit

445 1256 530 1319 Dens
550 1256 675 1320 diodoto
694 1266 724 1317 et
743 1255 865 1334 onpciis
884 1255 963 1337 rjus,
976 1257 1079 1319 donec
1100 1256 1186 1318 omni
1202 1258 1338 1332 enimse,
1361 1256 1473 1336 quibus
1485 1255 1542 1334 ipse

446 1361 536 1422 novit
556 1359 708 1421 remediis
729 1359 890 1434 coosniet,
913 1366 947 1422 et
966 1360 1069 1424 omnis
1094 1358 1192 1422 isreel
1214 1359 1326 1421 solvus
1347 1358 1412 1421 iret.
1434 1376 1449 1414 s

528 1458 618 1523 Heec
640 1469 802 1540 postrema
825 1460 923 1523 serbe
945 1462 1040 1523 donec
1060 1458 1150 1523 omni
1169 1457 1544 1536 animceete.nihi1pro·

449 1562 554 1641 posito
568 1571 678 1625 nostro
696 1561 854 1637 officiunt,
867 1582 942 1626 cum
959 1580 1021 1625 non
1036 1563 1076 1625 sd
1092 1563 1291 1644 proximiore
1307 1562 1361 1624 sed
1378 1561 1417 1621 ed
1430 1576 1544 1640 prsece·

445 1664 550 1751 dentis
573 1665 749 1744 pertinent:¹
769 1683 865 1744 quom
887 1666 973 1726 loces
993 1667 1176 1727 doemonem
1192 1660 1409 1727 inhabitabitis
1427 1660 1483 1724 crit
1507 1661 1544 1721 in·

445 1772 515 1827 ster
536 1765 598 1827 ioci
615 1764 700 1850 lisy,
716 1767 773 1845 qui
796 1784 961 1847 nunquam
985 1767 1194 1830 bsbitsbitur.
1218 1764 1319 1842 Qnssi
1340 1765 1470 1827 dixisset
1483 1760 1546 1823 Ori·

445 1884 541 1946 genes
564 1870 704 1930 insensu
725 1868 914 1946 snspogico,
931 1868 1097 1931 doemonis
1118 1875 1276 1948 potestate
1291 1868 1420 1947 penitus
1435 1866 1546 1928 destru-

446 1979 517 2045 cte,
543 1968 629 2032 Deus
651 1971 778 2033 enimse
808 1968 893 2033 ddoii
919 1971 1069 2033 remediis
1091 1970 1174 2051 aptis
1203 1969 1376 2042 consulet,
1399 1976 1430 2030 et
1456 1964 1545 2027 omnis

393 2061 422 2087 ‘²
446 2068 545 2133 isreel
569 2072 651 2135 idest
673 2072 814 2152 populus
835 2070 1064 2135 christiannos
1089 2070 1205 2134 timore
1223 2078 1255 2133 et
1275 2068 1424 2149 periculo
1438 2064 1546 2148 peccati

445 2181 629 2252 exemptus,
651 2173 684 2235 in
706 2171 774 2236 [ico
795 2174 865 2253 ipso
889 2173 975 2237 vivet
996 2190 1163 2253 ‘nunqnam
1185 2172 1302 2251 cnlpae
1323 2169 1490 2234 obnoxios.
1511 2162 1546 2230 itt

443 2274 529 2337 enirn
549 2291 587 2337 es
608 2275 655 2337 sic
675 2284 893 2354 exponentur,
912 2282 987 2339 tnnc
1008 2274 1180 2338 dicendum
1196 2274 1293 2349 toret,
1310 2271 1482 2352 Origenem
1500 2288 1547 2331 vo·

443 2375 598 2441 csbninm
620 2386 783 2439 oeternum
797 2378 1002 2458 evengelicse
1023 2379 1198 2440 sententies
1210 2376 1378 2458 sdjectum
1394 2393 1451 2457 pro
1469 2372 1546 2436 finito

448 2484 594 2558 tempore
615 2496 811 2558 nsurpssse3
833 2478 922 2558 quod
945 2479 1107 2543 immerito
1127 2476 1254 2553 cidem,
1278 2478 1381 2541 veluti
1409 2474 1547 2556 superins

444 2579 657 2655 ostendimus,
680 2579 934 2644 inscriberetur:
951 2596 1009 2643 seu
1032 2586 1157 2653 contre,
1174 2578 1346 2641 doemones
1360 2575 1546 2641 crucietibm

443 2680 650 2760 sempiternis
666 2682 794 2759 vexari,
811 2681 956 2745 homines
973 2699 1052 2745 roro
1065 2681 1230 2761 improbos
1244 2679 1422 2761 diiquendo
1441 2680 1480 2741 sb
1493 2676 1548 2739 ttt'n

443 2782 626 2847 eruendos:
649 2783 736 2863 qnod
760 2784 886 2862 pariter
905 2780 1079 2862 Scriptoris
1103 2782 1199 2844 menti
1220 2780 1336 2845 obstet.
1359 2776 1548 2843 dusmensi

443 2884 477 2945 io
497 2883 594 2947 citets
619 2884 777 2947 sententis
799 2883 961 2964 qusedsm
983 2882 1124 2947 obscnrs
1140 2882 1324 2958 rideantur,
1341 2882 1439 2945 edens
1452 2878 1549 2945 floori-

442 2983 520 3047 iism
542 2984 628 3049 xiid
646 2986 707 3050 sub
730 2984 838 3061 dncm,
855 2986 912 3049 nbi
935 2986 1016 3050 brec
1029 2984 1143 3049 eedem
1156 2982 1548 3064 potentinssxptsosnmr.

444 3085 492 3150 lbi
512 3106 655 3168 nemque
676 3107 717 3150 ex
739 3086 884 3169 ejusdem
907 3085 995 3150 Libri
1017 3087 1123 3149 dictiss
1140 3106 1157 3146 o
1171 3105 1210 3150 ne
1227 3082 1362 3149 verseris
1378 3105 1400 3147 n
1418 3082 1549 3163 secisse·

441 3206 528 3267 rum,
549 3188 628 3271 quic
649 3188 795 3251 crastino
814 3186 880 3263 dis,
892 3188 951 3252 boe
965 3188 1044 3251 bero
1065 3188 1192 3251 tradam
1211 3207 1261 3249 eos
1281 3185 1318 3249 io
1338 3204 1455 3250 manus
1473 3193 1548 3246 tuor:

444 3289 555 3363 video,
574 3290 690 3371 inquit,
713 3290 801 3371 qnod
814 3291 920 3389 podio
942 3307 1006 3353 non
1027 3307 1200 3371 possumus
1221 3289 1296 3351 iilos
1318 3304 1430 3351 omnes
1451 3282 1550 3365 oppri-

444 3407 547 3467 mere,
568 3409 628 3454 nec
642 3400 776 3457 cunctos
791 3390 989 3471 interficere3
1009 3392 1065 3455 sed
1077 3394 1218 3457 crastino
1241 3378 1464 3471 perimentur,
1479 3385 1553 3447 idest

443 3501 516 3569 post
536 3494 846 3555 consummetionem
869 3492 967 3574 hujus
985 3492 1099 3555 secuti.
1122 3490 1214 3557 Tunc
1228 3492 1312 3555 onim
1335 3491 1438 3553 omnis
1456 3489 1551 3551 virtus

442 3592 606 3655 contrsris
627 3592 840 3673 destruetnr3
863 3602 897 3657 et
917 3602 995 3657 tunc
1016 3592 1144 3674 penitus
1167 3594 1316 3657 vincetur
1336 3609 1412 3656 cum
1443 3584 1553 3652 videris

443 3692 503 3765 iis,
525 3693 581 3771 qni
603 3710 622 3755 s
642 3694 779 3758 sinistris
798 3702 893 3769 sunt,
916 3694 999 3758 dici:
1020 3692 1062 3757 ite
1080 3694 1118 3757 is
1138 3691 1242 3775 ipnem
1263 3702 1447 3767 oeternum,
1469 3704 1551 3771 pert·

437 3792 647 3873 prosperavit
668 3792 754 3856 Deus
775 3792 899 3856 diabolo
919 3804 947 3857 st
967 3794 1091 3875 sepelis
1111 3796 1179 3876 ejus
1199 3802 1261 3859 etc.
1285 3814 1301 3851 ι)

523 3894 697 3959 Praeterea
719 3896 916 3961 assenseris
938 3897 1044 3961 visum
1065 3903 1113 3961 cst
1134 3898 1276 3977 dogmati
1297 3896 1461 3960 cstbolico
1489 3888 1553 3954 oid·

442 4010 518 4059 cere
531 3996 620 4076 qnod
634 3998 747 4061 scribit
767 3996 924 4077 Origenes
936 3999 967 4059 in
984 3995 1082 4060 Libro
1094 3994 1150 4059 ΙΙΙ.
1168 3995 1213 4059 De
1228 3987 1550 4074 preminentes

398 4107 406 4117 '
444 4097 500 4160 ubi
519 4098 686 4177 speciatim
708 4099 789 4163 baec
809 4099 949 4163 notendo
970 4104 1063 4163 sunit
1089 4096 1179 4162 «Ex
1200 4116 1268 4178 quo
1297 4099 1471 4177 opinemur
1492 4092 1552 4171 (its

442 4196 542 4260 hebet
561 4194 710 4264 Rudinus
732 4199 764 4260 in
783 4217 842 4262 sno
866 4198 1035 4277 versione)
1063 4198 1238 4278 quonism,
1259 4200 1344 4262 sicot
1370 4195 1555 4276 frequenter

442 4295 586 4362 diximus
606 4299 799 4364 immortalis
820 4307 870 4363 est
890 4301 996 4364 enims
1017 4307 1051 4365 et
1070 4308 1214 4377 eeteros,
1237 4300 1326 4379 quod
1348 4300 1379 4363 in
1401 4298 1511 4361 multis
1525 4299 1556 4355 et

440 4400 510 4463 sine
532 4398 594 4462 dns
614 4401 726 4480 spstiis
754 4418 814 4481 per
842 4402 996 4467 immsms
1027 4409 1061 4467 et
1088 4403 1216 4467 diverse
1243 4402 1377 4477 secute,
1406 4394 1554 4481 possibile

442 4505 503 4577 est,
525 4500 639 4571 utrel
657 4519 677 4566 e
696 4519 825 4570 snmmc
847 4502 932 4570 bono
945 4505 985 4569 sd
1006 4504 1116 4571 intime
1136 4504 1222 4570 meis
1238 4503 1429 4581 descendet,
1453 4496 1556 4565 rolsb
