3375 5567
439 678 482 746 22

317 868 322 876 Ι
443 781 584 863 Protogo
605 800 721 849 rnrsns
751 784 938 864 profitetur,
960 802 1104 849 assereus
1125 804 1159 849 sc
1187 784 1345 867 quaedam
1366 784 1472 849 ibiden
1490 784 1526 845 io·

439 886 576 963 scripta,
595 882 746 966 Origonis
766 886 840 951 fidei
862 894 895 949 et
917 886 1121 967 dogmatibus
1141 887 1217 949 aiibi
1238 887 1279 949 ab
1299 904 1338 949 eo
1359 886 1485 965 acceptis
1501 892 1528 947 et

441 985 586 1065 probatis
607 988 785 1062 contraria,
804 988 1010 1069 praeteriisse
1028 988 1128 1051 veluti
1149 987 1191 1051 ab
1209 989 1282 1051 aliia
1303 988 1428 1051 inserta.

518 1083 629 1151 Tertio
650 1090 778 1152 noverit
792 1107 926 1169 quoqne
947 1074 1085 1154 obscura
1100 1088 1254 1153 nonnulla
1276 1087 1316 1153 do
1331 1089 1368 1153 iia
1381 1088 1466 1151 tibris
1484 1105 1530 1149 ex·

439 1187 587 1269 placasse
608 1187 773 1253 Rnfflonm
804 1208 846 1253 ex
867 1190 938 1255 aliis
959 1197 1144 1253 mutuatum
1166 1188 1314 1268 Origenia
1334 1188 1467 1268 scriptis,
1484 1184 1531 1247 nbi

437 1306 475 1353 ea
487 1291 649 1369 patentius
661 1291 884 1356 tradebantur.
902 1290 943 1353 Et
952 1292 998 1354 sic
1011 1294 1056 1355 ait
1071 1289 1233 1362 iinffiuns,
1244 1306 1278 1352 ao
1288 1290 1317 1353 ci
1330 1286 1532 1368 (Origeuiisua

439 1388 627 1453 reddidisse.
644 1388 686 1454 Et
699 1391 838 1471 amplius
854 1392 885 1453 in
899 1391 1004 1455 altero
1023 1390 1162 1471 Protogo
1178 1391 1217 1453 de
1237 1390 1397 1453 creaturis
1412 1388 1532 1451 rationo

437 1490 568 1567 bilibus,
583 1510 619 1554 sc
634 1492 714 1555 nihii
727 1492 837 1555 subdit
854 1501 994 1557 motasse
1009 1492 1041 1555 io
1061 1508 1120 1555 sna
1137 1492 1295 1567 versione,
1318 1492 1377 1555 uisi
1391 1488 1532 1572 qmadam

439 1590 628 1667 manando,
650 1610 736 1673 quae
755 1602 849 1655 antea
868 1592 935 1673 jam
957 1594 1099 1657 discussa
1122 1592 1262 1656 inerant.

524 1692 667 1774 ideoque
686 1694 803 1757 sedulo
825 1693 1098 1759 Rotdoiaoimnm
1120 1714 1161 1757 cx
1178 1694 1233 1758 taii
1255 1690 1534 1771 confessioneque

442 1794 516 1873 quis
542 1793 761 1874 investigarit,
793 1812 857 1858 non
886 1797 945 1859 nisi
968 1813 1070 1875 panca
1092 1795 1197 1875 ipsum
1227 1803 1368 1857 mutasse
1389 1808 1537 1871 comperc-

440 1894 483 1958 rit
503 1894 543 1959 de
560 1893 768 1973 Pancratice,
780 1905 813 1959 et
828 1898 1051 1960 tautummodo
1072 1895 1210 1978 quaeda
1228 1896 1384 1980 mysterio
1392 1892 1538 1957 Trinitatis

444 1995 664 2059 vertebantur.
691 1995 807 2060 Cetera
831 2015 911 2061 noro
930 2000 963 2061 iu
986 2000 1076 2062 vario
1097 2015 1213 2079 genere
1234 1996 1475 2079 quaestionibus
1492 1992 1538 2057 oo

438 2114 536 2160 scura
558 2097 690 2178 quidem
710 2099 854 2179 satisque
874 2100 991 2176 ardna,
1014 2118 1078 2163 nou
1099 2098 1297 2174 abradendo,
1323 2115 1385 2161 uec
1406 2112 1537 2161 corruto-

440 2196 545 2278 peado
566 2199 712 2275 sustulit,
734 2216 794 2263 nec
815 2200 955 2264 mutavit
975 2200 1072 2264 aliter
1091 2219 1109 2264 a
1131 2199 1296 2277 codicibus
1327 2198 1473 2279 graccis3
1492 2192 1538 2259 sed

439 2316 526 2379 qnae
540 2300 678 2363 obscura
694 2306 819 2364 tantum
840 2320 882 2365 cx
897 2302 968 2365 aliis
982 2303 1127 2383 ejusdem
1144 2301 1327 2366 Adamantii
1341 2296 1538 2379 scriptispari

440 2417 556 2471 sonan,
577 2400 694 2482 majori
726 2419 840 2466 rernm
862 2404 1091 2485 perspicuitate
1113 2402 1258 2484 praedita
1283 2402 1315 2464 iu
1340 2402 1403 2465 hos
1424 2397 1538 2463 eosdem

440 2500 543 2564 iibros
563 2499 704 2581 detalit3
725 2503 805 2583 quin
826 2512 933 2567 tamon
952 2520 1010 2568 nac
1031 2505 1163 2579 horum,
1185 2521 1245 2567 nec
1264 2510 1470 2571 ceterorum,
1492 2496 1539 2578 qni

437 2601 501 2664 sub
521 2600 670 2682 Origenis
689 2604 818 2667 nominc
840 2605 1027 2681 veniebant,
1044 2605 1192 2670 codicum
1215 2603 1341 2667 coesset
1368 2596 1538 2681 integritati.

440 2697 530 2765 flacc
550 2708 660 2765 antem
680 2712 775 2778 snut,
797 2721 882 2785 qaae
903 2704 1027 2785 liquido
1050 2705 1216 2769 hausimus
1236 2703 1277 2768 de
1301 2711 1446 2783 utroque
1473 2696 1541 2763 ttut·

441 2802 496 2865 tini
527 2801 691 2884 Prologo:
713 2822 821 2885 eoque
849 2808 948 2887 magis
969 2806 1056 2887 qnod
1077 2814 1111 2870 et
1142 2806 1209 2887 ipse
1227 2824 1252 2869 a.
1276 2802 1493 2890 Hieronymus
1515 2800 1541 2859 in

441 2902 585 2985 Epistola
605 2905 647 2969 ad
669 2906 804 2969 Avitum
825 2906 868 2970 ita
887 2907 1172 2989 comprehenderit
1191 2903 1309 2969 Rudini
1331 2905 1434 2984 ipsius
1453 2918 1539 2983 opus:

439 3006 518 3071 dicit
536 3008 644 3071 enims
668 3028 685 3067 s
706 3006 818 3085 Quom
840 3009 921 3073 tanen
940 3008 984 3073 ita
1012 3008 1218 3083 cohonestat,
1240 3024 1325 3086 quac
1347 3007 1467 3071 insania
1492 3012 1542 3075 ast,

440 3108 552 3188 paucis
572 3108 614 3172 do
636 3105 719 3173 Filio
739 3116 772 3171 et
791 3108 915 3189 Spiritu
936 3109 1052 3175 Sancto
1067 3108 1285 3183 commutatis,
1307 3124 1396 3188 qnae
1410 3112 1542 3187 apertam

438 3206 671 3289 blasphemiam
693 3208 932 3291 praeferebant3
954 3217 1062 3275 cetera
1086 3228 1164 3275 asro
1185 3211 1227 3273 tta
1250 3215 1289 3271 ut
1308 3210 1431 3289 scripta
1460 3210 1542 3273 suut,

438 3306 614 3385 protulisse
633 3309 667 3371 in
687 3306 844 3382 madium,
861 3316 894 3371 et
914 3308 1010 3389 impia
1035 3326 1114 3373 voca
1133 3308 1295 3371 laudasse:
1316 3322 1422 3386 quum
1443 3304 1545 3383 utique

438 3413 474 3467 et
492 3405 549 3467 illa
571 3413 605 3469 et
623 3406 683 3470 ista
704 3405 744 3470 de
765 3425 831 3471 ooo
852 3408 1023 3488 impietatis
1040 3408 1127 3472 tonte
1148 3403 1416 3489 processerintts
1440 3404 1545 3467 Etboe

438 3508 517 3569 item
546 3506 684 3585 deniquo
705 3514 843 3573 testatur
872 3506 1019 3573 iinffiuus
1039 3509 1072 3571 io
1095 3508 1254 3590 Apologia
1281 3506 1322 3569 ad
1345 3504 1543 3569 Anastasiou

442 3605 560 3685 Papam
581 3607 747 3686 inquiens,
768 3628 802 3673 aa
823 3618 974 3690 rogatum
996 3628 1012 3673 a
1036 3610 1193 3675 tratribus
1218 3608 1258 3673 da
1282 3626 1402 3689 gracco
1424 3608 1455 3669 in
1480 3602 1545 3668 lati·

438 3720 517 3767 num
545 3708 745 3772 transtulisse
765 3710 929 3789 praefatos
957 3710 1079 3775 libros:
1098 3708 1263 3775 «Graecis
1283 3708 1431 3771 sensibus
1456 3702 1545 3769 verba

439 3803 513 3867 aaut
532 3804 633 3869 tatto·
655 3810 889 3873 antummum.
911 3808 985 3877 sna
1005 3829 1084 3892 argo
1105 3811 1177 3875 nus
1199 3810 1230 3873 tn
1250 3809 1316 3873 nns
1335 3790 1483 3872 simron
1495 3802 1546 3867 ns

437 3920 506 3985 qna
534 3912 603 3980 cat,
625 3915 757 3985 nonest
776 3926 871 3989 mea;
892 3912 961 3975 site
981 3911 1077 3993 culpa
1099 3928 1162 3975 nou
1183 3917 1231 3973 ast
1253 3926 1334 3973 mea.
1366 3904 1546 3983 Quinimmo

441 4003 524 4069 iliud
546 4004 675 4085 adjeci,
698 4014 735 4069 nt
762 4010 794 4072 in
819 4018 977 4091 qnantum
999 4029 1124 4093 possem
1150 4010 1314 4092 aliquanta
1344 4007 1544 4081 deciderem

441 4104 497 4167 itia
510 4111 628 4181 tamen,
651 4110 828 4187 quaemihi
850 4111 889 4175 ad
904 4113 1120 4195 suspicionem
1143 4110 1312 4175 veniebant
1323 4108 1365 4172 ab
1385 4108 1459 4172 aliis
1476 4104 1547 4169 tnn-

442 4224 479 4270 ιο
494 4206 612 4271 inserta
633 4217 694 4273 etc.
711 4229 727 4268 s
746 4210 782 4275 io
794 4213 913 4293 quibua
933 4216 1057 4280 sciticot
1071 4208 1465 4296 impetebaturTrioitatis
1477 4209 1546 4284 dog·

442 4323 505 4369 ma.
529 4305 615 4384 Quid
629 4328 709 4391 ergo
730 4310 871 4393 amplius
885 4313 1098 4379 dubitandum
1121 4320 1238 4389 manet,
1255 4312 1334 4393 nnio
1355 4304 1547 4377 Rodiomin

441 4407 725 4491 graecisOrigonis
745 4413 912 4480 codicibus
921 4416 1182 4496 interpretandis,
1203 4416 1273 4479 sisa
1289 4432 1366 4479 aera
1386 4414 1457 4477 sivo
1471 4408 1545 4471 taisa

443 4505 588 4572 dicerent
602 4508 757 4593 (exceptis
776 4515 916 4593 quaeda
936 4513 1094 4581 Trinitate
1109 4516 1302 4595 emendarit)
1321 4516 1484 4581 sincerum
1498 4524 1546 4573 eo-
