3375 5567
1189 657 1252 728 ἥδ

155 779 270 844 lescerst
283 777 393 859 opinio
409 779 450 842 ele
464 779 647 842 enimernm
669 775 938 857 praeexistentia,
954 776 1048 839 sicuti
1070 783 1101 838 et
1117 769 1156 838 ie
1179 784 1242 838 tra·

154 883 284 946 lectione
304 881 494 946 eernmisn
507 900 551 946 ex
572 889 664 962 petre
684 881 716 942 lo
736 881 904 955 illium,et
924 881 1008 942 eliae
1029 879 1128 960 huius
1149 899 1244 960 gene·

152 991 186 1048 ris
202 987 384 1060 melantiae,
399 982 542 1048 medinm
562 984 648 1047 inter
661 990 837 1063 utramque
852 989 997 1045 tenentes
1012 981 1134 1057 locum,
1156 993 1188 1044 et
1203 984 1244 1043 ab

150 1090 207 1165 ipso
223 1085 362 1166 Origene
376 1087 494 1148 citatae
514 1087 700 1165 (nunonem
718 1101 796 1146 sero
817 1084 995 1163 probeteel
1018 1084 1064 1146 nti
1087 1084 1245 1164 vidimus5

151 1199 277 1258 attemeo,
293 1206 336 1250 ex
358 1188 529 1266 bucusque
551 1187 714 1250 recensitis
727 1187 930 1258 testimoniis,
952 1185 1101 1248 eumdem
1123 1187 1162 1248 de
1185 1187 1244 1248 hec

151 1308 179 1352 re
195 1291 386 1353 acatholico
405 1290 555 1369 dogmate
576 1305 640 1351 nnn
654 1289 837 1362 descivisse,
861 1287 1025 1353 latendum
1040 1287 1113 1350 erit.
1129 1285 1172 1350 El
1187 1288 1248 1350 hoo

149 1394 181 1454 sb
198 1393 283 1455 initio
296 1393 410 1472 cepitis
430 1392 580 1473 preemlsi
602 1407 644 1454 ex
664 1389 810 1471 ejusdem
830 1406 890 1450 ore
914 1397 1065 1467 tanquam
1087 1390 1248 1466 quaestin-

149 1513 215 1556 nnm
233 1496 378 1558 omoinm
399 1511 546 1557 normam
557 1513 569 1572 3
589 1492 686 1573 juxte
708 1509 805 1571 qoem
831 1498 1078 1568 perseveranter
1099 1492 1247 1566 incessit,

149 1613 211 1660 enm
230 1595 413 1676 prestetum
434 1603 662 1675 argumentum
685 1593 864 1674 pertigerit.

218 1696 251 1758 ln
266 1699 354 1759 hooc
379 1711 458 1757 sero
478 1695 688 1757 novissimum
710 1694 820 1756 locum
847 1693 1066 1758 revocandum
1082 1700 1141 1769 est,
1160 1694 1247 1774 qnod

150 1799 248 1862 sconii
265 1817 292 1860 s.
308 1793 490 1876 Gregorius
512 1794 679 1878 Nyssenus
694 1792 738 1856 De
754 1791 887 1876 Opificio
901 1793 1039 1858 testeis
1054 1817 1081 1858 c.
1098 1793 1248 1860 xxviii.

150 1900 375 1963 controversies
394 1900 427 1961 in
448 1897 592 1960 ecclesiis
611 1903 724 1958 notens
737 1895 777 1957 le
797 1896 903 1958 enimn
918 1905 950 1959 et
963 1913 1102 1976 corpore
1115 1918 1124 1958 e
1137 1894 1251 1962 «Non-

149 2002 232 2076 nulli,
252 2000 309 2074 elt,
330 1999 388 2078 qni
411 1998 638 2061 lurconianis
660 2013 731 2072 nos,
747 2013 766 2058 e
784 1998 905 2077 quibos
927 2005 1082 2061 tractulus
1103 1999 1251 2063 elebnre·

152 2113 194 2166 tns
211 2111 257 2166 est
273 2098 469 2166 certantes
489 2101 558 2162 sire
574 2097 619 2161 De
633 2097 827 2179 Principio,
838 2117 985 2162 reserere
1002 2099 1163 2174 ridentur,
1184 2103 1252 2164 eni·

151 2222 210 2266 nes
229 2204 385 2267 homenes
405 2201 497 2281 qussi
518 2199 692 2281 quemdem
713 2199 872 2281 populum
895 2200 925 2262 in
953 2201 1084 2280 proprie
1109 2201 1252 2282 republi-

150 2323 182 2366 ce
201 2305 437 2384 praeexistere3
452 2304 565 2383 eisque
584 2301 702 2364 ibidem
717 2302 867 2382 exempla
890 2305 1052 2383 preposite
1069 2300 1166 2368 inisse
1189 2305 1252 2367 vir-

149 2407 216 2468 tntis
235 2413 266 2469 et
288 2406 368 2468 sitii.
401 2403 495 2480 Quae
517 2421 596 2468 sero
619 2405 731 2467 rirtoti
753 2412 940 2466 constanter
970 2403 1095 2467 dedilee
1117 2404 1250 2479 inerint,

151 2525 206 2569 nnn
223 2508 371 2587 copulari
391 2507 544 2586 corporl=
561 2524 647 2585 qnae
663 2523 741 2568 vern
761 2505 955 2580 exciderint,
976 2507 1170 2587 corporibus
1191 2506 1254 2570 illi-

149 2612 221 2686 geri.
237 2609 301 2672 elii
325 2627 403 2672 vero
424 2607 590 2672 conicerio
604 2608 700 2670 seriei
721 2609 878 2670 creationi
891 2608 1092 2672 inhaerentes
1107 2623 1123 2672 e
1140 2606 1254 2690 Moyse

151 2711 340 2791 tescriptee,
363 2711 501 2773 enimam
522 2727 662 2790 corpere
684 2723 754 2770 esse
775 2709 987 2789 posteriorem
1009 2709 1110 2790 ajunt.
1127 2729 1143 2768 n
1160 2707 1254 2774 Dein·

151 2812 188 2872 ie
203 2813 288 2886 ilcit,
304 2812 360 2892 qni
382 2813 564 2878 enituerunt
587 2810 871 2890 praeexistentiam
894 2808 1109 2886 admitteres
1127 2828 1255 2889 graece·

153 2913 221 2975 eicis
237 2913 412 2993 otsetplists
426 2921 462 2976 et
482 2911 613 2992 quidem
635 2909 736 2986 lelsis,
754 2911 840 2974 lieno
863 2929 931 2976 esse
952 2911 1110 2974 immunes
1130 2919 1195 2974 etc.
1218 2909 1253 2973 ln

151 3011 206 3075 tine
223 3015 388 3078 concludit
408 3016 457 3092 (c.
471 3011 544 3089 2⁹.)
566 3032 669 3091 ouum
691 3027 775 3078 unos
790 3019 823 3076 et
839 3012 922 3074 idem
939 3011 1037 3078 horno
1058 3012 1099 3074 sit
1113 3027 1252 3090 corpore
1282 2997 1286 3004 ’

153 3123 181 3174 et
197 3117 298 3178 anime
319 3123 483 3188 constans,
505 3131 607 3180 enum
627 3133 697 3178 esse
716 3121 750 3178 et
770 3130 944 3178 commone
967 3113 1172 3176 tribuendum
1186 3115 1253 3176 esi·

152 3218 241 3279 stenii
261 3216 470 3297 principium.

222 3319 402 3399 Scriptores
416 3334 518 3398 porro
534 3317 732 3382 recentiores
744 3315 787 3378 eb
802 3315 865 3380 ltoc
883 3316 1063 3380 testimonio
1079 3317 1254 3380 universim

154 3421 380 3498 existimarunt,
401 3438 420 3482 e
442 3418 588 3504 Nysseno
612 3418 808 3498 exprobrari
822 3415 1009 3496 Origenem‚
1032 3419 1151 3496 quippe
1171 3415 1256 3497 Ope·

156 3521 202 3594 ris,
215 3522 302 3601 qnod
318 3524 439 3585 citetur
456 3519 661 3593 Perimelen,
678 3537 773 3584 nemo
793 3519 852 3584 nisi
875 3520 931 3581 ille
943 3520 1028 3583 idern
1047 3529 1181 3600 potetur
1198 3535 1256 3582 en-

155 3631 226 3685 ctor.
243 3623 461 3686 Nihilominus
481 3623 558 3688 licei
574 3623 672 3703 rnlgo
687 3624 730 3685 lta
750 3622 918 3696 credetur,
934 3613 1068 3701 limpido
1088 3623 1188 3684 asseri
1203 3641 1255 3684 ne-

155 3726 225 3800 quit.
237 3725 270 3790 st
285 3744 363 3788 sero
380 3725 509 3805 quisita
528 3733 651 3802 teneat;
664 3733 695 3788 et
711 3726 796 3787 nunc
811 3721 1000 3788 Tractatum
1016 3726 1168 3789 inscribet
1182 3723 1258 3789 Ori·

155 3828 216 3900 geni
237 3825 413 3910 Nyssenus‚
431 3835 507 3888 tnnc
524 3843 622 3905 qoem
638 3827 819 3888 necessario
839 3824 1046 3887 statuendum
1068 3834 1128 3898 est,
1153 3827 1257 3905 ipsum

157 3944 178 3985 s.
192 3925 361 3992 [lectorem
374 3927 473 3990 inisse
487 3929 621 3991 illosum
643 3929 684 3990 ab
707 3929 871 3991 identitate
889 3927 973 3990 tituli
992 3925 1204 4001 Periorclcn5
1221 3929 1256 3990 il·
1292 3929 1295 3935 '

158 4025 212 4088 lius
224 4031 346 4092 scilicet
360 4028 519 4090 elaborati
539 4029 579 4090 ab
601 4029 771 4092 heeroticis
792 4029 1002 4102 marcionitis,
1019 4037 1051 4091 et
1065 4029 1200 4092 alterius
1218 4030 1258 4090 ab

159 4121 287 4206 Origene
307 4125 437 4190 conflati
459 4128 617 4193 adversus
637 4129 767 4192 eosdem
788 4120 873 4205 (ceu
895 4129 926 4188 in
942 4123 1066 4190 Monito
1089 4128 1189 4208 huius
1204 4128 1258 4191 Se·

160 4228 271 4289 cuniae
284 4225 388 4290 Portis
403 4229 590 4307 preeuntevi
601 4229 611 4303 )
624 4229 654 4289 in
669 4246 736 4306 qno
750 4229 885 4290 lortasse
900 4229 994 4290 siculi
1010 4230 1123 4299 ceteri,
1137 4227 1257 4290 illusio·

158 4343 222 4387 nem
241 4345 351 4407 pessus
373 4336 466 4388 ests.
491 4325 680 4407 Gregorius.
705 4326 777 4390 Non
799 4329 901 4404 enim,
922 4336 960 4390 ut
982 4328 1103 4390 indiciis
1125 4329 1258 4392 manile·
1327 4393 1332 4402 ,

159 4427 289 4490 stissimis
309 4447 351 4491 es
372 4427 517 4508 subjecta
541 4430 675 4491 materie
697 4436 761 4490 eta
779 4427 898 4492 Rnffini
922 4429 1114 4503 testimonio,
1138 4430 1193 4509 qui
1217 4429 1260 4492 0-

161 4526 262 4604 rigenis
279 4528 470 4595 Pericrclton
487 4530 647 4594 sincerum
671 4531 814 4595 codicem
829 4533 952 4594 sincere
977 4529 1039 4596 lide
1055 4531 1151 4596 latine
1177 4541 1259 4594 tran·
