3375 5567
159 781 247 843 rcqne
258 763 301 825 ab
320 779 358 826 ea
373 768 556 843 separator,
576 770 635 828 ant
649 763 817 827 dividitur:
840 763 898 827 tali
913 762 1053 844 quadam
1074 766 1179 843 specie
1194 783 1254 846 pu·

159 865 256 926 tandm
275 870 326 926 est
347 860 443 926 Pater
466 861 584 927 Filium
598 865 745 944 genuisse
765 863 936 944 imaginem
950 864 1073 927 scilicet
1093 882 1199 944 suency
1216 874 1253 930 ut

157 965 312 1044 sicutipse
334 964 501 1028 invisibilis
522 973 571 1028 est
591 983 651 1045 per
670 975 832 1040 naturam,
855 967 899 1030 ita
921 965 1090 1045 imaginem
1118 982 1253 1046 quoque

155 1067 286 1144 gennerit
300 1065 504 1129 invisibilem.
519 1063 663 1130 Verbum
685 1067 768 1129 euim
791 1072 839 1129 est
855 1063 969 1139 Filius,
985 1073 1017 1127 et
1033 1063 1105 1128 idco
1127 1066 1205 1128 nihil
1222 1067 1253 1128 in

154 1183 185 1229 eo
200 1165 348 1228 sensibile
370 1165 613 1245 intelligendum
634 1174 693 1229 est.
714 1165 876 1247 Sapientia
897 1173 966 1245 est3
986 1175 1019 1228 et
1039 1167 1071 1227 in
1091 1165 1251 1247 Sapientia

154 1266 218 1328 nibil
237 1283 435 1345 corporeum
456 1265 685 1346 suspicandum
705 1274 764 1329 est.
787 1264 911 1332 humen
932 1273 980 1329 est
1003 1282 1140 1341 verum,
1163 1267 1250 1346 quod

153 1366 297 1429 illuminat
315 1385 446 1430 omnem
467 1367 628 1429 bominem
651 1367 830 1429 venientem
852 1368 884 1430 in
901 1367 986 1430 bunc
1008 1365 1178 1444 mondum,
1193 1366 1249 1430 sed

151 1467 216 1528 nibil
230 1467 328 1529 babet
347 1484 520 1530 commune
533 1467 574 1529 ad
594 1468 673 1530 sotis
685 1467 785 1547 hujus
806 1467 928 1530 tumen.
946 1465 1055 1547 imago
1071 1484 1149 1546 ergo
1164 1467 1252 1545 (eon-
1373 1541 1377 1548 Ι

149 1565 236 1629 eludit
254 1567 509 1647 argumentum)
531 1568 699 1631 invisibilis
730 1565 788 1630 Dei
812 1566 915 1632 Patris
943 1566 1096 1631 Salvator
1117 1577 1247 1632 noster:

150 1675 292 1747 corutum
314 1668 423 1748 ipsum
444 1669 574 1750 quidem
590 1668 731 1745 Patrem,
750 1671 881 1748 veritas,
903 1676 1062 1748 quantum
1077 1676 1185 1732 autem
1208 1667 1248 1730 ad

151 1785 206 1842 nov,
226 1768 347 1848 quibus
369 1769 494 1832 revelat
517 1767 658 1845 Patrem,
681 1770 786 1849 image
807 1777 867 1845 est,
891 1786 949 1849 per
968 1786 1066 1849 quam
1088 1770 1251 1848 cognosci·

150 1887 209 1931 nos
228 1868 383 1946 Patrem,
404 1887 502 1950 quem
523 1888 616 1933 neruo
637 1870 721 1933 etius
741 1872 832 1934 novit
853 1869 911 1932 nisi
935 1867 1055 1944 Filius,
1076 1876 1106 1930 et
1125 1867 1179 1930 cui
1199 1885 1251 1928 oo-

150 1967 229 2031 tsvrit
247 1968 359 2033 Fidius
382 1970 529 2033 revetere.
549 1968 685 2034 Hevetat
705 1979 814 2034 autem
835 1987 896 2050 per
910 1970 984 2046 boc,
1007 1967 1094 2049 quod
1117 1967 1184 2047 ipse
1204 1967 1252 2028 iu·

151 2069 303 2148 telligiturc
328 2088 348 2133 a
374 2088 441 2151 qno
466 2072 534 2152 ipse
559 2072 643 2134 enirn
665 2072 766 2135 tuerit
795 2071 994 2145 intellectus,
1015 2073 1251 2150 consequenter

150 2169 324 2250 intelligitur
350 2177 385 2234 st
401 2170 499 2235 Pater
517 2172 696 2237 seeundum
709 2174 772 2237 boe
793 2173 880 2256 qued
907 2174 973 2254 ipse
995 2171 1094 2235 dixit:
1121 2174 1180 2253 qui
1201 2195 1248 2241 vae

150 2267 231 2347 sidit,
256 2269 344 2335 cidit
366 2281 396 2332 st
422 2271 594 2335 Putrem.»

212 2369 280 2435 Hac
301 2371 407 2452 posita
428 2371 659 2448 declaratione,
681 2373 828 2454 quisquis
847 2372 949 2454 judex
971 2379 1052 2448 esto,
1077 2390 1154 2438 num
1173 2374 1249 2439 Ori·

150 2484 238 2545 genn,
258 2487 350 2551 quae
369 2473 577 2534 commentati
596 2479 673 2536 suut
692 2470 892 2552 Theophilus
906 2481 938 2535 et
960 2471 1178 2557 Hieronymus
1192 2495 1248 2539 ex-

150 2571 274 2648 cogitare
287 2575 449 2651 potuerit,
464 2591 540 2636 cnm
554 2573 724 2637 manifesto
735 2573 1000 2653 praecedentibus
1015 2575 1152 2638 obstent.
1166 2575 1247 2652 Qui-

149 2669 249 2732 ninmn
268 2671 313 2732 ibi
343 2672 520 2735 Auctorem
541 2673 614 2736 ideo
634 2681 722 2754 patet
742 2691 814 2738 eam
834 2675 984 2737 statuisse
1010 2674 1244 2740 distinctionem

150 2768 180 2830 de
199 2767 285 2846 ileo,
307 2771 448 2853 ejusque
469 2772 628 2852 imagine,
650 2793 690 2838 oe
720 2774 804 2838 torte
827 2776 945 2855 aliquis
973 2795 1015 2838 ex
1044 2777 1106 2839 boc
1135 2777 1245 2858 imagi-

149 2870 185 2929 nis
201 2873 385 2949 vocabulo,
407 2871 526 2936 Filium
547 2881 581 2936 et
601 2872 730 2937 Patrem
753 2876 784 2936 io
805 2875 940 2938 essentia
964 2892 1064 2938 unum
1088 2876 1245 2941 divideret

151 2967 315 3052 inpartes;
339 2969 481 3054 Filiique
501 2974 864 3038 consubstantialitatem
887 2993 962 3040 cum
986 2975 1093 3051 Patre,
1118 2975 1246 3041 dirime·

150 3078 195 3130 ret
214 3070 369 3137 Ceterum
390 3089 476 3151 quae
498 3071 714 3156 Hieronymus
736 3075 878 3150 tradidit,
901 3077 927 3138 si
949 3075 1244 3155 attentelegaotur,

151 3186 200 3231 neo
221 3176 277 3236 nisi
301 3177 402 3240 totius
427 3179 621 3258 paragraphi
644 3177 840 3240 succinctam
867 3177 1029 3240 continent
1055 3195 1246 3252 censuram,

150 3270 192 3331 obi
209 3277 314 3338 omnia
336 3276 471 3341 contusa
499 3285 533 3341 et
554 3277 669 3340 falsata
691 3277 851 3355 descripta
872 3286 966 3355 suot;
989 3285 1021 3339 et
1053 3277 1106 3339 ubi
1130 3295 1243 3340 revera

150 3369 246 3436 ecritm
266 3374 466 3456 imaginario
486 3387 515 3441 et
544 3375 745 3440 menducium
767 3379 998 3457 reperiuntur3
1014 3395 1099 3456 quae
1120 3379 1187 3457 ipse
1214 3386 1246 3441 et

151 3466 333 3555 Theophilus
347 3495 424 3540 eum
437 3489 490 3553 eo,
503 3477 636 3560 Origeni
651 3479 853 3559 inscripsere.
869 3476 1027 3556 Quaeque
1043 3478 1168 3548 tandem
1183 3497 1246 3543 uon

150 3578 308 3650 superbos
329 3577 485 3656 quidem,
506 3581 562 3640 sed
586 3597 685 3658 supra
719 3579 888 3641 istsatores
908 3578 1069 3640 librorum
1099 3577 1244 3658 ejusdem

151 3676 311 3740 mandanda
336 3689 424 3740 suot:
454 3680 653 3757 etaqnibus
677 3679 804 3743 codices
826 3678 1010 3757 interpolati
1041 3679 1072 3739 iu
1101 3680 1246 3741 incautas

152 3787 257 3850 eorum,
279 3777 365 3840 idest
384 3775 554 3857 Theophili
576 3786 609 3841 et
630 3776 820 3859 Hieronymi
841 3795 955 3839 manus
973 3783 1202 3855 pervenerunt.

212 3873 305 3950 Quod
326 3887 436 3941 autem
457 3879 578 3943 dieitur
598 3880 637 3942 de
660 3878 824 3942 codicibus
849 3875 1054 3950 Perierchon,
1078 3893 1161 3956 quos
1176 3894 1245 3939 mu·

154 3969 240 4037 tilatos
258 3978 338 4057 legit
359 3977 590 4064 Hieronymus,
613 3980 783 4043 dicendum
804 3987 852 4042 est
873 3979 912 4040 de
934 3976 1075 4057 quodam
1098 3974 1248 4055 Origenis

153 4066 266 4155 ffitlego
285 4097 364 4142 cunt
384 4079 529 4145 Candido
546 4081 786 4143 valentiniano:
817 4079 849 4140 in
871 4096 937 4157 quo
959 4076 1103 4158 ey'usdem
1120 4075 1245 4153 generis
1270 4131 1274 4140 .

152 4167 325 4252 blasphemia
343 4186 480 4258 apparet
494 4180 651 4243 adversus
668 4178 742 4242 Filii
762 4179 975 4248 divinitatem,
993 4174 1104 4253 seipsi
1120 4173 1243 4234 credita

151 4265 272 4350 Origene
290 4296 457 4358 quamque
478 4279 550 4342 ideo
562 4297 589 4341 s.
613 4277 734 4343 Doctor
754 4279 875 4361 objecit
893 4276 1020 4340 Huffino
1035 4277 1065 4337 in
1084 4273 1180 4336 Libro
1202 4270 1242 4334 ΙΙ.

151 4381 173 4426 ¹·
187 4366 228 4435 19.
246 4376 298 4440 Sic
311 4379 397 4440 euim
412 4379 524 4442 scribit
538 4377 770 4464 Hieronymus:
789 4400 805 4439 tt
821 4377 969 4442 Habctur
984 4375 1139 4453 Dialogus
1154 4371 1241 4452 apud

154 4463 285 4556 Graecos,
299 4477 448 4559 Origenis
462 4486 495 4544 et
508 4479 642 4546 Candidi
659 4480 892 4545 valentinianae
905 4475 1083 4542 Heereveos
1098 4471 1246 4538 detenso-
