3375 5567
439 839 619 893 stauratur:
646 827 788 893 Christus
807 829 929 893 ideirco
950 842 977 894 ct
996 834 1101 912 suctus
1123 842 1167 894 cat
1187 834 1276 895 homo
1292 852 1350 913 pro
1371 834 1523 896 euomuito

436 930 536 1010 Juxta
558 930 743 1011 Prophetom
764 930 905 996 dilexisti
924 933 1081 1015 justitiam
1103 944 1158 996 eto.
1183 932 1225 997 Et
1245 933 1313 996 iden
1332 934 1524 997 decchoteum·

439 1032 507 1093 dem
528 1048 695 1112 uunquam
714 1030 753 1095 nh
772 1029 936 1113 uoiqeuitn
957 1044 1152 1115 soporatum,
1172 1054 1240 1100 uun
1259 1054 1330 1098 cnm
1355 1036 1418 1117 ipso
1436 1034 1528 1115 unice

439 1132 508 1197 nito
528 1133 711 1215 nuncupari
731 1143 760 1196 et
778 1134 967 1217 clarificari.

518 1233 561 1298 Et
579 1236 718 1315 primum
736 1237 866 1316 quidem
889 1238 920 1299 in
936 1239 996 1301 hoc
1010 1246 1099 1301 texto
1116 1240 1234 1321 inspice
1249 1240 1426 1318 argumenti
1440 1239 1528 1299 inrer-

439 1336 561 1400 sionem
583 1338 681 1413 adeo,
705 1347 741 1403 nt
762 1338 919 1419 quidquid
940 1340 1033 1421 juata
1057 1342 1300 1418 praecedentem
1322 1340 1529 1404 discussionem

441 1440 590 1504 manebat
614 1440 922 1515 demonstrandum,
947 1442 1047 1503 veluti
1074 1444 1301 1523 consequentia
1326 1444 1459 1523 positum
1477 1442 1528 1503 sit:

442 1563 459 1600 e
482 1539 606 1605 idcirco
629 1540 763 1620 (legitur
782 1540 814 1601 iu
837 1540 994 1622 Epistola)
1017 1552 1048 1605 et
1070 1545 1168 1605 homo
1191 1544 1295 1607 iactus
1317 1556 1364 1605 est
1390 1542 1529 1615 Christus,

441 1660 502 1705 sno
522 1643 640 1704 merito
671 1643 733 1705 hoc
752 1642 887 1705 sortitus
919 1650 982 1707 etc.
1004 1663 1020 1699 n
1042 1642 1276 1707 Verumtamen
1307 1664 1349 1707 ex
1371 1644 1532 1726 praemissis

347 1817 351 1823 ,
441 1742 559 1807 hatum
584 1744 701 1819 verbis,
717 1743 875 1822 Origenes
896 1746 1035 1807 ostendit
1056 1746 1086 1807 in
1109 1744 1238 1810 Christo
1261 1749 1411 1810 unionem
1436 1747 1531 1807 huma·

441 1847 548 1909 uitatis
569 1864 643 1910 eum
666 1845 774 1908 Verbo
791 1844 849 1907 [lei
872 1855 936 1908 tam
951 1856 1041 1910 arcte
1062 1850 1215 1911 sociatam
1235 1848 1266 1911 in
1288 1848 1393 1911 diuina
1409 1846 1534 1909 dileetio·

441 1964 495 2023 ue,
517 1956 555 2011 ut
576 1965 659 2010 unns
673 1946 806 2027 spiritus
826 1946 1025 2025 efficeretur3
1048 1965 1085 2011 ac
1108 1948 1180 2013 ideo
1202 1949 1444 2027 substruentem
1465 1948 1491 2009 in
1504 1964 1534 2008 eo

443 2048 555 2112 haberi
575 2048 758 2111 davidicum
779 2047 934 2111 effatuma
960 2046 1108 2111 Dilexisti
1120 2049 1303 2131 justitiam,
1328 2062 1357 2113 ct
1376 2047 1467 2112 odisti
1485 2046 1535 2109 ini·

439 2148 612 2229 quitatem
629 2159 796 2229 montarso
814 2146 914 2212 unxit
928 2158 956 2211 te
978 2148 1061 2211 Deus
1077 2162 1137 2213 etc.
1165 2150 1212 2214 Ex
1229 2170 1295 2232 quo
1317 2160 1464 2232 apparet,
1479 2168 1536 2211 rcr-

440 2249 492 2312 na:
515 2248 634 2313 idcirco
653 2258 682 2312 et
702 2249 792 2312 homo
811 2252 918 2332 [uetur
937 2260 982 2312 ert
999 2248 1142 2315 Uiriatus
1165 2262 1225 2315 etc.
1249 2271 1311 2315 non
1334 2254 1393 2315 nisi
1418 2253 1537 2334 prophe·

443 2353 525 2415 ticae
544 2355 719 2415 sententian
735 2352 913 2415 illationem
926 2353 1056 2435 hahcri;
1079 2372 1163 2435 quae
1178 2353 1305 2429 Auctor
1327 2352 1486 2435 Epistulae
1498 2366 1538 2413 are

441 2454 575 2518 hitrurin
596 2473 614 2518 e
634 2455 709 2517 loco
729 2474 791 2519 suo
814 2456 1004 2519 transvexit.

522 2555 583 2622 Sed
615 2564 722 2621 cetera
751 2564 951 2621 transeamus
978 2564 1160 2622 scrutatum
1190 2560 1221 2621 io
1248 2558 1317 2638 ipso
1344 2561 1540 2649 argumento,

440 2678 526 2739 quae
545 2676 621 2723 sane
641 2658 863 2723 difficultatem
885 2662 1059 2740 quamdam
1084 2660 1227 2739 gignunt.
1253 2660 1328 2723 lude
1352 2664 1435 2723 enim
1451 2659 1538 2721 anima

439 2760 558 2825 Christi
582 2761 749 2824 rideretur
769 2778 832 2823 non
855 2764 996 2840 gratuito
1019 2762 1057 2823 ad
1089 2766 1239 2823 unionem
1261 2780 1335 2824 cum
1362 2760 1468 2823 Verbo
1495 2776 1538 2819 ro·

439 2870 524 2939 cata,
545 2863 600 2926 sed
622 2864 652 2925 id
676 2862 791 2926 merito
812 2881 873 2926 suo
894 2872 1040 2926 assecuta
1064 2882 1148 2927 esse:
1172 2864 1264 2944 quasi
1286 2864 1429 2944 quodam
1458 2862 1540 2923 inter·

442 2965 529 3027 vallo
550 2966 653 3027 anima
685 2963 803 3028 Christi
835 2966 1002 3045 praeiisset
1024 2968 1131 3028 unioni
1154 2984 1231 3028 suae
1253 2984 1326 3028 cum
1352 2964 1471 3039 Verbo,
1492 2980 1538 3023 sen

441 3069 694 3146 praeexstitisset
708 3067 929 3130 incarnationi.
943 3066 1010 3129 hut
1032 3068 1203 3129 dicentum
1218 3075 1299 3129 esset
1314 3070 1454 3129 animam
1466 3064 1543 3128 Chri·

442 3169 482 3229 sti
495 3185 535 3229 ex
549 3168 615 3247 ipsa
633 3186 707 3230 cum
718 3164 826 3230 Verbo
842 3167 959 3230 unione
974 3167 1075 3230 libere
1087 3168 1187 3248 egisse
1199 3169 1279 3229 adeo
1291 3177 1329 3231 ut
1342 3184 1475 3247 peecare
1486 3184 1544 3244 pns-

440 3277 501 3349 set;
523 3270 610 3349 quoti
632 3271 821 3349 neutiquam
843 3269 1076 3333 admittendum
1099 3278 1156 3332 est.
1179 3268 1251 3333 Jam
1274 3274 1427 3351 superius
1451 3270 1543 3331 ohser-

444 3377 553 3433 vatum
575 3379 635 3447 est,
652 3372 780 3434 nullum
802 3372 932 3433 omniuo
955 3372 1107 3449 temporis
1127 3369 1336 3433 intervallum
1361 3370 1434 3451 poni
1457 3370 1492 3431 ab
1510 3364 1545 3428 0·

443 3472 552 3549 rigeoe
573 3472 655 3532 luter
670 3470 795 3532 animae
816 3468 935 3534 Christi
952 3472 1160 3543 creationem,
1178 3470 1390 3550 ejusdemque
1410 3471 1543 3532 unionem

443 3587 518 3632 cnm
534 3567 643 3633 Verbo
653 3590 665 3649 3
680 3589 784 3650 neque
805 3572 878 3633 inde
896 3572 993 3634 statui
1013 3590 1117 3651 posse,
1134 3570 1251 3634 Christi
1267 3572 1406 3633 animam
1427 3568 1546 3633 seorsim

443 3672 586 3736 aVerho
607 3674 758 3736 meritum
779 3684 999 3748 consecutam,
1023 3684 1059 3737 ut
1080 3692 1154 3736 cum
1178 3670 1261 3735 Filio
1283 3672 1341 3737 Dei
1364 3676 1545 3741 sociaretur,

444 3792 518 3838 cnm
540 3784 632 3837 antea
655 3793 717 3837 non
734 3777 899 3838 existeret.

527 3874 577 3938 ho
600 3876 682 3939 hanc
704 3894 783 3938 vero
804 3876 1035 3939 enucleandam
1058 3874 1299 3949 difficultatem,
1322 3876 1389 3939 huc
1411 3892 1548 3965 renascen-

447 3987 513 4054 tur,
528 3996 613 4057 quae
627 3978 741 4040 deinde
763 3978 794 4039 in
815 3961 1065 4057 Anosenhnleosi
1078 3976 1271 4041 Periurchon
1283 3976 1382 4041 Libro
1399 3976 1450 4041 tv.
1464 3999 1492 4039 u.
1505 3972 1547 4039 tt.

445 4079 487 4141 oe
511 4076 675 4140 Trinitatis
705 4079 875 4161 mysterio,
898 4080 982 4141 eirca
1011 4080 1093 4141 idem
1119 4090 1346 4157 argumentum
1373 4080 1495 4158 exegit,
1516 4074 1547 4134 ad

446 4180 581 4243 illorum
614 4188 767 4258 tanquam
799 4179 1073 4254 illustrationem,
1095 4198 1179 4259 quae
1205 4180 1236 4241 in
1269 4182 1330 4243 hoo
1355 4179 1546 4259 paragrapho

446 4278 581 4341 lortassn
612 4278 783 4341 obscurius
803 4280 987 4359 scripserat.
1025 4278 1069 4341 lhi
1092 4298 1231 4359 namque
1263 4298 1358 4359 agens
1385 4279 1424 4343 tle
1455 4276 1546 4339 diuini

444 4379 544 4442 Verbi
565 4398 663 4460 scopo
685 4382 716 4443 in
736 4398 794 4442 sna
818 4381 1029 4455 humanitate,
1053 4381 1174 4459 inquit:
1199 4402 1215 4439 e
1238 4376 1341 4443 Filius
1363 4377 1422 4443 ttct
1447 4378 1545 4439 volens

445 4500 505 4562 nro
524 4482 631 4545 salute
651 4482 777 4561 generis
799 4483 928 4545 humani
951 4500 1108 4561 apparere
1131 4482 1324 4557 hominibus,
1346 4491 1376 4543 et
1400 4482 1480 4542 inter
1495 4480 1542 4539 ho·

446 4585 546 4647 mines
568 4584 767 4656 conuersari,
790 4587 931 4665 suscepit
953 4604 1015 4649 neu
1036 4586 1143 4649 solum
1165 4602 1285 4663 corpus
1312 4583 1496 4655 humanum,
1519 4584 1549 4637 ut
