3375 5567
409 788 613 855 maenaque
632 773 749 838 oculus
764 772 856 848 vidit,
878 788 937 835 uec
957 772 1048 836 auris
1068 772 1207 848 audivit,
1221 790 1327 855 nenne
1346 774 1378 837 lu
1394 794 1459 841 cor
1477 777 1541 841 bo·

409 875 502 937 minis
525 874 769 939 ascenderunt?
790 872 907 953 Neque
929 873 1046 935 misera
1071 884 1105 935 ct
1129 874 1244 936 dolore
1272 875 1365 955 plena
1389 878 1459 939 rita
1482 896 1542 941 eo-

407 977 575 1056 rum,·qui
597 984 837 1055 peccaverunt,
860 979 909 1036 est
929 973 1044 1035 similis
1063 973 1125 1035 ulli
1145 991 1187 1037 ex
1209 975 1270 1048 iis,
1293 992 1379 1053 quae
1398 994 1541 1039 sensum
1610 1015 1612 1020 <

410 1076 464 1137 blo
492 1076 648 1138 cruciant.
672 1074 733 1137 Sed
755 1075 834 1137 etsi
855 1073 990 1152 aliquod
1011 1092 1052 1135 ex
1076 1074 1127 1147 iis,
1149 1092 1234 1153 quae
1255 1074 1323 1135 iilic
1343 1084 1442 1150 snut,
1470 1085 1542 1139 tor·

410 1174 536 1248 mentis,
558 1174 759 1235 nominatum
782 1171 883 1235 luerit
904 1172 1098 1244 nominibus,
1121 1190 1206 1252 quac
1228 1174 1281 1236 hic
1294 1182 1371 1235 suut
1387 1178 1542 1255 cognita,

410 1290 473 1335 nnn
495 1275 526 1335 in
548 1273 675 1336 modico
695 1274 865 1337 coustituit
884 1272 1068 1335 discrimen.
1092 1271 1175 1335 Nam
1196 1290 1274 1335 cum
1287 1269 1394 1353 ignem
1415 1276 1542 1347 audis,

412 1373 549 1437 didicisti
571 1374 713 1454 aliquem
735 1373 777 1436 ab
797 1373 854 1435 illo
876 1373 1042 1435 diversum
1063 1374 1246 1452 intelligere
1283 1391 1324 1437 cx
1350 1392 1413 1448 eo,
1444 1376 1542 1455 quod

410 1473 459 1538 illi
482 1475 545 1553 igni
567 1474 699 1553 aliquod
721 1473 763 1536 sit
783 1473 943 1548 additum,
960 1472 1049 1553 quod
1072 1492 1135 1537 uon
1156 1482 1206 1537 est
1227 1474 1258 1535 in
1279 1474 1352 1538 lsoc.
1371 1472 1456 1538 Nam
1481 1476 1544 1538 ille

411 1574 542 1656 quidem
564 1592 627 1636 non
649 1575 853 1653 extinguitur
861 1594 873 1653 ;
896 1575 983 1637 bunc
1004 1582 1115 1638 autem
1137 1575 1238 1637 mults
1260 1586 1348 1649 suut,
1369 1592 1459 1655 qnae
1480 1596 1544 1640 ex·

413 1678 548 1756 tiguant.
571 1672 687 1755 Magna
709 1692 809 1755 porro
824 1683 874 1737 cst
893 1676 1072 1738 differentia
1094 1677 1180 1738 inter
1193 1692 1281 1747 eum,
1297 1676 1355 1754 qul
1371 1676 1543 1755 extingui·

414 1785 482 1851 tur,
504 1768 537 1838 et
556 1762 644 1849 eum,
660 1777 716 1855 qui
738 1776 864 1837 callam
883 1774 1024 1838 admittit
1043 1776 1285 1838 extinctionem.
1303 1774 1361 1838 Est
1380 1792 1463 1856 ergo
1478 1775 1543 1839 ali·

302 1954 310 1970 .
414 1878 487 1956 quis
508 1876 592 1937 nlius
606 1883 638 1937 et
659 1892 722 1936 nou
745 1874 796 1937 hic
812 1875 903 1953 iguis.
921 1873 1049 1936 Rursus
1064 1891 1140 1934 curn
1156 1891 1287 1936 vermen
1301 1874 1457 1950 audieris,
1483 1892 1540 1948 ne,

415 1986 587 2057 propterea
605 1977 692 2057 qnod
708 1976 791 2039 idern
806 1979 847 2038 sit
868 1992 998 2048 numen,
1020 1976 1059 2037 ad
1084 1984 1240 2038 terrestre
1254 1976 1316 2039 buc
1335 1978 1455 2039 animal
1481 1986 1542 2039 tna

417 2076 545 2141 teratur
565 2078 728 2157 cogitatio.
753 2077 903 2159 Adiectio
933 2078 1018 2137 enirn
1040 2074 1134 2155 ejus,
1157 2077 1246 2156 quod
1267 2093 1329 2139 noa
1350 2079 1539 2153 moriatur,

416 2181 574 2257 suggerit,
591 2178 687 2241 aliam
703 2196 771 2240 esse
795 2162 1036 2255 'intelligendam
1057 2183 1221 2250 naturam,
1236 2192 1336 2255 quam
1349 2194 1434 2253 cunr,
1451 2193 1545 2258 quae

418 2280 630 2359 cognoscitur
651 2296 679 2339 n.

496 2376 539 2443 ttr
559 2386 669 2441 autern
691 2377 792 2440 satius
814 2376 879 2437 dist
902 2375 1052 2457 Gregorii
1075 2395 1163 2442 mens
1197 2378 1329 2459 patefiat
1349 2378 1390 2441 de
1409 2379 1486 2460 ejus
1509 2380 1543 2443 in

417 2478 477 2540 nac
501 2495 537 2540 re
562 2476 735 2539 concordia
756 2490 830 2538 curn
865 2474 1008 2539 Ecclesia
1030 2475 1219 2553 catholica,
1252 2476 1541 2543 animadvertenda

416 2575 552 2639 subeant
583 2575 741 2638 vocabula
766 2566 910 2645 ἀιόνων,
940 2567 1053 2644 ἀΐδιον
1070 2586 1255 2653 aeternnm,
1287 2574 1540 2663 sempiternum

417 2694 501 2756 quae
518 2676 618 2739 veluti
633 2674 825 2738 christianae
844 2676 919 2738 fidel
933 2685 1052 2739 tessere
1068 2678 1107 2739 ad
1129 2678 1335 2740 beatitudinis
1353 2687 1386 2741 et
1406 2680 1537 2741 damna·

421 2776 514 2838 tionis
539 2778 788 2855 perpetuitatem
803 2776 886 2837 idest
903 2778 973 2838 siue
993 2776 1055 2839 liae
1078 2779 1336 2859 exprimendam,
1352 2778 1478 2859 ubique
1499 2794 1540 2840 ac

419 2892 549 2955 semper
568 2876 708 2938 adbibita
729 2885 814 2939 sunt.
835 2874 869 2938 ln
884 2875 1003 2939 eisdem
1025 2878 1109 2940 enim
1130 2879 1322 2941 dictionibus
1344 2878 1469 2942 licetur
1483 2895 1541 2959 pa·

421 2994 490 3039 rem
511 2994 549 3038 ac
573 2977 667 3039 talem
684 2977 980 3056 interpretationem
1002 2979 1218 3053 concinnavit,
1234 2997 1298 3059 qua
1324 2981 1396 3041 aevi
1429 2980 1540 3043 terrui·

420 3093 480 3139 nus
501 3077 713 3151 excludatur,
739 3096 777 3139 ac
808 3079 839 3139 in
869 3096 904 3139 se
928 3079 1164 3139 interminabile
1186 3090 1312 3159 tempus
1327 3081 1541 3157 comprehen-

418 3176 484 3238 dat.
509 3174 718 3254 Quapropter
749 3186 862 3238 contre
894 3176 1090 3239 Eunomium
1125 3179 1324 3241 haereticum
1348 3180 1380 3243 is
1409 3176 1541 3240 Oratio·

421 3296 460 3339 nc
475 3274 514 3341 X.
535 3278 575 3337 dc
595 3277 787 3339 aeternitate
813 3274 910 3339 Verbi
934 3278 1076 3341 locutus:
1103 3300 1120 3337 s
1149 3280 1181 3343 st
1203 3281 1315 3357 igitur,
1341 3280 1459 3358 inquit,
1474 3294 1541 3340 uon

421 3387 469 3441 εει
491 3380 522 3439 in
545 3375 628 3438 Filio
653 3378 715 3439 nita
745 3389 901 3454 aeterua,
927 3380 1066 3441 mendax
1096 3380 1352 3459 deprehenditur
1378 3381 1458 3453 ille,
1481 3379 1540 3459 qui

420 3476 515 3552 dixit,
537 3494 590 3555 epo
611 3494 681 3537 snm
701 3474 785 3556 νᾶες
814 3479 879 3539 rita
908 3479 1039 3557 quidem
1060 3488 1107 3541 est
1129 3496 1192 3541 non
1223 3489 1376 3554 aeterna,
1398 3470 1484 3548 ἀλλὰ
1502 3464 1542 3544 τδ

420 3569 841 3678 etcaesarvmperennes
866 3572 991 3655 πάντες
1012 3577 1033 3639 i.
1050 3594 1079 3639 e.
1098 3578 1155 3641 sed
1176 3578 1266 3656 qnod
1285 3594 1349 3639 non
1368 3589 1541 3642 aeternum

426 3686 486 3751 cst,
508 3675 637 3737 omniuo
659 3677 697 3737 ad
722 3684 848 3756 tempus
868 3687 926 3740 est.
949 3674 1046 3739 Talis
1066 3686 1177 3740 sutem
1201 3679 1286 3740 ritae
1308 3677 1429 3757 species
1450 3696 1541 3741 eom·

424 3775 528 3836 munis
549 3783 597 3835 est
613 3774 797 3837 belluarum
813 3784 877 3839 etc.
890 3795 908 3833 s
922 3774 960 3839 Et
975 3777 1007 3837 ln
1028 3776 1186 3839 Oratione
1201 3774 1225 3836 l.
1246 3776 1376 3839 scribite
1392 3797 1409 3837 c
1424 3775 1458 3839 ld
1470 3780 1540 3841 slas

425 3874 488 3935 due
509 3884 570 3947 est,
582 3875 669 3953 quod
686 3876 799 3939 mortis
820 3885 854 3938 ct
867 3878 1015 3940 interitus
1036 3895 1099 3939 nou
1114 3884 1162 3939 cst
1176 3894 1296 3956 capax3
1311 3878 1425 3941 eodem
1442 3878 1540 3941 modu

425 3974 455 4034 ld
478 3982 648 4035 aeternum
670 3983 739 4050 est,
762 3976 849 4055 quod
872 3993 935 4039 uon
956 3977 996 4037 ad
1030 3985 1157 4056 tempus
1177 3976 1307 4039 dicitur.
1342 3975 1437 4052 Quod
1458 3994 1539 4055 ergo

425 4090 530 4152 neque
551 4079 720 4136 aeteruum
747 4082 807 4153 est,
829 4093 936 4155 neque
957 4076 1019 4138 tlue
1040 4084 1149 4151 caret,
1183 4076 1244 4137 boc
1276 4094 1411 4157 prorsus
1431 4078 1463 4137 in
1483 4094 1540 4137 ua-

426 4182 499 4237 turs
519 4174 726 4253 corruptibili
747 4182 780 4237 et
801 4178 971 4256 temporali
992 4178 1148 4239 cernitur.
1171 4195 1188 4232 s
1211 4174 1278 4253 Qut
1299 4194 1379 4256 ergo
1394 4176 1463 4238 deri
1485 4192 1541 4256 po·

427 4282 500 4348 test,
524 4281 561 4335 ut
580 4292 605 4335 s.
628 4272 829 4356 Gregorius,
855 4294 916 4338 una
937 4277 1034 4339 simul
1057 4278 1231 4355 resumptis
1251 4276 1323 4356 eius
1343 4278 1385 4337 de
1406 4279 1468 4341 noc
1486 4294 1540 4339 cr·

427 4382 578 4451 gementu
601 4376 799 4453 testimoniis,
822 4375 941 4439 eisdem
965 4375 1131 4439 rocsbulis
1152 4394 1231 4438 usus
1245 4376 1460 4439 sitarternurn
1478 4376 1540 4439 sci·

424 4472 502 4535 licet
522 4479 555 4535 et
574 4472 810 4552 sempiternum,
835 4476 932 4541 modo
955 4477 996 4538 ad
1020 4484 1151 4558 tempus
1177 4475 1315 4551 finitum,
1345 4478 1441 4542 modo
1468 4474 1538 4540 inti·
