<?xml version="1.0" encoding="UTF-8"?>
<!DOCTYPE html PUBLIC "-//W3C//DTD XHTML 1.0 Transitional//EN"
    "http://www.w3.org/TR/xhtml1/DTD/xhtml1-transitional.dtd">
<html xmlns="http://www.w3.org/1999/xhtml" xml:lang="en" lang="en">
 <head>
  <title>
</title>
<meta http-equiv="Content-Type" content="text/html;charset=utf-8" />
  <meta name='ocr-system' content='tesseract 3.04.00' />
  <meta name='ocr-capabilities' content='ocr_page ocr_carea ocr_par ocr_line ocrx_word'/>
</head>
<body>
  <div class='ocr_page' id='page_1' title='image "./insgregoriinyss02vincgoog/insgregoriinyss02vincgoog_0791.png"; bbox 0 0 3375 5567; ppageno 0'>
   <div class='ocr_carea' id='block_1_1' title="bbox 134 768 1245 2593">
    <p class='ocr_par' dir='ltr' id='par_1_1' title="bbox 134 768 1245 2473">
     <span class='ocr_line' id='line_1_1' title="bbox 147 768 1245 863; baseline 0.002 -20"><span class='ocrx_word' id='word_1_1' title='bbox 147 782 263 843; x_wconf 85' lang='lat' dir='ltr'><strong>mtoras</strong></span> <span class='ocrx_word' id='word_1_2' title='bbox 282 780 314 844; x_wconf 87' lang='lat' dir='ltr'><strong>io</strong></span> <span class='ocrx_word' id='word_1_3' title='bbox 337 779 466 845; x_wconf 85' lang='lat' dir='ltr'><strong>nomine</strong></span> <span class='ocrx_word' id='word_1_4' title='bbox 496 787 650 863; x_wconf 86' lang='lat' dir='ltr'><strong>prarataa</strong></span> <span class='ocrx_word' id='word_1_5' title='bbox 678 781 882 845; x_wconf 85' lang='lat' dir='ltr'><strong>considerans</strong></span> <span class='ocrx_word' id='word_1_6' title='bbox 910 768 1067 857; x_wconf 74' lang='lat' dir='ltr'><strong>allectus,</strong></span> <span class='ocrx_word' id='word_1_7' title='bbox 1092 786 1245 862; x_wconf 76' lang='lat' dir='ltr'><strong>donnum</strong></span> 
     </span>
     <span class='ocr_line' id='line_1_2' title="bbox 145 870 1235 965; baseline 0.004 -20"><span class='ocrx_word' id='word_1_8' title='bbox 145 882 234 963; x_wconf 78' lang='lat' dir='ltr'><strong>patro</strong></span> <span class='ocrx_word' id='word_1_9' title='bbox 248 884 408 965; x_wconf 85' lang='lat' dir='ltr'><strong>particeps</strong></span> <span class='ocrx_word' id='word_1_10' title='bbox 425 872 491 948; x_wconf 79' lang='lat' dir='ltr'><strong>eat:</strong></span> <span class='ocrx_word' id='word_1_11' title='bbox 510 882 642 960; x_wconf 75' lang='lat' dir='ltr'><strong>«Quasi</strong></span> <span class='ocrx_word' id='word_1_12' title='bbox 663 885 760 959; x_wconf 90' lang='lat' dir='ltr'><strong>enim,</strong></span> <span class='ocrx_word' id='word_1_13' title='bbox 783 870 872 959; x_wconf 82' lang='lat' dir='ltr'><strong>dicit,</strong></span> <span class='ocrx_word' id='word_1_14' title='bbox 891 884 1020 947; x_wconf 77' lang='lat' dir='ltr'><strong>vivente</strong></span> <span class='ocrx_word' id='word_1_15' title='bbox 1040 883 1072 945; x_wconf 87' lang='lat' dir='ltr'><strong>in</strong></span> <span class='ocrx_word' id='word_1_16' title='bbox 1086 884 1176 948; x_wconf 81' lang='lat' dir='ltr'><strong>nolis</strong></span> <span class='ocrx_word' id='word_1_17' title='bbox 1190 884 1235 949; x_wconf 56' lang='grc' dir='ltr'><strong>Αι</strong></span> 
     </span>
     <span class='ocr_line' id='line_1_3' title="bbox 144 983 1235 1067; baseline 0.005 -22"><span class='ocrx_word' id='word_1_18' title='bbox 144 983 237 1061; x_wconf 83' lang='lat' dir='ltr'><strong>tamo,</strong></span> <span class='ocrx_word' id='word_1_19' title='bbox 255 986 439 1066; x_wconf 75' lang='lat' dir='ltr'><strong>singulatim</strong></span> <span class='ocrx_word' id='word_1_20' title='bbox 460 1001 569 1049; x_wconf 88' lang='lat' dir='ltr'><strong>omnes</strong></span> <span class='ocrx_word' id='word_1_21' title='bbox 584 984 739 1061; x_wconf 89' lang='lat' dir='ltr'><strong>homines,</strong></span> <span class='ocrx_word' id='word_1_22' title='bbox 758 984 914 1067; x_wconf 85' lang='lat' dir='ltr'><strong>quamdiu</strong></span> <span class='ocrx_word' id='word_1_23' title='bbox 933 985 1085 1067; x_wconf 84' lang='lat' dir='ltr'><strong>pelliceas</strong></span> <span class='ocrx_word' id='word_1_24' title='bbox 1107 985 1163 1049; x_wconf 82' lang='lat' dir='ltr'><strong>irat</strong></span> <span class='ocrx_word' id='word_1_25' title='bbox 1185 993 1235 1051; x_wconf 93' lang='lat' dir='ltr'><strong>tn·</strong></span> 
     </span>
     <span class='ocr_line' id='line_1_4' title="bbox 144 1083 1235 1168; baseline 0.003 -21"><span class='ocrx_word' id='word_1_26' title='bbox 144 1083 217 1149; x_wconf 84' lang='lat' dir='ltr'><strong>oleas</strong></span> <span class='ocrx_word' id='word_1_27' title='bbox 243 1088 330 1151; x_wconf 87' lang='lat' dir='ltr'><strong>eirea</strong></span> <span class='ocrx_word' id='word_1_28' title='bbox 352 1093 502 1151; x_wconf 87' lang='lat' dir='ltr'><strong>naturam</strong></span> <span class='ocrx_word' id='word_1_29' title='bbox 530 1095 672 1150; x_wconf 90' lang='lat' dir='ltr'><strong>nostram</strong></span> <span class='ocrx_word' id='word_1_30' title='bbox 694 1087 862 1165; x_wconf 85' lang='lat' dir='ltr'><strong>ridemus,</strong></span> <span class='ocrx_word' id='word_1_31' title='bbox 891 1092 923 1150; x_wconf 94' lang='lat' dir='ltr'><strong>et</strong></span> <span class='ocrx_word' id='word_1_32' title='bbox 944 1088 1134 1168; x_wconf 85' lang='lat' dir='ltr'><strong>temporalia</strong></span> <span class='ocrx_word' id='word_1_33' title='bbox 1157 1089 1235 1151; x_wconf 83' lang='lat' dir='ltr'><strong>lolia</strong></span> 
     </span>
     <span class='ocr_line' id='line_1_5' title="bbox 143 1176 1235 1270; baseline 0.004 -23"><span class='ocrx_word' id='word_1_34' title='bbox 143 1187 301 1250; x_wconf 88' lang='lat' dir='ltr'><strong>materialis</strong></span> <span class='ocrx_word' id='word_1_35' title='bbox 324 1188 422 1270; x_wconf 84' lang='lat' dir='ltr'><strong>lrujns</strong></span> <span class='ocrx_word' id='word_1_36' title='bbox 438 1189 521 1249; x_wconf 86' lang='lat' dir='ltr'><strong>ritae</strong></span> <span class='ocrx_word' id='word_1_37' title='bbox 535 1195 596 1251; x_wconf 88' lang='lat' dir='ltr'><strong>otc.</strong></span> <span class='ocrx_word' id='word_1_38' title='bbox 613 1186 677 1250; x_wconf 83' lang='lat' dir='ltr'><strong>»td</strong></span> <span class='ocrx_word' id='word_1_39' title='bbox 693 1195 800 1250; x_wconf 91' lang='lat' dir='ltr'><strong>autem</strong></span> <span class='ocrx_word' id='word_1_40' title='bbox 815 1188 913 1251; x_wconf 90' lang='lat' dir='ltr'><strong>latius</strong></span> <span class='ocrx_word' id='word_1_41' title='bbox 928 1195 1046 1253; x_wconf 86' lang='lat' dir='ltr'><strong>tractat</strong></span> <span class='ocrx_word' id='word_1_42' title='bbox 1061 1189 1092 1251; x_wconf 89' lang='lat' dir='ltr'><strong>io</strong></span> <span class='ocrx_word' id='word_1_43' title='bbox 1104 1176 1235 1252; x_wconf 80' lang='lat' dir='ltr'><strong>Oratio·</strong></span> 
     </span>
     <span class='ocr_line' id='line_1_6' title="bbox 141 1286 1236 1370; baseline 0.002 -21"><span class='ocrx_word' id='word_1_44' title='bbox 141 1304 173 1350; x_wconf 88' lang='lat' dir='ltr'><strong>nc</strong></span> <span class='ocrx_word' id='word_1_45' title='bbox 192 1286 232 1351; x_wconf 74' lang='lat' dir='ltr'><strong>ne</strong></span> <span class='ocrx_word' id='word_1_46' title='bbox 250 1286 407 1355; x_wconf 75' lang='lat' dir='ltr'><strong>Mortuis:</strong></span> <span class='ocrx_word' id='word_1_47' title='bbox 424 1308 441 1349; x_wconf 81' lang='lat' dir='ltr'><strong>a</strong></span> <span class='ocrx_word' id='word_1_48' title='bbox 456 1288 595 1366; x_wconf 81' lang='lat' dir='ltr'><strong>Etenim,</strong></span> <span class='ocrx_word' id='word_1_49' title='bbox 610 1289 733 1364; x_wconf 82' lang='lat' dir='ltr'><strong>scribit,</strong></span> <span class='ocrx_word' id='word_1_50' title='bbox 749 1290 774 1352; x_wconf 89' lang='lat' dir='ltr'><strong>si</strong></span> <span class='ocrx_word' id='word_1_51' title='bbox 797 1289 877 1352; x_wconf 86' lang='lat' dir='ltr'><strong>tales</strong></span> <span class='ocrx_word' id='word_1_52' title='bbox 896 1290 1134 1364; x_wconf 75' lang='lat' dir='ltr'><strong>mansissemus,</strong></span> <span class='ocrx_word' id='word_1_53' title='bbox 1155 1306 1236 1370; x_wconf 89' lang='lat' dir='ltr'><strong>qua·</strong></span> 
     </span>
     <span class='ocr_line' id='line_1_7' title="bbox 139 1385 1235 1473; baseline 0.004 -24"><span class='ocrx_word' id='word_1_54' title='bbox 139 1388 178 1452; x_wconf 85' lang='lat' dir='ltr'><strong>les</strong></span> <span class='ocrx_word' id='word_1_55' title='bbox 195 1390 281 1455; x_wconf 91' lang='lat' dir='ltr'><strong>initio</strong></span> <span class='ocrx_word' id='word_1_56' title='bbox 303 1393 424 1457; x_wconf 89' lang='lat' dir='ltr'><strong>luimus</strong></span> <span class='ocrx_word' id='word_1_57' title='bbox 443 1387 692 1473; x_wconf 67' lang='lat' dir='ltr'><strong>procrastinat</strong></span> <span class='ocrx_word' id='word_1_58' title='bbox 712 1385 922 1455; x_wconf 89' lang='lat' dir='ltr'><strong>similitudine</strong></span> <span class='ocrx_word' id='word_1_59' title='bbox 941 1394 974 1454; x_wconf 91' lang='lat' dir='ltr'><strong>in</strong></span> <span class='ocrx_word' id='word_1_60' title='bbox 994 1392 1085 1455; x_wconf 85' lang='lat' dir='ltr'><strong>nobis</strong></span> <span class='ocrx_word' id='word_1_61' title='bbox 1104 1392 1235 1455; x_wconf 84' lang='lat' dir='ltr'><strong>elucen-</strong></span> 
     </span>
     <span class='ocr_line' id='line_1_8' title="bbox 140 1490 1233 1573; baseline 0.001 -20"><span class='ocrx_word' id='word_1_62' title='bbox 140 1498 183 1567; x_wconf 87' lang='lat' dir='ltr'><strong>te,</strong></span> <span class='ocrx_word' id='word_1_63' title='bbox 204 1492 336 1572; x_wconf 88' lang='lat' dir='ltr'><strong>pellicea</strong></span> <span class='ocrx_word' id='word_1_64' title='bbox 358 1495 466 1559; x_wconf 90' lang='lat' dir='ltr'><strong>tonica</strong></span> <span class='ocrx_word' id='word_1_65' title='bbox 491 1495 679 1573; x_wconf 89' lang='lat' dir='ltr'><strong>nentiquam</strong></span> <span class='ocrx_word' id='word_1_66' title='bbox 708 1492 963 1573; x_wconf 78' lang='lat' dir='ltr'><strong>indiguissemns.</strong></span> <span class='ocrx_word' id='word_1_67' title='bbox 982 1510 999 1550; x_wconf 82' lang='lat' dir='ltr'><strong>o</strong></span> <span class='ocrx_word' id='word_1_68' title='bbox 1017 1490 1119 1555; x_wconf 87' lang='lat' dir='ltr'><strong>Panlo</strong></span> <span class='ocrx_word' id='word_1_69' title='bbox 1139 1499 1233 1573; x_wconf 89' lang='lat' dir='ltr'><strong>post:</strong></span> 
     </span>
     <span class='ocr_line' id='line_1_9' title="bbox 139 1590 1233 1675; baseline 0.005 -23"><span class='ocrx_word' id='word_1_70' title='bbox 139 1590 283 1658; x_wconf 82' lang='lat' dir='ltr'><strong>«Etenim</strong></span> <span class='ocrx_word' id='word_1_71' title='bbox 304 1612 379 1659; x_wconf 88' lang='lat' dir='ltr'><strong>oum</strong></span> <span class='ocrx_word' id='word_1_72' title='bbox 405 1612 597 1673; x_wconf 79' lang='lat' dir='ltr'><strong>corpoream</strong></span> <span class='ocrx_word' id='word_1_73' title='bbox 629 1594 720 1657; x_wconf 86' lang='lat' dir='ltr'><strong>istam</strong></span> <span class='ocrx_word' id='word_1_74' title='bbox 744 1594 945 1675; x_wconf 82' lang='lat' dir='ltr'><strong>voluptatem</strong></span> <span class='ocrx_word' id='word_1_75' title='bbox 974 1596 1070 1657; x_wconf 86' lang='lat' dir='ltr'><strong>animi</strong></span> <span class='ocrx_word' id='word_1_76' title='bbox 1091 1595 1233 1658; x_wconf 88' lang='lat' dir='ltr'><strong>laetitiae</strong></span> 
     </span>
     <span class='ocr_line' id='line_1_10' title="bbox 137 1692 1234 1777; baseline 0.001 -20"><span class='ocrx_word' id='word_1_77' title='bbox 137 1696 342 1773; x_wconf 72' lang='lat' dir='ltr'><strong>praetulisset,</strong></span> <span class='ocrx_word' id='word_1_78' title='bbox 366 1696 452 1759; x_wconf 85' lang='lat' dir='ltr'><strong>risus</strong></span> <span class='ocrx_word' id='word_1_79' title='bbox 473 1704 521 1759; x_wconf 89' lang='lat' dir='ltr'><strong>est</strong></span> <span class='ocrx_word' id='word_1_80' title='bbox 541 1696 780 1777; x_wconf 85' lang='lat' dir='ltr'><strong>quodammodo</strong></span> <span class='ocrx_word' id='word_1_81' title='bbox 801 1692 889 1758; x_wconf 85' lang='lat' dir='ltr'><strong>[lens</strong></span> <span class='ocrx_word' id='word_1_82' title='bbox 909 1696 1109 1775; x_wconf 89' lang='lat' dir='ltr'><strong>permittere,</strong></span> <span class='ocrx_word' id='word_1_83' title='bbox 1132 1696 1234 1759; x_wconf 85' lang='lat' dir='ltr'><strong>nomi·</strong></span> 
     </span>
     <span class='ocr_line' id='line_1_11' title="bbox 136 1796 1234 1880; baseline 0.001 -22"><span class='ocrx_word' id='word_1_84' title='bbox 136 1813 196 1858; x_wconf 90' lang='lat' dir='ltr'><strong>nem</strong></span> <span class='ocrx_word' id='word_1_85' title='bbox 211 1816 249 1861; x_wconf 92' lang='lat' dir='ltr'><strong>eo</strong></span> <span class='ocrx_word' id='word_1_86' title='bbox 271 1798 394 1879; x_wconf 90' lang='lat' dir='ltr'><strong>impetu</strong></span> <span class='ocrx_word' id='word_1_87' title='bbox 410 1797 487 1861; x_wconf 83' lang='lat' dir='ltr'><strong>terri</strong></span> <span class='ocrx_word' id='word_1_88' title='bbox 508 1806 643 1880; x_wconf 89' lang='lat' dir='ltr'><strong>propter</strong></span> <span class='ocrx_word' id='word_1_89' title='bbox 664 1799 806 1861; x_wconf 89' lang='lat' dir='ltr'><strong>tunicam</strong></span> <span class='ocrx_word' id='word_1_90' title='bbox 820 1796 911 1859; x_wconf 89' lang='lat' dir='ltr'><strong>illam</strong></span> <span class='ocrx_word' id='word_1_91' title='bbox 932 1796 1114 1878; x_wconf 88' lang='lat' dir='ltr'><strong>pelliceam,</strong></span> <span class='ocrx_word' id='word_1_92' title='bbox 1136 1814 1234 1877; x_wconf 82' lang='lat' dir='ltr'><strong>qnam</strong></span> 
     </span>
     <span class='ocr_line' id='line_1_12' title="bbox 135 1890 1234 1985; baseline 0.003 -25"><span class='ocrx_word' id='word_1_93' title='bbox 135 1898 169 1961; x_wconf 86' lang='lat' dir='ltr'><strong>ol</strong></span> <span class='ocrx_word' id='word_1_94' title='bbox 187 1899 255 1982; x_wconf 78' lang='lat' dir='ltr'><strong>ejus</strong></span> <span class='ocrx_word' id='word_1_95' title='bbox 276 1902 521 1983; x_wconf 81' lang='lat' dir='ltr'><strong>propensionem</strong></span> <span class='ocrx_word' id='word_1_96' title='bbox 542 1901 581 1964; x_wconf 85' lang='lat' dir='ltr'><strong>ad</strong></span> <span class='ocrx_word' id='word_1_97' title='bbox 603 1900 726 1965; x_wconf 91' lang='lat' dir='ltr'><strong>malum</strong></span> <span class='ocrx_word' id='word_1_98' title='bbox 750 1900 855 1964; x_wconf 89' lang='lat' dir='ltr'><strong>induit</strong></span> <span class='ocrx_word' id='word_1_99' title='bbox 881 1901 986 1963; x_wconf 89' lang='lat' dir='ltr'><strong>illum.</strong></span> <span class='ocrx_word' id='word_1_100' title='bbox 1010 1898 1084 1977; x_wconf 85' lang='lat' dir='ltr'><strong>Qua</strong></span> <span class='ocrx_word' id='word_1_101' title='bbox 1103 1890 1234 1985; x_wconf 82' lang='lat' dir='ltr'><strong>qnidei&#39;n</strong></span> 
     </span>
     <span class='ocr_line' id='line_1_13' title="bbox 136 2001 1229 2085; baseline 0.003 -25"><span class='ocrx_word' id='word_1_102' title='bbox 136 2001 242 2078; x_wconf 86' lang='lat' dir='ltr'><strong>tonica,</strong></span> <span class='ocrx_word' id='word_1_103' title='bbox 255 2010 392 2067; x_wconf 91' lang='lat' dir='ltr'><strong>naturae</strong></span> <span class='ocrx_word' id='word_1_104' title='bbox 406 2003 601 2067; x_wconf 86' lang='lat' dir='ltr'><strong>irrationalis</strong></span> <span class='ocrx_word' id='word_1_105' title='bbox 613 2004 825 2085; x_wconf 90' lang='lat' dir='ltr'><strong>proprietates</strong></span> <span class='ocrx_word' id='word_1_106' title='bbox 838 2001 956 2064; x_wconf 88' lang='lat' dir='ltr'><strong>bomini</strong></span> <span class='ocrx_word' id='word_1_107' title='bbox 968 2001 1130 2065; x_wconf 73' lang='lat' dir='ltr'><strong>admixtae</strong></span> <span class='ocrx_word' id='word_1_108' title='bbox 1143 2006 1229 2066; x_wconf 89' lang='lat' dir='ltr'><strong>sunt.</strong></span> 
     </span>
     <span class='ocr_line' id='line_1_14' title="bbox 134 2091 1234 2185; baseline 0.003 -22"><span class='ocrx_word' id='word_1_109' title='bbox 134 2100 282 2182; x_wconf 85' lang='lat' dir='ltr'><strong>Sapientia</strong></span> <span class='ocrx_word' id='word_1_110' title='bbox 304 2104 388 2168; x_wconf 90' lang='lat' dir='ltr'><strong>enim</strong></span> <span class='ocrx_word' id='word_1_111' title='bbox 409 2104 479 2181; x_wconf 90' lang='lat' dir='ltr'><strong>illa,</strong></span> <span class='ocrx_word' id='word_1_112' title='bbox 501 2119 585 2185; x_wconf 84' lang='lat' dir='ltr'><strong>qnae</strong></span> <span class='ocrx_word' id='word_1_113' title='bbox 606 2119 664 2183; x_wconf 87' lang='lat' dir='ltr'><strong>per</strong></span> <span class='ocrx_word' id='word_1_114' title='bbox 684 2106 847 2167; x_wconf 86' lang='lat' dir='ltr'><strong>contraria</strong></span> <span class='ocrx_word' id='word_1_115' title='bbox 868 2102 955 2184; x_wconf 85' lang='lat' dir='ltr'><strong>quod</strong></span> <span class='ocrx_word' id='word_1_116' title='bbox 978 2091 1105 2179; x_wconf 81' lang='lat' dir='ltr'><strong>niellus,</strong></span> <span class='ocrx_word' id='word_1_117' title='bbox 1127 2103 1234 2183; x_wconf 82' lang='lat' dir='ltr'><strong>dispo·</strong></span> 
     </span>
     <span class='ocr_line' id='line_1_15' title="bbox 135 2202 1241 2279; baseline 0.004 -16"><span class='ocrx_word' id='word_1_118' title='bbox 135 2202 186 2279; x_wconf 90' lang='lat' dir='ltr'><strong>nit,</strong></span> <span class='ocrx_word' id='word_1_119' title='bbox 208 2212 346 2269; x_wconf 87' lang='lat' dir='ltr'><strong>naturae</strong></span> <span class='ocrx_word' id='word_1_120' title='bbox 367 2205 517 2269; x_wconf 88' lang='lat' dir='ltr'><strong>rationali</strong></span> <span class='ocrx_word' id='word_1_121' title='bbox 539 2205 714 2269; x_wconf 85' lang='lat' dir='ltr'><strong>bestiarum</strong></span> <span class='ocrx_word' id='word_1_122' title='bbox 735 2204 958 2269; x_wconf 86' lang='lat' dir='ltr'><strong>indumentum</strong></span> <span class='ocrx_word' id='word_1_123' title='bbox 978 2202 1127 2268; x_wconf 86' lang='lat' dir='ltr'><strong>oonleelt.</strong></span> <span class='ocrx_word' id='word_1_124' title='bbox 1149 2202 1241 2270; x_wconf 84' lang='lat' dir='ltr'><strong>Nam·</strong></span> 
     </span>
     <span class='ocr_line' id='line_1_16' title="bbox 135 2306 1234 2387; baseline 0.003 -21"><span class='ocrx_word' id='word_1_125' title='bbox 135 2306 231 2369; x_wconf 81' lang='lat' dir='ltr'><strong>tonica</strong></span> <span class='ocrx_word' id='word_1_126' title='bbox 255 2306 314 2369; x_wconf 90' lang='lat' dir='ltr'><strong>illa</strong></span> <span class='ocrx_word' id='word_1_127' title='bbox 334 2308 471 2386; x_wconf 87' lang='lat' dir='ltr'><strong>pellicea</strong></span> <span class='ocrx_word' id='word_1_128' title='bbox 501 2324 611 2371; x_wconf 87' lang='lat' dir='ltr'><strong>secum</strong></span> <span class='ocrx_word' id='word_1_129' title='bbox 635 2306 740 2371; x_wconf 81' lang='lat' dir='ltr'><strong>terens</strong></span> <span class='ocrx_word' id='word_1_130' title='bbox 760 2324 870 2371; x_wconf 87' lang='lat' dir='ltr'><strong>omnes</strong></span> <span class='ocrx_word' id='word_1_131' title='bbox 900 2306 1130 2387; x_wconf 85' lang='lat' dir='ltr'><strong>proprietates,</strong></span> <span class='ocrx_word' id='word_1_132' title='bbox 1153 2322 1234 2386; x_wconf 84' lang='lat' dir='ltr'><strong>quas</strong></span> 
     </span>
     <span class='ocr_line' id='line_1_17' title="bbox 134 2405 715 2473; baseline -0.005 -4"><span class='ocrx_word' id='word_1_133' title='bbox 134 2405 301 2473; x_wconf 81' lang='lat' dir='ltr'><strong>bestiarum</strong></span> <span class='ocrx_word' id='word_1_134' title='bbox 323 2416 437 2472; x_wconf 87' lang='lat' dir='ltr'><strong>natura</strong></span> <span class='ocrx_word' id='word_1_135' title='bbox 460 2408 599 2472; x_wconf 87' lang='lat' dir='ltr'><strong>continet</strong></span> <span class='ocrx_word' id='word_1_136' title='bbox 619 2414 715 2471; x_wconf 72' lang='lat' dir='ltr'><strong>etc.»</strong></span> 
     </span>
    </p>

    <p class='ocr_par' dir='ltr' id='par_1_2' title="bbox 198 2499 1234 2593">
     <span class='ocr_line' id='line_1_18' title="bbox 198 2499 1234 2593; baseline 0.002 -20"><span class='ocrx_word' id='word_1_137' title='bbox 198 2509 309 2591; x_wconf 89' lang='lat' dir='ltr'><strong>Siquis</strong></span> <span class='ocrx_word' id='word_1_138' title='bbox 322 2510 422 2589; x_wconf 76' lang='lat' dir='ltr'><strong>igitur</strong></span> <span class='ocrx_word' id='word_1_139' title='bbox 436 2508 593 2585; x_wconf 78' lang='lat' dir='ltr'><strong>conterat,</strong></span> <span class='ocrx_word' id='word_1_140' title='bbox 612 2526 696 2590; x_wconf 86' lang='lat' dir='ltr'><strong>quae</strong></span> <span class='ocrx_word' id='word_1_141' title='bbox 716 2499 881 2593; x_wconf 79' lang='lat' dir='ltr'><strong>Nyssenns</strong></span> <span class='ocrx_word' id='word_1_142' title='bbox 901 2508 1040 2589; x_wconf 84' lang='lat' dir='ltr'><strong>scripsit,</strong></span> <span class='ocrx_word' id='word_1_143' title='bbox 1055 2508 1172 2575; x_wconf 86' lang='lat' dir='ltr'><strong>ceteris</strong></span> <span class='ocrx_word' id='word_1_144' title='bbox 1192 2508 1234 2575; x_wconf 86' lang='lat' dir='ltr'><strong>ab</strong></span> 
     </span>
    </p>
   </div>
   <div class='ocr_carea' id='block_1_2' title="bbox 133 2606 1338 2695">
    <p class='ocr_par' dir='ltr' id='par_1_3' title="bbox 133 2606 1338 2695">
     <span class='ocr_line' id='line_1_19' title="bbox 133 2606 1338 2695; baseline 0.006 -22"><span class='ocrx_word' id='word_1_145' title='bbox 133 2606 264 2692; x_wconf 74' lang='lat' dir='ltr'><strong>Origene</strong></span> <span class='ocrx_word' id='word_1_146' title='bbox 277 2613 428 2675; x_wconf 87' lang='lat' dir='ltr'><strong>discussis</strong></span> <span class='ocrx_word' id='word_1_147' title='bbox 444 2611 484 2675; x_wconf 87' lang='lat' dir='ltr'><strong>de</strong></span> <span class='ocrx_word' id='word_1_148' title='bbox 504 2611 616 2675; x_wconf 89' lang='lat' dir='ltr'><strong>eedem</strong></span> <span class='ocrx_word' id='word_1_149' title='bbox 631 2608 820 2692; x_wconf 88' lang='lat' dir='ltr'><strong>Scriptnrne</strong></span> <span class='ocrx_word' id='word_1_150' title='bbox 840 2610 1024 2675; x_wconf 88' lang='lat' dir='ltr'><strong>elocutione</strong></span> <span class='ocrx_word' id='word_1_151' title='bbox 1034 2610 1048 2692; x_wconf 70' lang='grc' dir='ltr'><strong>ς’</strong></span> <span class='ocrx_word' id='word_1_152' title='bbox 1062 2608 1235 2695; x_wconf 78' lang='lat' dir='ltr'><strong>ntrinsdne‘</strong></span> <span class='ocrx_word' id='word_1_153' title='bbox 1334 2606 1338 2616; x_wconf 80' lang='grc'>’</span> 
     </span>
    </p>
   </div>
   <div class='ocr_carea' id='block_1_3' title="bbox 127 2712 1238 4611">
    <p class='ocr_par' dir='ltr' id='par_1_4' title="bbox 127 2712 1238 4611">
     <span class='ocr_line' id='line_1_20' title="bbox 134 2712 1236 2797; baseline 0.005 -24"><span class='ocrx_word' id='word_1_154' title='bbox 134 2713 287 2794; x_wconf 89' lang='lat' dir='ltr'><strong>repererit</strong></span> <span class='ocrx_word' id='word_1_155' title='bbox 320 2712 615 2792; x_wconf 71' lang='lat' dir='ltr'><strong>interpretationem</strong></span> <span class='ocrx_word' id='word_1_156' title='bbox 640 2713 812 2775; x_wconf 79' lang='lat' dir='ltr'><strong>convenire</strong></span> <span class='ocrx_word' id='word_1_157' title='bbox 842 2712 1078 2796; x_wconf 76' lang='lat' dir='ltr'><strong>symbolicam:</strong></span> <span class='ocrx_word' id='word_1_158' title='bbox 1114 2733 1236 2797; x_wconf 81' lang='lat' dir='ltr'><strong>nequa·</strong></span> 
     </span>
     <span class='ocr_line' id='line_1_21' title="bbox 132 2810 1235 2893; baseline 0.005 -17"><span class='ocrx_word' id='word_1_159' title='bbox 132 2832 220 2893; x_wconf 89' lang='lat' dir='ltr'><strong>qnam</strong></span> <span class='ocrx_word' id='word_1_160' title='bbox 234 2832 328 2890; x_wconf 86' lang='lat' dir='ltr'><strong>reru,</strong></span> <span class='ocrx_word' id='word_1_161' title='bbox 347 2820 384 2877; x_wconf 88' lang='lat' dir='ltr'><strong>ut</strong></span> <span class='ocrx_word' id='word_1_162' title='bbox 398 2814 574 2877; x_wconf 82' lang='lat' dir='ltr'><strong>excludant</strong></span> <span class='ocrx_word' id='word_1_163' title='bbox 594 2813 636 2876; x_wconf 82' lang='lat' dir='ltr'><strong>ab</strong></span> <span class='ocrx_word' id='word_1_164' title='bbox 649 2810 774 2875; x_wconf 72' lang='lat' dir='ltr'><strong>Adamo</strong></span> <span class='ocrx_word' id='word_1_165' title='bbox 790 2821 821 2875; x_wconf 92' lang='lat' dir='ltr'><strong>et</strong></span> <span class='ocrx_word' id='word_1_166' title='bbox 835 2813 876 2875; x_wconf 89' lang='lat' dir='ltr'><strong>ab</strong></span> <span class='ocrx_word' id='word_1_167' title='bbox 888 2812 957 2877; x_wconf 83' lang='lat' dir='ltr'><strong>Era</strong></span> <span class='ocrx_word' id='word_1_168' title='bbox 979 2817 1147 2880; x_wconf 84' lang='lat' dir='ltr'><strong>essentiam</strong></span> <span class='ocrx_word' id='word_1_169' title='bbox 1163 2836 1235 2881; x_wconf 90' lang='lat' dir='ltr'><strong>cor·</strong></span> 
     </span>
     <span class='ocr_line' id='line_1_22' title="bbox 132 2912 1236 2994; baseline 0.002 -17"><span class='ocrx_word' id='word_1_170' title='bbox 132 2930 257 2993; x_wconf 88' lang='lat' dir='ltr'><strong>peream</strong></span> <span class='ocrx_word' id='word_1_171' title='bbox 280 2924 421 2979; x_wconf 88' lang='lat' dir='ltr'><strong>eterrae</strong></span> <span class='ocrx_word' id='word_1_172' title='bbox 442 2915 520 2979; x_wconf 90' lang='lat' dir='ltr'><strong>limo</strong></span> <span class='ocrx_word' id='word_1_173' title='bbox 543 2914 726 2987; x_wconf 73' lang='lat' dir='ltr'><strong>formatem,</strong></span> <span class='ocrx_word' id='word_1_174' title='bbox 749 2912 789 2976; x_wconf 91' lang='lat' dir='ltr'><strong>de</strong></span> <span class='ocrx_word' id='word_1_175' title='bbox 810 2932 873 2994; x_wconf 86' lang='lat' dir='ltr'><strong>qua</strong></span> <span class='ocrx_word' id='word_1_176' title='bbox 894 2915 926 2976; x_wconf 91' lang='lat' dir='ltr'><strong>io</strong></span> <span class='ocrx_word' id='word_1_177' title='bbox 947 2914 1011 2977; x_wconf 86' lang='lat' dir='ltr'><strong>illia</strong></span> <span class='ocrx_word' id='word_1_178' title='bbox 1026 2916 1153 2979; x_wconf 90' lang='lat' dir='ltr'><strong>nullum</strong></span> <span class='ocrx_word' id='word_1_179' title='bbox 1175 2917 1236 2980; x_wconf 91' lang='lat' dir='ltr'><strong>du·</strong></span> 
     </span>
     <span class='ocr_line' id='line_1_23' title="bbox 132 3012 1237 3097; baseline 0.005 -22"><span class='ocrx_word' id='word_1_180' title='bbox 132 3012 213 3079; x_wconf 87' lang='lat' dir='ltr'><strong>lium</strong></span> <span class='ocrx_word' id='word_1_181' title='bbox 224 3037 237 3097; x_wconf 80' lang='lat'>3</span> <span class='ocrx_word' id='word_1_182' title='bbox 255 3016 310 3081; x_wconf 90' lang='lat' dir='ltr'><strong>sed</strong></span> <span class='ocrx_word' id='word_1_183' title='bbox 326 3024 364 3079; x_wconf 89' lang='lat' dir='ltr'><strong>ut</strong></span> <span class='ocrx_word' id='word_1_184' title='bbox 383 3016 441 3097; x_wconf 87' lang='lat' dir='ltr'><strong>ipsi</strong></span> <span class='ocrx_word' id='word_1_185' title='bbox 465 3035 507 3079; x_wconf 83' lang='lat' dir='ltr'><strong>ex</strong></span> <span class='ocrx_word' id='word_1_186' title='bbox 535 3016 651 3078; x_wconf 87' lang='lat' dir='ltr'><strong>tunicis</strong></span> <span class='ocrx_word' id='word_1_187' title='bbox 672 3014 827 3093; x_wconf 85' lang='lat' dir='ltr'><strong>pelliceis,</strong></span> <span class='ocrx_word' id='word_1_188' title='bbox 854 3031 934 3094; x_wconf 87' lang='lat' dir='ltr'><strong>quaa</strong></span> <span class='ocrx_word' id='word_1_189' title='bbox 961 3015 1237 3094; x_wconf 83' lang='lat' dir='ltr'><strong>superinduerunt</strong></span> 
     </span>
     <span class='ocr_line' id='line_1_24' title="bbox 132 3117 1237 3198; baseline 0.002 -19"><span class='ocrx_word' id='word_1_190' title='bbox 132 3124 276 3194; x_wconf 86' lang='lat' dir='ltr'><strong>parentes</strong></span> <span class='ocrx_word' id='word_1_191' title='bbox 291 3118 391 3181; x_wconf 89' lang='lat' dir='ltr'><strong>nestri</strong></span> <span class='ocrx_word' id='word_1_192' title='bbox 414 3124 486 3198; x_wconf 91' lang='lat' dir='ltr'><strong>post</strong></span> <span class='ocrx_word' id='word_1_193' title='bbox 506 3124 674 3197; x_wconf 87' lang='lat' dir='ltr'><strong>peceatum</strong></span> <span class='ocrx_word' id='word_1_194' title='bbox 697 3134 826 3189; x_wconf 91' lang='lat' dir='ltr'><strong>eorum,</strong></span> <span class='ocrx_word' id='word_1_195' title='bbox 842 3125 992 3178; x_wconf 87' lang='lat' dir='ltr'><strong>naturam</strong></span> <span class='ocrx_word' id='word_1_196' title='bbox 1014 3125 1106 3179; x_wconf 88' lang='lat' dir='ltr'><strong>antea</strong></span> <span class='ocrx_word' id='word_1_197' title='bbox 1131 3117 1237 3181; x_wconf 89' lang='lat' dir='ltr'><strong>iocor·</strong></span> 
     </span>
     <span class='ocr_line' id='line_1_25' title="bbox 129 3218 1236 3297; baseline 0.001 -17"><span class='ocrx_word' id='word_1_198' title='bbox 129 3219 312 3297; x_wconf 81' lang='lat' dir='ltr'><strong>ruptionem</strong></span> <span class='ocrx_word' id='word_1_199' title='bbox 328 3226 361 3281; x_wconf 91' lang='lat' dir='ltr'><strong>et</strong></span> <span class='ocrx_word' id='word_1_200' title='bbox 374 3218 588 3283; x_wconf 85' lang='lat' dir='ltr'><strong>immortalem</strong></span> <span class='ocrx_word' id='word_1_201' title='bbox 607 3224 886 3297; x_wconf 87' lang='lat' dir='ltr'><strong>repraesentarent</strong></span> <span class='ocrx_word' id='word_1_202' title='bbox 904 3234 1091 3280; x_wconf 80' lang='lat' dir='ltr'><strong>conversam</strong></span> <span class='ocrx_word' id='word_1_203' title='bbox 1107 3218 1139 3281; x_wconf 92' lang='lat' dir='ltr'><strong>in</strong></span> <span class='ocrx_word' id='word_1_204' title='bbox 1150 3236 1236 3281; x_wconf 92' lang='lat' dir='ltr'><strong>mor·</strong></span> 
     </span>
     <span class='ocr_line' id='line_1_26' title="bbox 129 3317 1236 3401; baseline 0.004 -24"><span class='ocrx_word' id='word_1_205' title='bbox 129 3320 221 3384; x_wconf 87' lang='lat' dir='ltr'><strong>talem</strong></span> <span class='ocrx_word' id='word_1_206' title='bbox 244 3326 277 3383; x_wconf 90' lang='lat' dir='ltr'><strong>et</strong></span> <span class='ocrx_word' id='word_1_207' title='bbox 291 3319 551 3401; x_wconf 87' lang='lat' dir='ltr'><strong>corruptibilem,</strong></span> <span class='ocrx_word' id='word_1_208' title='bbox 574 3318 656 3381; x_wconf 85' lang='lat' dir='ltr'><strong>vitiis</strong></span> <span class='ocrx_word' id='word_1_209' title='bbox 672 3317 819 3380; x_wconf 88' lang='lat' dir='ltr'><strong>omnibus</strong></span> <span class='ocrx_word' id='word_1_210' title='bbox 834 3325 867 3380; x_wconf 91' lang='lat' dir='ltr'><strong>et</strong></span> <span class='ocrx_word' id='word_1_211' title='bbox 881 3320 1044 3381; x_wconf 88' lang='lat' dir='ltr'><strong>aerumnis</strong></span> <span class='ocrx_word' id='word_1_212' title='bbox 1059 3319 1091 3379; x_wconf 95' lang='lat' dir='ltr'><strong>io</strong></span> <span class='ocrx_word' id='word_1_213' title='bbox 1112 3319 1174 3381; x_wconf 88' lang='lat' dir='ltr'><strong>hoo</strong></span> <span class='ocrx_word' id='word_1_214' title='bbox 1187 3336 1236 3381; x_wconf 89' lang='lat' dir='ltr'><strong>se-</strong></span> 
     </span>
     <span class='ocr_line' id='line_1_27' title="bbox 128 3416 1236 3499; baseline 0 -18"><span class='ocrx_word' id='word_1_215' title='bbox 128 3420 199 3483; x_wconf 82' lang='lat' dir='ltr'><strong>culo</strong></span> <span class='ocrx_word' id='word_1_216' title='bbox 230 3420 419 3484; x_wconf 81' lang='lat' dir='ltr'><strong>obnoxiam.</strong></span> <span class='ocrx_word' id='word_1_217' title='bbox 447 3416 553 3494; x_wconf 85' lang='lat' dir='ltr'><strong>Quam</strong></span> <span class='ocrx_word' id='word_1_218' title='bbox 582 3419 878 3499; x_wconf 85' lang='lat' dir='ltr'><strong>interpretationem</strong></span> <span class='ocrx_word' id='word_1_219' title='bbox 910 3417 996 3481; x_wconf 85' lang='lat' dir='ltr'><strong>hand</strong></span> <span class='ocrx_word' id='word_1_220' title='bbox 1025 3418 1236 3498; x_wconf 88' lang='lat' dir='ltr'><strong>spernendam</strong></span> 
     </span>
     <span class='ocr_line' id='line_1_28' title="bbox 127 3517 1237 3602; baseline 0.005 -25"><span class='ocrx_word' id='word_1_221' title='bbox 127 3518 251 3584; x_wconf 88' lang='lat' dir='ltr'><strong>admisit</strong></span> <span class='ocrx_word' id='word_1_222' title='bbox 270 3538 402 3602; x_wconf 90' lang='lat' dir='ltr'><strong>quoqne</strong></span> <span class='ocrx_word' id='word_1_223' title='bbox 422 3539 448 3584; x_wconf 89' lang='lat' dir='ltr'><strong>s.</strong></span> <span class='ocrx_word' id='word_1_224' title='bbox 472 3518 683 3602; x_wconf 86' lang='lat' dir='ltr'><strong>Epiphanius,</strong></span> <span class='ocrx_word' id='word_1_225' title='bbox 705 3520 736 3581; x_wconf 92' lang='lat' dir='ltr'><strong>in</strong></span> <span class='ocrx_word' id='word_1_226' title='bbox 757 3517 977 3582; x_wconf 76' lang='lat' dir='ltr'><strong>confutatione</strong></span> <span class='ocrx_word' id='word_1_227' title='bbox 997 3517 1141 3599; x_wconf 83' lang='lat' dir='ltr'><strong>ejusdem</strong></span> <span class='ocrx_word' id='word_1_228' title='bbox 1163 3517 1237 3582; x_wconf 90' lang='lat' dir='ltr'><strong>Ori·</strong></span> 
     </span>
     <span class='ocr_line' id='line_1_29' title="bbox 127 3620 1237 3701; baseline 0.003 -21"><span class='ocrx_word' id='word_1_229' title='bbox 127 3622 230 3701; x_wconf 71' lang='lat' dir='ltr'><strong>genia,</strong></span> <span class='ocrx_word' id='word_1_230' title='bbox 253 3622 378 3685; x_wconf 90' lang='lat' dir='ltr'><strong>nescios</strong></span> <span class='ocrx_word' id='word_1_231' title='bbox 400 3630 504 3684; x_wconf 88' lang='lat' dir='ltr'><strong>tamen</strong></span> <span class='ocrx_word' id='word_1_232' title='bbox 524 3640 558 3685; x_wconf 86' lang='lat' dir='ltr'><strong>se</strong></span> <span class='ocrx_word' id='word_1_233' title='bbox 580 3622 611 3683; x_wconf 92' lang='lat' dir='ltr'><strong>in</strong></span> <span class='ocrx_word' id='word_1_234' title='bbox 632 3622 692 3685; x_wconf 87' lang='lat' dir='ltr'><strong>hae</strong></span> <span class='ocrx_word' id='word_1_235' title='bbox 714 3621 818 3683; x_wconf 86' lang='lat' dir='ltr'><strong>eidam</strong></span> <span class='ocrx_word' id='word_1_236' title='bbox 840 3620 1050 3697; x_wconf 88' lang='lat' dir='ltr'><strong>concordare,</strong></span> <span class='ocrx_word' id='word_1_237' title='bbox 1067 3637 1164 3701; x_wconf 87' lang='lat' dir='ltr'><strong>qoem</strong></span> <span class='ocrx_word' id='word_1_238' title='bbox 1187 3638 1237 3683; x_wconf 91' lang='lat' dir='ltr'><strong>re·</strong></span> 
     </span>
     <span class='ocr_line' id='line_1_30' title="bbox 131 3720 1238 3813; baseline 0.001 -32"><span class='ocrx_word' id='word_1_239' title='bbox 131 3720 236 3785; x_wconf 89' lang='lat' dir='ltr'><strong>lutare</strong></span> <span class='ocrx_word' id='word_1_240' title='bbox 249 3726 390 3803; x_wconf 82' lang='lat' dir='ltr'><strong>putarit,</strong></span> <span class='ocrx_word' id='word_1_241' title='bbox 412 3722 498 3785; x_wconf 89' lang='lat' dir='ltr'><strong>hand</strong></span> <span class='ocrx_word' id='word_1_242' title='bbox 520 3722 762 3795; x_wconf 82' lang='lat' dir='ltr'><strong>animadversis,</strong></span> <span class='ocrx_word' id='word_1_243' title='bbox 778 3740 863 3813; x_wconf 83' lang='lat' dir='ltr'><strong>quae</strong></span> <span class='ocrx_word' id='word_1_244' title='bbox 884 3721 1020 3802; x_wconf 75' lang='lat' dir='ltr'><strong>genuine</strong></span> <span class='ocrx_word' id='word_1_245' title='bbox 1035 3739 1074 3783; x_wconf 91' lang='lat' dir='ltr'><strong>ac</strong></span> <span class='ocrx_word' id='word_1_246' title='bbox 1088 3723 1138 3802; x_wconf 93' lang='lat' dir='ltr'><strong>pie</strong></span> <span class='ocrx_word' id='word_1_247' title='bbox 1159 3722 1238 3785; x_wconf 88' lang='lat' dir='ltr'><strong>sori·</strong></span> 
     </span>
     <span class='ocr_line' id='line_1_31' title="bbox 129 3818 1234 3903; baseline 0 -19"><span class='ocrx_word' id='word_1_248' title='bbox 129 3823 189 3899; x_wconf 91' lang='lat' dir='ltr'><strong>pait</strong></span> <span class='ocrx_word' id='word_1_249' title='bbox 208 3820 368 3903; x_wconf 75' lang='lat' dir='ltr'><strong>Origenes</strong></span> <span class='ocrx_word' id='word_1_250' title='bbox 397 3822 436 3886; x_wconf 90' lang='lat' dir='ltr'><strong>de</strong></span> <span class='ocrx_word' id='word_1_251' title='bbox 459 3824 520 3886; x_wconf 89' lang='lat' dir='ltr'><strong>hoe</strong></span> <span class='ocrx_word' id='word_1_252' title='bbox 539 3830 741 3902; x_wconf 76' lang='lat' dir='ltr'><strong>argomento.</strong></span> <span class='ocrx_word' id='word_1_253' title='bbox 776 3822 831 3885; x_wconf 77' lang='lat' dir='ltr'><strong>Ait</strong></span> <span class='ocrx_word' id='word_1_254' title='bbox 851 3824 936 3886; x_wconf 91' lang='lat' dir='ltr'><strong>enim</strong></span> <span class='ocrx_word' id='word_1_255' title='bbox 957 3822 997 3885; x_wconf 89' lang='lat' dir='ltr'><strong>de</strong></span> <span class='ocrx_word' id='word_1_256' title='bbox 1027 3819 1162 3886; x_wconf 85' lang='lat' dir='ltr'><strong>Haeresi</strong></span> <span class='ocrx_word' id='word_1_257' title='bbox 1182 3818 1234 3891; x_wconf 80' lang='lat' dir='ltr'><strong>ot.</strong></span> 
     </span>
     <span class='ocr_line' id='line_1_32' title="bbox 129 3920 1238 4005; baseline -0.004 -16"><span class='ocrx_word' id='word_1_258' title='bbox 129 3939 157 3983; x_wconf 83' lang='lat' dir='ltr'><strong>n·</strong></span> <span class='ocrx_word' id='word_1_259' title='bbox 178 3920 231 3989; x_wconf 67' lang='grc'><strong>24.</strong></span> <span class='ocrx_word' id='word_1_260' title='bbox 253 3943 296 3989; x_wconf 87' lang='lat' dir='ltr'><strong>ex</strong></span> <span class='ocrx_word' id='word_1_261' title='bbox 318 3925 465 4005; x_wconf 89' lang='lat' dir='ltr'><strong>praelato</strong></span> <span class='ocrx_word' id='word_1_262' title='bbox 486 3922 646 3989; x_wconf 87' lang='lat' dir='ltr'><strong>Geneseos</strong></span> <span class='ocrx_word' id='word_1_263' title='bbox 669 3924 870 3987; x_wconf 85' lang='lat' dir='ltr'><strong>testimonio:</strong></span> <span class='ocrx_word' id='word_1_264' title='bbox 889 3922 1027 4005; x_wconf 74' lang='lat' dir='ltr'><strong>«lgitm</strong></span> <span class='ocrx_word' id='word_1_265' title='bbox 1045 3942 1086 3986; x_wconf 91' lang='lat' dir='ltr'><strong>ne</strong></span> <span class='ocrx_word' id='word_1_266' title='bbox 1106 3924 1238 3986; x_wconf 89' lang='lat' dir='ltr'><strong>immor-</strong></span> 
     </span>
     <span class='ocr_line' id='line_1_33' title="bbox 130 4022 1236 4105; baseline 0.002 -22"><span class='ocrx_word' id='word_1_267' title='bbox 130 4022 192 4086; x_wconf 89' lang='lat' dir='ltr'><strong>tale</strong></span> <span class='ocrx_word' id='word_1_268' title='bbox 213 4024 377 4105; x_wconf 80' lang='lat' dir='ltr'><strong>quoddam</strong></span> <span class='ocrx_word' id='word_1_269' title='bbox 402 4042 440 4088; x_wconf 89' lang='lat' dir='ltr'><strong>ao</strong></span> <span class='ocrx_word' id='word_1_270' title='bbox 461 4025 692 4103; x_wconf 87' lang='lat' dir='ltr'><strong>sempiternum</strong></span> <span class='ocrx_word' id='word_1_271' title='bbox 723 4025 845 4087; x_wconf 90' lang='lat' dir='ltr'><strong>malum</strong></span> <span class='ocrx_word' id='word_1_272' title='bbox 868 4032 952 4087; x_wconf 87' lang='lat' dir='ltr'><strong>esset</strong></span> <span class='ocrx_word' id='word_1_273' title='bbox 972 4024 1091 4098; x_wconf 85' lang='lat' dir='ltr'><strong>homo,</strong></span> <span class='ocrx_word' id='word_1_274' title='bbox 1115 4031 1152 4086; x_wconf 91' lang='lat' dir='ltr'><strong>ot</strong></span> <span class='ocrx_word' id='word_1_275' title='bbox 1168 4023 1236 4104; x_wconf 84' lang='lat' dir='ltr'><strong>jam</strong></span> 
     </span>
     <span class='ocr_line' id='line_1_34' title="bbox 129 4121 1235 4207; baseline 0.005 -26"><span class='ocrx_word' id='word_1_276' title='bbox 129 4121 281 4201; x_wconf 85' lang='lat' dir='ltr'><strong>diximus,</strong></span> <span class='ocrx_word' id='word_1_277' title='bbox 297 4142 335 4189; x_wconf 88' lang='lat' dir='ltr'><strong>ac</strong></span> <span class='ocrx_word' id='word_1_278' title='bbox 357 4126 479 4207; x_wconf 87' lang='lat' dir='ltr'><strong>peccati</strong></span> <span class='ocrx_word' id='word_1_279' title='bbox 493 4128 525 4190; x_wconf 92' lang='lat' dir='ltr'><strong>in</strong></span> <span class='ocrx_word' id='word_1_280' title='bbox 546 4145 579 4190; x_wconf 88' lang='lat' dir='ltr'><strong>ao</strong></span> <span class='ocrx_word' id='word_1_281' title='bbox 594 4126 841 4189; x_wconf 88' lang='lat' dir='ltr'><strong>dominationem</strong></span> <span class='ocrx_word' id='word_1_282' title='bbox 864 4125 1003 4200; x_wconf 80' lang='lat' dir='ltr'><strong>loveret,</strong></span> <span class='ocrx_word' id='word_1_283' title='bbox 1020 4132 1132 4205; x_wconf 89' lang='lat' dir='ltr'><strong>utpote</strong></span> <span class='ocrx_word' id='word_1_284' title='bbox 1148 4126 1235 4203; x_wconf 84' lang='lat' dir='ltr'><strong>quod</strong></span> 
     </span>
     <span class='ocr_line' id='line_1_35' title="bbox 129 4222 1237 4308; baseline 0.004 -25"><span class='ocrx_word' id='word_1_285' title='bbox 129 4222 304 4290; x_wconf 87' lang='lat' dir='ltr'><strong>immortali</strong></span> <span class='ocrx_word' id='word_1_286' title='bbox 315 4228 348 4289; x_wconf 95' lang='lat' dir='ltr'><strong>in</strong></span> <span class='ocrx_word' id='word_1_287' title='bbox 360 4245 500 4307; x_wconf 86' lang='lat' dir='ltr'><strong>corpore</strong></span> <span class='ocrx_word' id='word_1_288' title='bbox 515 4226 706 4308; x_wconf 88' lang='lat' dir='ltr'><strong>pullularet,</strong></span> <span class='ocrx_word' id='word_1_289' title='bbox 723 4234 755 4291; x_wconf 86' lang='lat' dir='ltr'><strong>ot</strong></span> <span class='ocrx_word' id='word_1_290' title='bbox 770 4226 943 4289; x_wconf 89' lang='lat' dir='ltr'><strong>immortali</strong></span> <span class='ocrx_word' id='word_1_291' title='bbox 959 4224 1091 4306; x_wconf 89' lang='lat' dir='ltr'><strong>perinde</strong></span> <span class='ocrx_word' id='word_1_292' title='bbox 1105 4225 1237 4288; x_wconf 89' lang='lat' dir='ltr'><strong>alimen-</strong></span> 
     </span>
     <span class='ocr_line' id='line_1_36' title="bbox 130 4325 1236 4409; baseline 0.002 -24"><span class='ocrx_word' id='word_1_293' title='bbox 130 4330 161 4385; x_wconf 92' lang='lat' dir='ltr'><strong>to</strong></span> <span class='ocrx_word' id='word_1_294' title='bbox 176 4326 341 4406; x_wconf 69' lang='lat' dir='ltr'><strong>glisceret,</strong></span> <span class='ocrx_word' id='word_1_295' title='bbox 355 4338 526 4409; x_wconf 85' lang='lat' dir='ltr'><strong>propterea</strong></span> <span class='ocrx_word' id='word_1_296' title='bbox 543 4326 629 4391; x_wconf 87' lang='lat' dir='ltr'><strong>Dens</strong></span> <span class='ocrx_word' id='word_1_297' title='bbox 643 4328 739 4390; x_wconf 92' lang='lat' dir='ltr'><strong>illum</strong></span> <span class='ocrx_word' id='word_1_298' title='bbox 750 4328 921 4391; x_wconf 86' lang='lat' dir='ltr'><strong>mortalem</strong></span> <span class='ocrx_word' id='word_1_299' title='bbox 936 4344 1005 4389; x_wconf 90' lang='lat' dir='ltr'><strong>esse</strong></span> <span class='ocrx_word' id='word_1_300' title='bbox 1018 4325 1133 4400; x_wconf 83' lang='lat' dir='ltr'><strong>soluit,</strong></span> <span class='ocrx_word' id='word_1_301' title='bbox 1151 4344 1236 4388; x_wconf 87' lang='lat' dir='ltr'><strong>mor·</strong></span> 
     </span>
     <span class='ocr_line' id='line_1_37' title="bbox 128 4424 1236 4507; baseline -0.001 -18"><span class='ocrx_word' id='word_1_302' title='bbox 128 4430 227 4505; x_wconf 83' lang='lat' dir='ltr'><strong>teque</strong></span> <span class='ocrx_word' id='word_1_303' title='bbox 246 4426 419 4492; x_wconf 87' lang='lat' dir='ltr'><strong>damnarit.</strong></span> <span class='ocrx_word' id='word_1_304' title='bbox 454 4425 524 4493; x_wconf 86' lang='lat' dir='ltr'><strong>lloo</strong></span> <span class='ocrx_word' id='word_1_305' title='bbox 543 4428 628 4492; x_wconf 87' lang='lat' dir='ltr'><strong>enim</strong></span> <span class='ocrx_word' id='word_1_306' title='bbox 659 4437 805 4493; x_wconf 88' lang='lat' dir='ltr'><strong>scorteae</strong></span> <span class='ocrx_word' id='word_1_307' title='bbox 825 4428 903 4491; x_wconf 86' lang='lat' dir='ltr'><strong>illae</strong></span> <span class='ocrx_word' id='word_1_308' title='bbox 933 4428 1060 4490; x_wconf 82' lang='lat' dir='ltr'><strong>tunicae</strong></span> <span class='ocrx_word' id='word_1_309' title='bbox 1079 4424 1236 4507; x_wconf 78' lang='lat' dir='ltr'><strong>signitica-</strong></span> 
     </span>
     <span class='ocr_line' id='line_1_38' title="bbox 128 4523 1237 4611; baseline 0.003 -23"><span class='ocrx_word' id='word_1_310' title='bbox 128 4523 227 4609; x_wconf 73' lang='lat' dir='ltr'><strong>bant,</strong></span> <span class='ocrx_word' id='word_1_311' title='bbox 241 4538 279 4596; x_wconf 91' lang='lat' dir='ltr'><strong>nt</strong></span> <span class='ocrx_word' id='word_1_312' title='bbox 292 4531 502 4597; x_wconf 76' lang='lat' dir='ltr'><strong>dissolutione</strong></span> <span class='ocrx_word' id='word_1_313' title='bbox 522 4540 556 4595; x_wconf 90' lang='lat' dir='ltr'><strong>et</strong></span> <span class='ocrx_word' id='word_1_314' title='bbox 569 4530 723 4597; x_wconf 77' lang='lat' dir='ltr'><strong>divisione</strong></span> <span class='ocrx_word' id='word_1_315' title='bbox 743 4532 891 4611; x_wconf 86' lang='lat' dir='ltr'><strong>eorporis</strong></span> <span class='ocrx_word' id='word_1_316' title='bbox 912 4547 1006 4594; x_wconf 89' lang='lat' dir='ltr'><strong>omne</strong></span> <span class='ocrx_word' id='word_1_317' title='bbox 1026 4548 1069 4593; x_wconf 83' lang='lat' dir='ltr'><strong>ex</strong></span> <span class='ocrx_word' id='word_1_318' title='bbox 1085 4530 1149 4593; x_wconf 90' lang='lat' dir='ltr'><strong>imo</strong></span> <span class='ocrx_word' id='word_1_319' title='bbox 1164 4546 1237 4609; x_wconf 86' lang='lat' dir='ltr'><strong>pec-</strong></span> 
     </span>
    </p>
   </div>
   <div class='ocr_carea' id='block_1_4' title="bbox 0 0 1692 5567">
    <p class='ocr_par' dir='ltr' id='par_1_5' title="bbox 0 0 1692 5567">
     <span class='ocr_line' id='line_1_39' title="bbox 0 0 1692 5567; baseline 0 7"><span class='ocrx_word' id='word_1_320' title='bbox 0 0 1692 5567; x_wconf 95' lang='lat' dir='ltr'><strong> </strong></span> 
     </span>
    </p>
   </div>
  </div>
 </body>
</html>
