3375 5567
447 792 600 864 existens,
616 788 725 854 Verbo
740 788 797 854 net
818 790 939 854 sociata
962 795 1022 862 cst,
1045 790 1165 854 honum
1186 776 1283 871 elegit
1304 778 1525 869 malnm'qnenc·

444 891 554 963 scivit,
575 899 608 954 et
629 892 671 955 oh
693 893 775 954 hanc
795 892 919 973 peccati
940 892 1186 975 incapacitatem
1210 893 1342 973 ungitur
1371 893 1438 955 oleo
1455 892 1530 955 laeti·

446 996 509 1056 tiae
531 1012 608 1075 prae
632 994 748 1058 ceteris
770 994 948 1057 animabus.
972 994 1004 1057 Si
1026 996 1137 1075 itaque
1159 996 1190 1057 in
1211 994 1355 1076 praefata
1376 994 1529 1069 locutione,

445 1114 520 1160 cum
542 1094 699 1176 Origenes
721 1097 763 1160 oh
784 1096 962 1160 dilectionis
984 1096 1228 1178 perfectionem,
1249 1106 1283 1158 et
1303 1094 1431 1158 allectus
1449 1096 1530 1157 since·

445 1198 588 1271 ritatem,
611 1216 717 1279 neque
739 1216 818 1262 vero
841 1197 979 1263 lorinito
999 1215 1059 1261 nec
1079 1216 1121 1261 ex
1143 1215 1298 1278 personae
1323 1198 1528 1278 acceptatione,

442 1298 562 1364 Christi
584 1298 723 1362 animam
745 1297 791 1361 ait
812 1298 911 1362 luisse
932 1295 1016 1361 Filio
1033 1296 1089 1361 Dei
1111 1300 1280 1378 sociatam
1296 1296 1326 1359 id
1351 1297 1462 1361 iactum
1475 1314 1531 1358 csse

445 1398 605 1474 creditur,
622 1416 673 1475 ne,
689 1399 826 1463 admissa
848 1400 952 1462 anima
974 1400 1114 1463 hnmana
1136 1399 1168 1461 in
1190 1396 1270 1463 lesu
1282 1444 1295 1475 ,
1316 1398 1357 1460 ab
1377 1398 1478 1460 eadem
1499 1396 1534 1457 ri·

441 1500 578 1562 deretur
599 1500 665 1580 ipsa
685 1501 855 1565 sustulisse
876 1500 1018 1565 liberum
1039 1500 1236 1574 arbitrium,
1258 1500 1346 1580 qnod
1380 1497 1536 1562 nullimode

443 1601 668 1681 denegandum
688 1609 760 1665 erat
779 1603 839 1682 ipsi
854 1604 993 1683 animae3
1008 1602 1081 1665 ideo
1103 1620 1141 1665 ne
1158 1602 1295 1666 incultas
1317 1600 1442 1682 quidem
1457 1600 1534 1662 dene·

444 1699 546 1781 penda
567 1701 599 1762 in
619 1717 658 1762 ea
679 1700 800 1765 honum
821 1709 854 1765 et
876 1702 998 1766 molum
1020 1702 1168 1783 eligendi.
1306 1760 1312 1771 .

522 1799 603 1865 Cnm
619 1807 729 1865 antem
750 1804 887 1867 senserit
900 1802 1112 1867 Adamantius
1127 1804 1158 1866 in
1176 1821 1211 1867 re
1225 1804 1302 1867 satis
1317 1802 1419 1866 ardna
1432 1820 1463 1865 sc
1477 1818 1536 1863 rer·

443 1905 508 1966 sari
529 1903 572 1966 oh
585 1904 822 1984 explanationis
844 1904 1081 1977 difficultatem,
1100 1905 1140 1967 ah
1161 1906 1321 1983 exemplis
1345 1904 1479 1987 probare
1496 1920 1538 1964 cc·

442 2011 562 2084 natnr3
590 2004 676 2069 nnda
696 2011 730 2068 et
750 2023 807 2068 nos
828 2007 954 2087 pariter
974 2006 1118 2088 ejusdem
1142 2014 1280 2069 mentem
1306 2007 1477 2088 explorare
1495 2004 1537 2066 dc·

442 2104 576 2169 hemm:
601 2099 905 2187 «Tamen'linqnit
926 2126 957 2170 ιι.
979 2106 1033 2185 6.)
1055 2114 1093 2171 ιιι
1113 2108 1236 2188 absque
1261 2107 1374 2189 atiquo
1395 2105 1538 2189 praejudi-

441 2208 493 2272 cio
514 2208 675 2284 dicamus,
698 2209 775 2273 ierri
792 2209 961 2274 metallum
983 2227 1087 2292 capax
1103 2216 1151 2273 est
1173 2207 1302 2289 trigoris
1325 2217 1358 2271 ct
1380 2208 1498 2271 celcris.
1513 2204 1539 2269 Si

440 2324 520 2387 ergo
541 2324 646 2371 massa
674 2308 785 2389 eliqua
808 2308 888 2371 lerri
912 2326 1041 2391 semper
1061 2311 1092 2372 in
1114 2309 1185 2389 igne
1207 2308 1308 2389 posita
1330 2309 1387 2381 sit,
1408 2304 1537 2370 omnihus
1584 2368 1585 2375 ,

439 2409 507 2471 suis
528 2409 638 2488 poris,
661 2410 877 2491 omnihusqne
899 2412 986 2474 renis
1006 2412 1112 2491 ignem
1134 2410 1310 2491 recipiens,
1333 2418 1368 2473 et
1391 2419 1453 2473 tcta
1473 2406 1538 2487 ignis

441 2507 568 2585 ellectu,
585 2502 732 2590 sineque
753 2511 833 2592 ignis
854 2512 895 2575 ah
915 2531 954 2576 ea
972 2517 1075 2577 cesset
1094 2510 1284 2593 aliqnando,
1300 2528 1409 2591 neque
1429 2510 1488 2589 ipsa
1508 2506 1539 2567 ab

440 2610 513 2689 igne
533 2621 717 2691 separetur,
733 2613 955 2695 nunquidnam
976 2614 1121 2678 dicemus
1138 2614 1231 2689 hanc,
1247 2631 1332 2693 qnae
1350 2620 1463 2676 natura
1483 2610 1541 2691 qui·

439 2710 511 2775 dem
534 2712 613 2776 lerri
634 2730 737 2777 massa
759 2723 822 2789 est,
842 2715 873 2778 in
896 2716 967 2797 igne
991 2715 1127 2796 positam
1148 2723 1182 2777 et
1202 2712 1421 2777 indesinenter
1440 2710 1539 2774 arden

439 2821 504 2875 tem
522 2830 617 2895 posse
636 2814 740 2896 frigus
754 2815 930 2897 aliquando
945 2814 1146 2899 reciperet»
1165 2812 1280 2878 Paucis
1295 2814 1483 2896 interjectis,
1497 2809 1540 2871 ad·

439 2914 498 2978 dit:
513 2932 618 2996 eaque
633 2917 758 2980 ratione
772 2918 877 2981 anima
893 2915 1025 2997 Christi,
1041 2916 1190 3000 quamvis
1205 2915 1335 2996 frigoris
1353 2931 1455 2996 capax
1474 2910 1541 2975 idest

438 3016 516 3081 mali
538 3018 724 3100 recipiendi,
744 3018 786 3081 ch
806 3018 973 3082 ardentem
997 3018 1148 3083 tamenin
1169 3016 1275 3082 lienm
1296 3016 1497 3088 charitatem,
1516 3012 1541 3073 in

438 3136 537 3198 quem
559 3125 625 3182 tota
647 3120 798 3202 absorpta
820 3128 881 3198 est,
905 3138 1071 3201 nunqnam
1093 3125 1226 3200 peccato
1248 3118 1343 3182 cessit
1354 3137 1367 3197 5
1391 3130 1540 3195 nunquan

439 3236 595 3283 conversa
617 3219 725 3282 estad
748 3221 915 3285 malitiam.
940 3222 1048 3304 Atque
1070 3224 1101 3285 in
1117 3220 1303 3303 hujusmodi
1325 3235 1480 3299 processu
1496 3215 1543 3275 do·

441 3325 492 3383 cet
513 3319 615 3399 ipsam
635 3318 715 3383 Jesu
736 3324 874 3385 animam
900 3324 987 3404 juste
1008 3325 1128 3404 egisse,
1158 3320 1263 3385 odisse
1285 3318 1497 3399 iniquitatem,
1516 3318 1542 3375 et

439 3419 513 3482 inda
527 3421 679 3483 meritum
694 3440 832 3503 operum
854 3442 990 3487 snorum
1009 3423 1169 3487 retulisse.
1193 3418 1236 3485 Et
1256 3420 1287 3482 in
1303 3420 1367 3483 hoc
1383 3416 1498 3483 sentire
1516 3418 1542 3475 et

440 3518 534 3600 loqui
555 3530 690 3603 apparet
705 3523 832 3587 ductor
852 3524 954 3589 instar
966 3524 1134 3605 apostolici
1155 3521 1312 3587 sermonis
1334 3518 1375 3583 ad
1390 3516 1542 3581 llehraecs

441 3640 470 3685 c.
493 3622 518 3683 l.
541 3619 572 3685 9.
589 3630 622 3685 et
642 3620 680 3685 V.
695 3623 726 3690 7.
750 3642 826 3688 cum
849 3626 888 3689 de
903 3623 988 3689 Filio
1007 3623 1067 3688 liei
1088 3624 1151 3686 ait:
1176 3644 1193 3683 ι(
1216 3618 1362 3683 turonos
1377 3627 1453 3681 tuus
1474 3614 1543 3677 neus

440 3721 476 3785 in
489 3722 626 3785 emulum
637 3723 737 3786 seculi
745 3770 753 3785 .
767 3769 774 3786 .
789 3772 796 3788 .
810 3723 954 3789 dilexisti
957 3722 1118 3807 justitium
1130 3732 1158 3785 et
1172 3720 1267 3785 odisti
1276 3719 1478 3801 iniquitatem
1491 3722 1543 3777 atc.

440 3820 485 3885 Et
503 3821 630 3902 quidem
648 3840 720 3886 cum
739 3835 814 3888 essct
833 3822 941 3888 Filius
963 3823 1036 3903 Dei,
1069 3822 1183 3888 didicit
1201 3840 1241 3883 es
1260 3818 1321 3896 iis,
1344 3838 1426 3902 quur
1440 3830 1542 3898 pcrrttt

440 3932 497 3998 tlh
518 3922 733 3987 obedientiam.
750 3944 767 3983 >t
782 3926 937 3991 Similiter
950 3927 1037 4010 apud
1054 3925 1212 3990 Jcanncm
1227 3942 1274 3988 cc.
1291 3921 1332 3985 x.
1348 3920 1400 3988 17.
1415 3916 1483 3985 XV.
1499 3908 1543 3981 lii

441 4030 475 4089 et
496 4020 598 4087 xvtl.
619 4016 675 4089 ιε
699 4046 716 4084 c
737 4024 906 4106 Propterea
921 4046 966 4091 me
986 4024 1094 4108 dilipit
1116 4026 1232 4091 Pater:
1247 4022 1324 4105 quic
1343 4041 1399 4103 epo
1417 4036 1496 4103 ponc
1514 4033 1543 4076 d·

441 4123 564 4189 nimam
584 4144 705 4204 mecm,
739 4137 777 4190 ut
795 4127 910 4194 iterum
931 4148 1054 4194 rumam
1081 4146 1159 4193 cnm.
1191 4126 1239 4192 En
1260 4126 1380 4193 Christi
1401 4122 1542 4187 meritum

443 4226 530 4308 apud
556 4226 684 4293 Patrem
707 4236 744 4293 nt
764 4248 839 4294 enm
862 4231 1021 4311 diligeret.
1046 4228 1088 4296 Ει
1109 4231 1189 4294 haec
1210 4229 1249 4293 ad
1272 4246 1338 4303 cos,
1361 4225 1419 4307 qni
1440 4222 1544 4285 adrer-

442 4346 499 4393 sns
512 4326 687 4411 Origenem
702 4331 897 4395 clamant‘oh
909 4342 1151 4414 praesumptam
1161 4329 1281 4397 Christi
1303 4328 1429 4393 animae
1443 4336 1543 4405 prace-

444 4429 628 4495 xistentiam
650 4431 691 4494 ab
712 4448 751 4497 eo
773 4442 1022 4514 propugnatam.

794 4636 1187 4684 —um-—n
