3375 5567
163 849 226 910 erpo
244 850 281 895 es
302 832 481 912 ignorantia
504 832 543 894 ad
564 833 730 896 scientiam
753 839 850 900 venit.
885 833 979 913 Quod
1002 838 1119 916 utique
1140 845 1170 900 et
1194 839 1251 901 im·

162 933 233 1012 pium
251 934 371 1014 pariter
391 942 423 997 et
442 935 581 998 stultum
602 940 665 1010 est,
685 935 841 1016 Spiritum
863 935 1016 1002 Sanctum
1038 939 1197 1015 confiteri,
1220 946 1254 1002 et

160 1035 348 1112 ignorantiam
370 1035 399 1098 ei
420 1034 614 1098 adscribere.
640 1053 656 1089 a

226 1135 303 1201 Cum
324 1154 403 1217 ergo
418 1155 459 1200 ea
482 1137 664 1217 praemissis
684 1135 842 1217 Origenes
857 1135 897 1201 de
918 1137 1040 1218 Spiritu
1063 1137 1179 1204 Sancto
1200 1141 1250 1204 io·

159 1248 248 1315 cutus,
270 1239 437 1303 vocabulis
457 1245 490 1301 et
511 1238 693 1302 notionibus
715 1257 794 1303 usus
814 1241 871 1316 sit,
895 1258 976 1321 quas
997 1238 1178 1322 Scriptores
1200 1261 1251 1307 sa·

159 1340 195 1402 cri
212 1359 249 1402 ex
268 1340 382 1404 eodem
396 1339 519 1419 Spiritu
537 1336 657 1402 Sancto
678 1337 776 1402 afflati
798 1340 1027 1420 praetulerunt
1033 1363 1045 1421 3
1061 1359 1119 1405 nec
1142 1343 1251 1406 siden·

160 1447 203 1502 tur
219 1440 449 1521 reprobandae,
471 1457 556 1519 qnae
578 1457 618 1502 ex
630 1440 705 1520 ipsis
726 1439 946 1503 incutiuuihus
964 1441 1023 1503 sibi
1045 1442 1249 1507 advenerunt

159 1543 242 1604 retati
257 1542 456 1607 necessariae
478 1543 735 1620 consequentiae.
751 1539 799 1603 De
820 1541 962 1621 reliquo,
979 1544 1253 1622 quemadmodum

156 1663 189 1706 es
205 1641 357 1707 Matthaei
377 1641 502 1705 serbis:
524 1639 582 1722 pai
602 1650 705 1703 auten
723 1641 944 1720 blasphemiam
959 1642 1080 1707 dicarit
1100 1643 1135 1708 in
1151 1642 1255 1724 Spiri-

156 1755 207 1806 tan
219 1741 368 1808 Sanctum
383 1751 437 1805 nc.
461 1742 689 1821 praestantiam
702 1739 877 1821 quamdam
893 1743 1049 1806 concessit
1064 1743 1166 1806 eidem
1184 1745 1253 1825 Spi-

157 1846 218 1908 ritui
237 1863 335 1925 snpra
366 1842 485 1907 Filium
507 1863 548 1906 ea
569 1860 631 1905 suo
658 1841 812 1922 loquendi
842 1859 959 1922 genere
980 1853 1012 1906 et
1033 1863 1075 1906 ex
1105 1845 1251 1925 subjecta

155 1948 270 2012 materia
292 1948 416 2028 petitu;
431 1945 474 2006 ita
497 1944 596 2024 paulo
618 1950 690 2024 post
707 1942 797 2018 dicit,
818 1942 974 2023 Spiritum
996 1943 1150 2009 Sanctum
1167 1966 1184 2008 a
1200 1947 1253 2012 Fi·

154 2047 189 2110 tio
206 2049 344 2121 edoceri,
371 2063 446 2110 cum
470 2047 627 2123 scriptum
648 2045 711 2106 sit:
734 2043 770 2107 da
784 2062 849 2106 neo
867 2043 999 2124 accipiet
1011 2043 1162 2126 (Spiritus
1173 2047 1252 2114 San-

153 2151 232 2229 ctas)
251 2158 280 2212 ct
302 2144 515 2211 annunciabit
534 2143 641 2224 nobia3
663 2145 758 2210 sicuti
788 2152 820 2209 et
840 2145 916 2208 aiibi
939 2145 1057 2211 Christi
1081 2145 1247 2212 vicarium

156 2258 234 2313 rocat
251 2247 409 2331 Spiritum
431 2244 595 2308 Sanctum.
620 2243 714 2321 Quae
734 2244 865 2324 quidem
888 2245 1011 2309 dicendi
1035 2247 1196 2312 formulae
1212 2267 1250 2313 aa

154 2359 264 2414 ceterae
285 2344 496 2429 hujusmodi,
518 2363 582 2408 nou
612 2347 746 2409 seorsim
775 2346 997 2426 explanandae
1025 2355 1100 2412 suut
1123 2366 1182 2413 nec
1199 2350 1253 2431 ju·

155 2451 313 2526 dicandae,
335 2449 390 2512 sed
412 2447 483 2510 aliis
504 2446 657 2519 collatae,
679 2453 717 2509 ut
738 2454 854 2510 mutuo
877 2467 991 2510 aarum
1016 2451 1152 2514 intuitus
1176 2458 1254 2514 tem·

156 2561 285 2629 peretur,
308 2565 490 2628 earumque
511 2546 646 2627 genuina
671 2548 969 2629 comprehendatur
990 2549 1115 2614 relatio.

217 2651 333 2717 Celare
353 2658 464 2712 autem
485 2648 579 2726 nnio,
601 2649 633 2711 in
656 2647 765 2711 basilii
785 2646 949 2730 Operibus
970 2669 1148 2717 occurrere
1170 2654 1256 2718 testi·

156 2755 302 2828 nonium,
319 2751 376 2814 nbi
397 2771 424 2815 s.
446 2747 570 2814 Ductor
588 2750 796 2831 reprehendit
816 2750 1055 2827 Adamantium,
1080 2758 1173 2834 qussi
1195 2772 1257 2817 non

153 2863 226 2917 recta
247 2856 287 2918 de
308 2851 432 2935 Spiritu
455 2851 572 2917 Sancto
592 2855 791 2916 sentientem.
813 2852 866 2917 Sic
888 2871 1027 2934 namque
1048 2855 1079 2915 in
1100 2853 1257 2919 Tractatu

154 2952 185 3017 de
202 2975 239 3019 eo
258 2975 287 3018 a.
309 2951 360 3020 29.
383 2953 515 3018 scribit:
533 2951 635 3017 «lam
653 2971 731 3015 sero
752 2960 785 3016 et
804 2951 978 3032 Origenem
1001 2954 1111 3016 mnitis
1124 2955 1156 3016 in
1177 2955 1257 3018 iocis

154 3057 398 3134 expositionum,
421 3071 502 3135 quas
518 3051 553 3115 in
569 3051 712 3116 Paaimoa
732 3051 874 3125 addidit,
891 3051 1160 3133 deprehendimus
1181 3073 1256 3118 num

154 3153 257 3220 &ncta
277 3154 400 3238 Spiritu
429 3155 565 3234 gloriam
587 3153 786 3216 deferentem
810 3154 900 3229 Deo,
925 3155 1052 3230 sirum,
1076 3157 1131 3234 qui
1155 3172 1261 3234 neque

154 3258 270 3321 omnino
289 3274 383 3320 sanas
405 3255 500 3318 habet
530 3257 562 3316 iu
582 3255 732 3317 omnibus
753 3255 793 3316 de
814 3252 938 3335 Spiritu
966 3255 1141 3334 opiniones.
1165 3255 1257 3324 Attu-

155 3358 341 3421 menuthin
364 3356 524 3420 reveritus
545 3354 786 3419 consuetudinis
808 3354 923 3431 robur,
947 3355 1013 3435 pias
1037 3373 1132 3419 voces
1153 3357 1259 3419 emisit

156 3457 189 3521 de
207 3458 337 3538 Spiritu.
361 3457 426 3534 Qui
448 3457 579 3537 quidem
597 3458 628 3518 in
641 3455 754 3532 Sexto,
774 3458 805 3518 ui
828 3456 938 3530 iallnr,
955 3455 1055 3525 Libro
1073 3455 1262 3519 Enarratio·

156 3577 222 3620 narn
236 3558 271 3622 in
287 3557 497 3638 Eneapeiinm
517 3555 665 3632 loannis,
680 3558 777 3620 etiam
797 3557 998 3620 adorandum
1016 3555 1172 3638 Spiritum
1195 3559 1262 3621 cvi-

157 3655 258 3721 denter
278 3659 491 3740 pronunciat,
514 3659 559 3720 ita
584 3657 727 3721 scribens
748 3657 788 3720 ad
813 3658 970 3721 verbutn:
993 3657 1143 3737 quoniam
1164 3677 1265 3740 aquae
1319 3711 1325 3722 .

157 3757 308 3822 tanacrurn
326 3758 491 3841 aipnificnt
511 3757 734 3840 perpessionem
754 3757 881 3820 animae
900 3757 938 3821 ab
958 3757 1103 3822 amnibus
1122 3757 1265 3823 malitiae

158 3858 287 3923 sordibus
308 3860 453 3933 obturan-
485 3858 589 3922 niin'io
607 3867 712 3923 tamen
732 3859 841 3921 minua
862 3867 891 3920 at
907 3875 965 3937 per
988 3857 1126 3939 scipsum
1146 3857 1188 3934 ei,
1208 3861 1266 3941 qni

158 3974 268 4021 samum
292 3961 419 4039 praebet
439 3959 607 4024 diuinitati
635 3960 819 4024 adorandas
841 3955 1013 4022 Trinitatis
1038 3975 1096 4040 par
1116 3958 1264 4023 viritatem

160 4056 395 4139 invocationem,
417 4060 599 4143 oratiarum
623 4059 822 4142 principiam
842 4077 881 4122 ae
899 4061 1015 4140 fontana
1036 4059 1131 4123 babet.
1157 4059 1267 4141 Atque

163 4175 264 4224 rursus
283 4163 316 4224 in
336 4159 604 4235 Commentariis,
635 4161 754 4241 quibus
775 4160 909 4241 exponit
938 4157 1115 4239 Epistulam
1136 4161 1178 4222 ad
1200 4157 1261 4223 tto·

161 4274 279 4340 nanas,
294 4279 416 4338 samaa,
432 4262 548 4342 inquit,
565 4264 696 4324 virtutes
711 4279 841 4340 capaces
863 4269 937 4322 sunt
956 4258 1118 4340 Unipeniti
1137 4269 1167 4322 ct
1186 4257 1267 4324 San·

163 4356 201 4416 eti
217 4358 352 4440 Spiritus
372 4360 510 4424 deitatis.
529 4362 578 4424 hd
601 4361 687 4424 hunc
709 4361 841 4424 modum
864 4362 990 4442 opinor,
1015 4361 1194 4424 traditionis
1219 4362 1266 4424 nia

163 4473 246 4540 saepe
264 4464 423 4545 compulit
436 4463 594 4539 homines,
610 4462 705 4525 etiam
726 4463 793 4525 suis
807 4463 953 4543 ipsorum
972 4460 1175 4541 dogmatibus
1190 4481 1266 4526 cun·

167 4561 319 4630 tradicere.
342 4585 359 4623 n
