<?xml version="1.0" encoding="UTF-8"?>
<!DOCTYPE html PUBLIC "-//W3C//DTD XHTML 1.0 Transitional//EN"
    "http://www.w3.org/TR/xhtml1/DTD/xhtml1-transitional.dtd">
<html xmlns="http://www.w3.org/1999/xhtml" xml:lang="en" lang="en">
 <head>
  <title>
</title>
<meta http-equiv="Content-Type" content="text/html;charset=utf-8" />
  <meta name='ocr-system' content='tesseract 3.04.00' />
  <meta name='ocr-capabilities' content='ocr_page ocr_carea ocr_par ocr_line ocrx_word'/>
</head>
<body>
  <div class='ocr_page' id='page_1' title='image "./insgregoriinyss02vincgoog/insgregoriinyss02vincgoog_0292.png"; bbox 0 0 3375 5567; ppageno 0'>
   <div class='ocr_carea' id='block_1_1' title="bbox 413 778 1554 1479">
    <p class='ocr_par' dir='ltr' id='par_1_1' title="bbox 413 778 1554 1479">
     <span class='ocr_line' id='line_1_1' title="bbox 456 778 1548 865; baseline -0.015 -11"><span class='ocrx_word' id='word_1_1' title='bbox 456 788 499 854; x_wconf 83' lang='lat' dir='ltr'>iit</span> <span class='ocrx_word' id='word_1_2' title='bbox 520 786 676 851; x_wconf 81' lang='lat' dir='ltr'>Dominus</span> <span class='ocrx_word' id='word_1_3' title='bbox 696 784 828 865; x_wconf 83' lang='lat' dir='ltr'>qnidam</span> <span class='ocrx_word' id='word_1_4' title='bbox 860 782 1142 865; x_wconf 73' lang='lat' dir='ltr'>respondentem,</span> <span class='ocrx_word' id='word_1_5' title='bbox 1175 781 1373 845; x_wconf 83' lang='lat' dir='ltr'>voluntatem</span> <span class='ocrx_word' id='word_1_6' title='bbox 1395 778 1548 843; x_wconf 75' lang='lat' dir='ltr'>verborum</span> 
     </span>
     <span class='ocr_line' id='line_1_2' title="bbox 457 878 1550 972; baseline -0.013 -17"><span class='ocrx_word' id='word_1_7' title='bbox 457 888 552 972; x_wconf 71' lang='lat' dir='ltr'>Legis</span> <span class='ocrx_word' id='word_1_8' title='bbox 566 906 630 953; x_wconf 92' lang='lat' dir='ltr'>non</span> <span class='ocrx_word' id='word_1_9' title='bbox 644 888 809 969; x_wconf 81' lang='lat' dir='ltr'>exposuit,</span> <span class='ocrx_word' id='word_1_10' title='bbox 824 886 917 967; x_wconf 83' lang='lat' dir='ltr'>quasi</span> <span class='ocrx_word' id='word_1_11' title='bbox 932 882 1067 963; x_wconf 72' lang='lat' dir='ltr'>indignis</span> <span class='ocrx_word' id='word_1_12' title='bbox 1080 880 1267 963; x_wconf 73' lang='lat' dir='ltr'>huiusmodi</span> <span class='ocrx_word' id='word_1_13' title='bbox 1283 878 1424 963; x_wconf 76' lang='lat' dir='ltr'>mysterii</span> <span class='ocrx_word' id='word_1_14' title='bbox 1436 878 1550 959; x_wconf 70' lang='lat' dir='ltr'>agnitio·</span> 
     </span>
     <span class='ocr_line' id='line_1_3' title="bbox 413 980 1550 1069; baseline -0.014 -13"><span class='ocrx_word' id='word_1_15' title='bbox 413 995 418 1010; x_wconf 90' lang='lat'><em>&#39;</em></span> <span class='ocrx_word' id='word_1_16' title='bbox 455 1009 509 1069; x_wconf 91' lang='lat' dir='ltr'>ne,</span> <span class='ocrx_word' id='word_1_17' title='bbox 523 989 579 1055; x_wconf 90' lang='lat' dir='ltr'>sed</span> <span class='ocrx_word' id='word_1_18' title='bbox 600 996 725 1053; x_wconf 74' lang='lat' dir='ltr'>mutum</span> <span class='ocrx_word' id='word_1_19' title='bbox 741 987 934 1069; x_wconf 83' lang='lat' dir='ltr'>simpliciter</span> <span class='ocrx_word' id='word_1_20' title='bbox 953 986 999 1049; x_wconf 90' lang='lat' dir='ltr'>eis</span> <span class='ocrx_word' id='word_1_21' title='bbox 1023 982 1106 1051; x_wconf 84' lang='lat' dir='ltr'>dixit</span> <span class='ocrx_word' id='word_1_22' title='bbox 1127 982 1397 1049; x_wconf 60' lang='lat' dir='ltr'>resurrectionem</span> <span class='ocrx_word' id='word_1_23' title='bbox 1413 980 1550 1054; x_wconf 85' lang='lat' dir='ltr'>iutnram,</span> 
     </span>
     <span class='ocr_line' id='line_1_4' title="bbox 455 1072 1553 1168; baseline -0.013 -11"><span class='ocrx_word' id='word_1_24' title='bbox 455 1091 709 1157; x_wconf 84' lang='lat' dir='ltr'>contestantibus</span> <span class='ocrx_word' id='word_1_25' title='bbox 725 1092 789 1154; x_wconf 88' lang='lat' dir='ltr'>troc</span> <span class='ocrx_word' id='word_1_26' title='bbox 807 1090 906 1153; x_wconf 90' lang='lat' dir='ltr'>etiam</span> <span class='ocrx_word' id='word_1_27' title='bbox 920 1072 1098 1168; x_wconf 78' lang='lat' dir='ltr'>scripturis</span> <span class='ocrx_word' id='word_1_28' title='bbox 1118 1085 1246 1161; x_wconf 82' lang='lat' dir='ltr'>divinis,</span> <span class='ocrx_word' id='word_1_29' title='bbox 1260 1084 1412 1166; x_wconf 83' lang='lat' dir='ltr'>quoniam</span> <span class='ocrx_word' id='word_1_30' title='bbox 1432 1082 1495 1145; x_wconf 84' lang='lat' dir='ltr'>iiiia</span> <span class='ocrx_word' id='word_1_31' title='bbox 1507 1098 1553 1143; x_wconf 91' lang='lat' dir='ltr'>nn·</span> 
     </span>
     <span class='ocr_line' id='line_1_5' title="bbox 456 1182 1554 1275; baseline -0.014 -18"><span class='ocrx_word' id='word_1_32' title='bbox 456 1193 542 1275; x_wconf 84' lang='lat' dir='ltr'>ptine</span> <span class='ocrx_word' id='word_1_33' title='bbox 556 1208 619 1255; x_wconf 89' lang='lat' dir='ltr'>non</span> <span class='ocrx_word' id='word_1_34' title='bbox 639 1199 737 1271; x_wconf 71' lang='lat' dir='ltr'>snat,</span> <span class='ocrx_word' id='word_1_35' title='bbox 757 1186 815 1254; x_wconf 92' lang='lat' dir='ltr'>sed</span> <span class='ocrx_word' id='word_1_36' title='bbox 837 1196 948 1264; x_wconf 86' lang='lat' dir='ltr'>eruut,</span> <span class='ocrx_word' id='word_1_37' title='bbox 969 1188 1027 1269; x_wconf 84' lang='lat' dir='ltr'>qui</span> <span class='ocrx_word' id='word_1_38' title='bbox 1042 1188 1296 1261; x_wconf 84' lang='lat' dir='ltr'>resurrexerint,</span> <span class='ocrx_word' id='word_1_39' title='bbox 1317 1186 1402 1250; x_wconf 90' lang='lat' dir='ltr'>sicut</span> <span class='ocrx_word' id='word_1_40' title='bbox 1421 1183 1515 1263; x_wconf 71' lang='lat' dir='ltr'>argeti</span> <span class='ocrx_word' id='word_1_41' title='bbox 1529 1182 1554 1243; x_wconf 86' lang='lat' dir='ltr'>in</span> 
     </span>
     <span class='ocr_line' id='line_1_6' title="bbox 456 1286 1554 1372; baseline -0.012 -15"><span class='ocrx_word' id='word_1_42' title='bbox 456 1292 573 1370; x_wconf 72' lang='lat' dir='ltr'>coeio,</span> <span class='ocrx_word' id='word_1_43' title='bbox 595 1299 629 1355; x_wconf 87' lang='lat' dir='ltr'>et</span> <span class='ocrx_word' id='word_1_44' title='bbox 642 1292 719 1372; x_wconf 85' lang='lat' dir='ltr'>quia</span> <span class='ocrx_word' id='word_1_45' title='bbox 735 1290 1014 1356; x_wconf 76' lang='lat' dir='ltr'>transformabant</span> <span class='ocrx_word' id='word_1_46' title='bbox 1027 1304 1167 1369; x_wconf 87' lang='lat' dir='ltr'>corpora</span> <span class='ocrx_word' id='word_1_47' title='bbox 1188 1286 1380 1353; x_wconf 83' lang='lat' dir='ltr'>humititatis</span> <span class='ocrx_word' id='word_1_48' title='bbox 1394 1300 1501 1349; x_wconf 88' lang='lat' dir='ltr'>aarum</span> <span class='ocrx_word' id='word_1_49' title='bbox 1516 1300 1554 1345; x_wconf 88' lang='lat' dir='ltr'>sc·</span> 
     </span>
     <span class='ocr_line' id='line_1_7' title="bbox 458 1386 1494 1479; baseline -0.009 -22"><span class='ocrx_word' id='word_1_50' title='bbox 458 1393 601 1460; x_wconf 88' lang='lat' dir='ltr'>cundum</span> <span class='ocrx_word' id='word_1_51' title='bbox 623 1410 762 1473; x_wconf 91' lang='lat' dir='ltr'>corpora</span> <span class='ocrx_word' id='word_1_52' title='bbox 783 1392 975 1472; x_wconf 72' lang='lat' dir='ltr'>angelorum</span> <span class='ocrx_word' id='word_1_53' title='bbox 997 1390 1148 1457; x_wconf 86' lang='lat' dir='ltr'>coelestia</span> <span class='ocrx_word' id='word_1_54' title='bbox 1169 1395 1269 1469; x_wconf 81' lang='lat' dir='ltr'>atque</span> <span class='ocrx_word' id='word_1_55' title='bbox 1289 1386 1442 1450; x_wconf 79' lang='lat' dir='ltr'>inminse.</span> <span class='ocrx_word' id='word_1_56' title='bbox 1464 1404 1494 1479; x_wconf 79' lang='lat'>&#39;,</span> 
     </span>
    </p>
   </div>
   <div class='ocr_carea' id='block_1_2' title="bbox 904 1592 1137 1661">
    <p class='ocr_par' dir='ltr' id='par_1_2' title="bbox 904 1592 1137 1661">
     <span class='ocr_line' id='line_1_8' title="bbox 904 1592 1137 1661; baseline -0.017 0"><span class='ocrx_word' id='word_1_57' title='bbox 904 1594 1005 1661; x_wconf 80' lang='lat' dir='ltr'>Verrio</span> <span class='ocrx_word' id='word_1_58' title='bbox 1026 1592 1137 1661; x_wconf 72' lang='lat' dir='ltr'>Hastis·</span> 
     </span>
    </p>
   </div>
   <div class='ocr_carea' id='block_1_3' title="bbox 457 1798 1576 4004">
    <p class='ocr_par' dir='ltr' id='par_1_3' title="bbox 457 1798 1576 4004">
     <span class='ocr_line' id='line_1_9' title="bbox 542 1798 1560 1887; baseline -0.012 -16"><span class='ocrx_word' id='word_1_59' title='bbox 542 1804 688 1871; x_wconf 85' lang='lat' dir='ltr'>Graecus</span> <span class='ocrx_word' id='word_1_60' title='bbox 711 1824 789 1871; x_wconf 81' lang='lat' dir='ltr'>vero</span> <span class='ocrx_word' id='word_1_61' title='bbox 810 1805 999 1887; x_wconf 78' lang='lat' dir='ltr'>Anonymns</span> <span class='ocrx_word' id='word_1_62' title='bbox 1021 1805 1070 1869; x_wconf 84' lang='lat' dir='ltr'>tria</span> <span class='ocrx_word' id='word_1_63' title='bbox 1091 1804 1334 1886; x_wconf 71' lang='lat' dir='ltr'>paraphrastice</span> <span class='ocrx_word' id='word_1_64' title='bbox 1354 1802 1495 1877; x_wconf 82' lang='lat' dir='ltr'>censitis,</span> <span class='ocrx_word' id='word_1_65' title='bbox 1516 1798 1560 1861; x_wconf 85' lang='lat' dir='ltr'>ad·</span> 
     </span>
     <span class='ocr_line' id='line_1_10' title="bbox 460 1900 1561 1987; baseline -0.007 -18"><span class='ocrx_word' id='word_1_66' title='bbox 460 1905 561 1969; x_wconf 81' lang='lat' dir='ltr'>didit:</span> <span class='ocrx_word' id='word_1_67' title='bbox 584 1927 601 1966; x_wconf 82' lang='lat' dir='ltr'>a</span> <span class='ocrx_word' id='word_1_68' title='bbox 624 1903 747 1986; x_wconf 74' lang='lat' dir='ltr'>[topma</span> <span class='ocrx_word' id='word_1_69' title='bbox 761 1914 872 1969; x_wconf 90' lang='lat' dir='ltr'>sutem</span> <span class='ocrx_word' id='word_1_70' title='bbox 894 1903 1039 1969; x_wconf 84' lang='lat' dir='ltr'>fldeitnm</span> <span class='ocrx_word' id='word_1_71' title='bbox 1060 1904 1297 1987; x_wconf 84' lang='lat' dir='ltr'>plerorumque</span> <span class='ocrx_word' id='word_1_72' title='bbox 1310 1903 1435 1967; x_wconf 88' lang='lat' dir='ltr'>animos</span> <span class='ocrx_word' id='word_1_73' title='bbox 1455 1900 1561 1965; x_wconf 81' lang='lat' dir='ltr'>novita-</span> 
     </span>
     <span class='ocr_line' id='line_1_11' title="bbox 460 2000 1562 2086; baseline -0.008 -17"><span class='ocrx_word' id='word_1_74' title='bbox 460 2014 568 2069; x_wconf 87' lang='lat' dir='ltr'>tesno</span> <span class='ocrx_word' id='word_1_75' title='bbox 581 2006 775 2086; x_wconf 76' lang='lat' dir='ltr'>percellere,</span> <span class='ocrx_word' id='word_1_76' title='bbox 790 2005 846 2068; x_wconf 84' lang='lat' dir='ltr'>trtc</span> <span class='ocrx_word' id='word_1_77' title='bbox 859 2004 978 2085; x_wconf 82' lang='lat' dir='ltr'>aliquis</span> <span class='ocrx_word' id='word_1_78' title='bbox 992 2004 1195 2084; x_wconf 83' lang='lat' dir='ltr'>expenderit,</span> <span class='ocrx_word' id='word_1_79' title='bbox 1211 2022 1253 2068; x_wconf 83' lang='lat' dir='ltr'>ex</span> <span class='ocrx_word' id='word_1_80' title='bbox 1268 2004 1340 2067; x_wconf 89' lang='lat' dir='ltr'>aiits</span> <span class='ocrx_word' id='word_1_81' title='bbox 1355 2002 1488 2068; x_wconf 79' lang='lat' dir='ltr'>tormssc</span> <span class='ocrx_word' id='word_1_82' title='bbox 1502 2000 1562 2081; x_wconf 92' lang='lat' dir='ltr'>ptu-</span> 
     </span>
     <span class='ocr_line' id='line_1_12' title="bbox 462 2102 1562 2187; baseline -0.007 -18"><span class='ocrx_word' id='word_1_83' title='bbox 462 2107 553 2170; x_wconf 86' lang='lat' dir='ltr'>ribns</span> <span class='ocrx_word' id='word_1_84' title='bbox 573 2107 670 2179; x_wconf 89' lang='lat' dir='ltr'>locis,</span> <span class='ocrx_word' id='word_1_85' title='bbox 683 2106 740 2171; x_wconf 91' lang='lat' dir='ltr'>sad</span> <span class='ocrx_word' id='word_1_86' title='bbox 761 2124 804 2171; x_wconf 82' lang='lat' dir='ltr'>ex</span> <span class='ocrx_word' id='word_1_87' title='bbox 817 2107 877 2170; x_wconf 89' lang='lat' dir='ltr'>itio</span> <span class='ocrx_word' id='word_1_88' title='bbox 897 2116 1000 2182; x_wconf 88' lang='lat' dir='ltr'>certe,</span> <span class='ocrx_word' id='word_1_89' title='bbox 1019 2123 1117 2187; x_wconf 86' lang='lat' dir='ltr'>quem</span> <span class='ocrx_word' id='word_1_90' title='bbox 1134 2113 1322 2182; x_wconf 88' lang='lat' dir='ltr'>tractemus,</span> <span class='ocrx_word' id='word_1_91' title='bbox 1344 2102 1562 2169; x_wconf 84' lang='lat' dir='ltr'>dubitandiar·</span> 
     </span>
     <span class='ocr_line' id='line_1_13' title="bbox 463 2206 1562 2288; baseline 0.004 -19"><span class='ocrx_word' id='word_1_92' title='bbox 463 2215 554 2287; x_wconf 89' lang='lat' dir='ltr'>repta</span> <span class='ocrx_word' id='word_1_93' title='bbox 576 2206 757 2281; x_wconf 75' lang='lat' dir='ltr'>occasione,</span> <span class='ocrx_word' id='word_1_94' title='bbox 772 2224 814 2269; x_wconf 90' lang='lat' dir='ltr'>an</span> <span class='ocrx_word' id='word_1_95' title='bbox 832 2207 1108 2288; x_wconf 84' lang='lat' dir='ltr'>quemadmodum</span> <span class='ocrx_word' id='word_1_96' title='bbox 1123 2208 1180 2288; x_wconf 86' lang='lat' dir='ltr'>qni</span> <span class='ocrx_word' id='word_1_97' title='bbox 1200 2224 1220 2269; x_wconf 91' lang='lat' dir='ltr'>a</span> <span class='ocrx_word' id='word_1_98' title='bbox 1235 2206 1373 2271; x_wconf 86' lang='lat' dir='ltr'>mortuis</span> <span class='ocrx_word' id='word_1_99' title='bbox 1388 2207 1562 2285; x_wconf 62' lang='lat' dir='ltr'>moment,</span> 
     </span>
     <span class='ocr_line' id='line_1_14' title="bbox 461 2305 1563 2387; baseline -0.005 -17"><span class='ocrx_word' id='word_1_100' title='bbox 461 2306 584 2387; x_wconf 71' lang='lat' dir='ltr'>augetis</span> <span class='ocrx_word' id='word_1_101' title='bbox 604 2306 690 2371; x_wconf 88' lang='lat' dir='ltr'>coeii</span> <span class='ocrx_word' id='word_1_102' title='bbox 702 2307 825 2371; x_wconf 88' lang='lat' dir='ltr'>simites</span> <span class='ocrx_word' id='word_1_103' title='bbox 846 2306 925 2371; x_wconf 86' lang='lat' dir='ltr'>dant</span> <span class='ocrx_word' id='word_1_104' title='bbox 935 2326 947 2387; x_wconf 80' lang='lat'>3</span> <span class='ocrx_word' id='word_1_105' title='bbox 964 2316 997 2373; x_wconf 91' lang='lat' dir='ltr'>et</span> <span class='ocrx_word' id='word_1_106' title='bbox 1014 2324 1058 2371; x_wconf 82' lang='lat' dir='ltr'>ex</span> <span class='ocrx_word' id='word_1_107' title='bbox 1071 2308 1254 2372; x_wconf 82' lang='lat' dir='ltr'>homiuibus</span> <span class='ocrx_word' id='word_1_108' title='bbox 1268 2309 1300 2371; x_wconf 92' lang='lat' dir='ltr'>in</span> <span class='ocrx_word' id='word_1_109' title='bbox 1316 2305 1462 2371; x_wconf 78' lang='lat' dir='ltr'>ordinem</span> <span class='ocrx_word' id='word_1_110' title='bbox 1482 2320 1563 2383; x_wconf 76' lang='lat' dir='ltr'>anpe-</span> 
     </span>
     <span class='ocr_line' id='line_1_15' title="bbox 460 2407 1561 2489; baseline -0.004 -20"><span class='ocrx_word' id='word_1_111' title='bbox 460 2407 570 2471; x_wconf 91' lang='lat' dir='ltr'>tornm</span> <span class='ocrx_word' id='word_1_112' title='bbox 592 2409 753 2487; x_wconf 73' lang='lat' dir='ltr'>migrent,</span> <span class='ocrx_word' id='word_1_113' title='bbox 774 2409 818 2471; x_wconf 88' lang='lat' dir='ltr'>ita</span> <span class='ocrx_word' id='word_1_114' title='bbox 840 2416 874 2473; x_wconf 93' lang='lat' dir='ltr'>et</span> <span class='ocrx_word' id='word_1_115' title='bbox 892 2407 962 2485; x_wconf 89' lang='lat' dir='ltr'>aiii,</span> <span class='ocrx_word' id='word_1_116' title='bbox 978 2410 1035 2489; x_wconf 86' lang='lat' dir='ltr'>qut</span> <span class='ocrx_word' id='word_1_117' title='bbox 1057 2409 1088 2470; x_wconf 94' lang='lat' dir='ltr'>in</span> <span class='ocrx_word' id='word_1_118' title='bbox 1109 2408 1204 2473; x_wconf 87' lang='lat' dir='ltr'>coeio</span> <span class='ocrx_word' id='word_1_119' title='bbox 1224 2407 1346 2489; x_wconf 72' lang='lat' dir='ltr'>nepum</span> <span class='ocrx_word' id='word_1_120' title='bbox 1366 2407 1485 2489; x_wconf 67' lang='lat' dir='ltr'>angeli,</span> <span class='ocrx_word' id='word_1_121' title='bbox 1498 2420 1561 2467; x_wconf 88' lang='lat' dir='ltr'>cnm</span> 
     </span>
     <span class='ocr_line' id='line_1_16' title="bbox 460 2506 1563 2591; baseline -0.005 -19"><span class='ocrx_word' id='word_1_122' title='bbox 460 2508 539 2572; x_wconf 89' lang='lat' dir='ltr'>otim</span> <span class='ocrx_word' id='word_1_123' title='bbox 561 2507 684 2572; x_wconf 80' lang='lat' dir='ltr'>inerint</span> <span class='ocrx_word' id='word_1_124' title='bbox 704 2510 863 2586; x_wconf 83' lang='lat' dir='ltr'>homiues,</span> <span class='ocrx_word' id='word_1_125' title='bbox 884 2518 917 2574; x_wconf 89' lang='lat' dir='ltr'>et</span> <span class='ocrx_word' id='word_1_126' title='bbox 937 2511 969 2573; x_wconf 89' lang='lat' dir='ltr'>in</span> <span class='ocrx_word' id='word_1_127' title='bbox 991 2509 1134 2574; x_wconf 84' lang='lat' dir='ltr'>humano</span> <span class='ocrx_word' id='word_1_128' title='bbox 1154 2526 1295 2591; x_wconf 85' lang='lat' dir='ltr'>corpore</span> <span class='ocrx_word' id='word_1_129' title='bbox 1316 2510 1448 2591; x_wconf 68' lang='lat' dir='ltr'>egregie</span> <span class='ocrx_word' id='word_1_130' title='bbox 1467 2506 1563 2571; x_wconf 86' lang='lat' dir='ltr'>decer·</span> 
     </span>
     <span class='ocr_line' id='line_1_17' title="bbox 462 2606 1562 2689; baseline -0.007 -16"><span class='ocrx_word' id='word_1_131' title='bbox 462 2610 575 2683; x_wconf 61' lang='lat' dir='ltr'>tarino</span> <span class='ocrx_word' id='word_1_132' title='bbox 596 2609 703 2689; x_wconf 76' lang='lat' dir='ltr'>anpctt</span> <span class='ocrx_word' id='word_1_133' title='bbox 724 2611 757 2673; x_wconf 90' lang='lat' dir='ltr'>in</span> <span class='ocrx_word' id='word_1_134' title='bbox 776 2611 871 2674; x_wconf 88' lang='lat' dir='ltr'>caeto</span> <span class='ocrx_word' id='word_1_135' title='bbox 886 2610 974 2675; x_wconf 84' lang='lat' dir='ltr'>haud</span> <span class='ocrx_word' id='word_1_136' title='bbox 994 2628 1089 2675; x_wconf 86' lang='lat' dir='ltr'>aecus</span> <span class='ocrx_word' id='word_1_137' title='bbox 1110 2628 1150 2675; x_wconf 89' lang='lat' dir='ltr'>ae</span> <span class='ocrx_word' id='word_1_138' title='bbox 1169 2612 1238 2688; x_wconf 90' lang='lat' dir='ltr'>aitt,</span> <span class='ocrx_word' id='word_1_139' title='bbox 1253 2617 1328 2675; x_wconf 89' lang='lat' dir='ltr'>ante</span> <span class='ocrx_word' id='word_1_140' title='bbox 1346 2627 1382 2675; x_wconf 92' lang='lat' dir='ltr'>se</span> <span class='ocrx_word' id='word_1_141' title='bbox 1403 2606 1562 2675; x_wconf 86' lang='lat' dir='ltr'>eraserint.</span> 
     </span>
     <span class='ocr_line' id='line_1_18' title="bbox 463 2706 1565 2793; baseline -0.005 -20"><span class='ocrx_word' id='word_1_142' title='bbox 463 2707 529 2785; x_wconf 84' lang='lat' dir='ltr'>Qui</span> <span class='ocrx_word' id='word_1_143' title='bbox 543 2718 652 2773; x_wconf 87' lang='lat' dir='ltr'>antem</span> <span class='ocrx_word' id='word_1_144' title='bbox 667 2729 786 2775; x_wconf 88' lang='lat' dir='ltr'>noram</span> <span class='ocrx_word' id='word_1_145' title='bbox 801 2712 885 2775; x_wconf 83' lang='lat' dir='ltr'>nnnc</span> <span class='ocrx_word' id='word_1_146' title='bbox 899 2712 1096 2793; x_wconf 87' lang='lat' dir='ltr'>opinionem,</span> <span class='ocrx_word' id='word_1_147' title='bbox 1114 2711 1166 2775; x_wconf 88' lang='lat' dir='ltr'>ret</span> <span class='ocrx_word' id='word_1_148' title='bbox 1180 2730 1222 2775; x_wconf 84' lang='lat' dir='ltr'>ex</span> <span class='ocrx_word' id='word_1_149' title='bbox 1236 2710 1396 2792; x_wconf 84' lang='lat' dir='ltr'>praesenti</span> <span class='ocrx_word' id='word_1_150' title='bbox 1414 2710 1498 2785; x_wconf 89' lang='lat' dir='ltr'>ioco,</span> <span class='ocrx_word' id='word_1_151' title='bbox 1512 2706 1565 2769; x_wconf 90' lang='lat' dir='ltr'>tor·</span> 
     </span>
     <span class='ocr_line' id='line_1_19' title="bbox 465 2812 1565 2892; baseline -0.004 -18"><span class='ocrx_word' id='word_1_152' title='bbox 465 2820 549 2877; x_wconf 88' lang='lat' dir='ltr'>tasse</span> <span class='ocrx_word' id='word_1_153' title='bbox 569 2820 602 2875; x_wconf 88' lang='lat' dir='ltr'>et</span> <span class='ocrx_word' id='word_1_154' title='bbox 621 2812 755 2877; x_wconf 82' lang='lat' dir='ltr'>aliunde</span> <span class='ocrx_word' id='word_1_155' title='bbox 774 2814 963 2878; x_wconf 84' lang='lat' dir='ltr'>examinare</span> <span class='ocrx_word' id='word_1_156' title='bbox 985 2812 1140 2889; x_wconf 76' lang='lat' dir='ltr'>notuerit,</span> <span class='ocrx_word' id='word_1_157' title='bbox 1157 2814 1340 2879; x_wconf 79' lang='lat' dir='ltr'>nniversam</span> <span class='ocrx_word' id='word_1_158' title='bbox 1361 2812 1565 2892; x_wconf 82' lang='lat' dir='ltr'>scripturam,</span> 
     </span>
     <span class='ocr_line' id='line_1_20' title="bbox 464 2908 1566 2994; baseline -0.007 -17"><span class='ocrx_word' id='word_1_159' title='bbox 464 2927 645 2993; x_wconf 79' lang='lat' dir='ltr'>rerumque</span> <span class='ocrx_word' id='word_1_160' title='bbox 664 2915 899 2979; x_wconf 80' lang='lat' dir='ltr'>connexionem</span> <span class='ocrx_word' id='word_1_161' title='bbox 914 2917 1035 2978; x_wconf 88' lang='lat' dir='ltr'>attente</span> <span class='ocrx_word' id='word_1_162' title='bbox 1050 2914 1232 2978; x_wconf 88' lang='lat' dir='ltr'>considerat</span> <span class='ocrx_word' id='word_1_163' title='bbox 1250 2930 1288 2977; x_wconf 91' lang='lat' dir='ltr'>ac</span> <span class='ocrx_word' id='word_1_164' title='bbox 1309 2912 1470 2994; x_wconf 81' lang='lat' dir='ltr'>dispiciat,</span> <span class='ocrx_word' id='word_1_165' title='bbox 1485 2908 1566 2990; x_wconf 85' lang='lat' dir='ltr'>qnid·</span> 
     </span>
     <span class='ocr_line' id='line_1_21' title="bbox 464 3009 1567 3097; baseline -0.008 -18"><span class='ocrx_word' id='word_1_166' title='bbox 464 3030 530 3095; x_wconf 79' lang='lat' dir='ltr'>qne</span> <span class='ocrx_word' id='word_1_167' title='bbox 543 3032 586 3077; x_wconf 80' lang='lat' dir='ltr'>ex</span> <span class='ocrx_word' id='word_1_168' title='bbox 601 3014 651 3078; x_wconf 81' lang='lat' dir='ltr'>itis</span> <span class='ocrx_word' id='word_1_169' title='bbox 663 3015 708 3077; x_wconf 90' lang='lat' dir='ltr'>ita</span> <span class='ocrx_word' id='word_1_170' title='bbox 723 3014 848 3096; x_wconf 88' lang='lat' dir='ltr'>positis,</span> <span class='ocrx_word' id='word_1_171' title='bbox 862 3025 1094 3096; x_wconf 86' lang='lat' dir='ltr'>consequatur,</span> <span class='ocrx_word' id='word_1_172' title='bbox 1113 3015 1288 3097; x_wconf 84' lang='lat' dir='ltr'>expendat,</span> <span class='ocrx_word' id='word_1_173' title='bbox 1307 3015 1334 3078; x_wconf 91' lang='lat' dir='ltr'>si</span> <span class='ocrx_word' id='word_1_174' title='bbox 1349 3012 1509 3094; x_wconf 74' lang='lat' dir='ltr'>eiusmodi</span> <span class='ocrx_word' id='word_1_175' title='bbox 1521 3009 1567 3071; x_wconf 82' lang='lat' dir='ltr'>do</span> 
     </span>
     <span class='ocr_line' id='line_1_22' title="bbox 467 3112 1567 3199; baseline -0.007 -19"><span class='ocrx_word' id='word_1_176' title='bbox 467 3115 571 3180; x_wconf 88' lang='lat' dir='ltr'>ctrina</span> <span class='ocrx_word' id='word_1_177' title='bbox 592 3114 866 3190; x_wconf 67' lang='lat' dir='ltr'>admittendam,</span> <span class='ocrx_word' id='word_1_178' title='bbox 886 3132 928 3181; x_wconf 84' lang='lat' dir='ltr'>ex</span> <span class='ocrx_word' id='word_1_179' title='bbox 950 3134 1014 3199; x_wconf 83' lang='lat' dir='ltr'>qua</span> <span class='ocrx_word' id='word_1_180' title='bbox 1030 3134 1067 3180; x_wconf 84' lang='lat' dir='ltr'>es</span> <span class='ocrx_word' id='word_1_181' title='bbox 1090 3114 1367 3198; x_wconf 62' lang='lat' dir='ltr'>prandensque</span> <span class='ocrx_word' id='word_1_182' title='bbox 1386 3132 1431 3179; x_wconf 79' lang='lat' dir='ltr'>es</span> <span class='ocrx_word' id='word_1_183' title='bbox 1453 3112 1512 3177; x_wconf 85' lang='lat' dir='ltr'>inc</span> <span class='ocrx_word' id='word_1_184' title='bbox 1531 3112 1567 3172; x_wconf 91' lang='lat' dir='ltr'>to·</span> 
     </span>
     <span class='ocr_line' id='line_1_23' title="bbox 465 3208 1571 3300; baseline -0.008 -20"><span class='ocrx_word' id='word_1_185' title='bbox 465 3234 506 3280; x_wconf 90' lang='lat' dir='ltr'>cn</span> <span class='ocrx_word' id='word_1_186' title='bbox 526 3216 693 3279; x_wconf 73' lang='lat' dir='ltr'>manifesta</span> <span class='ocrx_word' id='word_1_187' title='bbox 713 3225 809 3280; x_wconf 79' lang='lat' dir='ltr'>snntr</span> <span class='ocrx_word' id='word_1_188' title='bbox 831 3218 961 3298; x_wconf 81' lang='lat' dir='ltr'>nupcias</span> <span class='ocrx_word' id='word_1_189' title='bbox 974 3216 1202 3300; x_wconf 77' lang='lat' dir='ltr'>judicabimus,</span> <span class='ocrx_word' id='word_1_190' title='bbox 1217 3233 1276 3281; x_wconf 84' lang='lat' dir='ltr'>neo</span> <span class='ocrx_word' id='word_1_191' title='bbox 1297 3232 1359 3279; x_wconf 91' lang='lat' dir='ltr'>non</span> <span class='ocrx_word' id='word_1_192' title='bbox 1381 3234 1426 3278; x_wconf 81' lang='lat' dir='ltr'>ex</span> <span class='ocrx_word' id='word_1_193' title='bbox 1447 3214 1521 3277; x_wconf 84' lang='lat' dir='ltr'>iiio:</span> <span class='ocrx_word' id='word_1_194' title='bbox 1542 3208 1571 3272; x_wconf 86' lang='grc' dir='ltr'>ιἰι</span> 
     </span>
     <span class='ocr_line' id='line_1_24' title="bbox 464 3314 1572 3398; baseline -0.004 -21"><span class='ocrx_word' id='word_1_195' title='bbox 464 3332 557 3394; x_wconf 79' lang='lat' dir='ltr'>quem</span> <span class='ocrx_word' id='word_1_196' title='bbox 576 3314 759 3379; x_wconf 66' lang='lat' dir='ltr'>moderent</span> <span class='ocrx_word' id='word_1_197' title='bbox 773 3316 881 3396; x_wconf 79' lang='lat' dir='ltr'>capeti</span> <span class='ocrx_word' id='word_1_198' title='bbox 891 3316 1079 3398; x_wconf 82' lang='lat' dir='ltr'>prospicere.</span> <span class='ocrx_word' id='word_1_199' title='bbox 1095 3314 1191 3393; x_wconf 78' lang='lat' dir='ltr'>Quod</span> <span class='ocrx_word' id='word_1_200' title='bbox 1213 3316 1315 3396; x_wconf 87' lang='lat' dir='ltr'>siquis</span> <span class='ocrx_word' id='word_1_201' title='bbox 1329 3314 1438 3379; x_wconf 76' lang='lat' dir='ltr'>iudae</span> <span class='ocrx_word' id='word_1_202' title='bbox 1452 3328 1572 3395; x_wconf 84' lang='lat' dir='ltr'>quoqne</span> 
     </span>
     <span class='ocr_line' id='line_1_25' title="bbox 466 3413 1571 3500; baseline -0.003 -22"><span class='ocrx_word' id='word_1_203' title='bbox 466 3413 646 3495; x_wconf 81' lang='lat' dir='ltr'>Epistciam</span> <span class='ocrx_word' id='word_1_204' title='bbox 666 3415 834 3495; x_wconf 89' lang='lat' dir='ltr'>admittat,</span> <span class='ocrx_word' id='word_1_205' title='bbox 869 3418 975 3482; x_wconf 87' lang='lat' dir='ltr'>rideat</span> <span class='ocrx_word' id='word_1_206' title='bbox 994 3418 1081 3500; x_wconf 87' lang='lat' dir='ltr'>qnod</span> <span class='ocrx_word' id='word_1_207' title='bbox 1104 3436 1144 3481; x_wconf 85' lang='lat' dir='ltr'>ex</span> <span class='ocrx_word' id='word_1_208' title='bbox 1167 3418 1228 3482; x_wconf 88' lang='lat' dir='ltr'>hac</span> <span class='ocrx_word' id='word_1_209' title='bbox 1256 3426 1418 3498; x_wconf 85' lang='lat' dir='ltr'>sequatur</span> <span class='ocrx_word' id='word_1_210' title='bbox 1438 3415 1571 3481; x_wconf 82' lang='lat' dir='ltr'>noctrtm</span> 
     </span>
     <span class='ocr_line' id='line_1_26' title="bbox 464 3514 1573 3600; baseline -0.003 -20"><span class='ocrx_word' id='word_1_211' title='bbox 464 3525 600 3598; x_wconf 87' lang='lat' dir='ltr'>propter</span> <span class='ocrx_word' id='word_1_212' title='bbox 620 3517 724 3581; x_wconf 82' lang='lat' dir='ltr'>iilud:</span> <span class='ocrx_word' id='word_1_213' title='bbox 740 3520 869 3598; x_wconf 81' lang='lat' dir='ltr'>capetus</span> <span class='ocrx_word' id='word_1_214' title='bbox 889 3538 974 3598; x_wconf 83' lang='lat' dir='ltr'>cero,</span> <span class='ocrx_word' id='word_1_215' title='bbox 988 3519 1045 3600; x_wconf 82' lang='lat' dir='ltr'>poi</span> <span class='ocrx_word' id='word_1_216' title='bbox 1064 3538 1130 3583; x_wconf 82' lang='lat' dir='ltr'>neo</span> <span class='ocrx_word' id='word_1_217' title='bbox 1151 3529 1474 3585; x_wconf 68' lang='lat' dir='ltr'>sauromatarum</span> <span class='ocrx_word' id='word_1_218' title='bbox 1489 3514 1573 3600; x_wconf 84' lang='lat' dir='ltr'>pria·</span> 
     </span>
     <span class='ocr_line' id='line_1_27' title="bbox 457 3614 1574 3703; baseline 0 -24"><span class='ocrx_word' id='word_1_219' title='bbox 457 3614 686 3700; x_wconf 19' lang='lat' dir='ltr'>&#39;eipmamnad</span> <span class='ocrx_word' id='word_1_220' title='bbox 704 3617 939 3700; x_wconf 71' lang='lat' dir='ltr'>dereliquerunt</span> <span class='ocrx_word' id='word_1_221' title='bbox 951 3636 1045 3698; x_wconf 76' lang='lat' dir='ltr'>soem</span> <span class='ocrx_word' id='word_1_222' title='bbox 1063 3618 1275 3695; x_wconf 69' lang='lat' dir='ltr'>conteteram,</span> <span class='ocrx_word' id='word_1_223' title='bbox 1289 3620 1327 3684; x_wconf 83' lang='lat' dir='ltr'>ia</span> <span class='ocrx_word' id='word_1_224' title='bbox 1334 3619 1498 3703; x_wconf 76' lang='lat' dir='ltr'>judiciem</span> <span class='ocrx_word' id='word_1_225' title='bbox 1516 3636 1574 3681; x_wconf 85' lang='lat' dir='ltr'>aaa·</span> 
     </span>
     <span class='ocr_line' id='line_1_28' title="bbox 465 3712 1574 3803; baseline 0.004 -26"><span class='ocrx_word' id='word_1_226' title='bbox 465 3712 600 3796; x_wconf 74' lang='lat' dir='ltr'>paridisi</span> <span class='ocrx_word' id='word_1_227' title='bbox 619 3713 758 3779; x_wconf 79' lang='lat' dir='ltr'>uincatis</span> <span class='ocrx_word' id='word_1_228' title='bbox 770 3717 906 3783; x_wconf 73' lang='lat' dir='ltr'>aerest·</span> <span class='ocrx_word' id='word_1_229' title='bbox 925 3720 982 3783; x_wconf 80' lang='lat' dir='ltr'>soi</span> <span class='ocrx_word' id='word_1_230' title='bbox 995 3718 1132 3803; x_wconf 74' lang='lat' dir='ltr'>calipius</span> <span class='ocrx_word' id='word_1_231' title='bbox 1153 3721 1333 3787; x_wconf 80' lang='lat' dir='ltr'>reservavit.</span> <span class='ocrx_word' id='word_1_232' title='bbox 1349 3721 1415 3799; x_wconf 84' lang='lat' dir='ltr'>Qui</span> <span class='ocrx_word' id='word_1_233' title='bbox 1440 3738 1517 3786; x_wconf 84' lang='lat' dir='ltr'>vero</span> <span class='ocrx_word' id='word_1_234' title='bbox 1530 3734 1574 3781; x_wconf 85' lang='lat' dir='ltr'>res</span> 
     </span>
     <span class='ocr_line' id='line_1_29' title="bbox 465 3816 1575 3905; baseline 0 -26"><span class='ocrx_word' id='word_1_235' title='bbox 465 3816 652 3898; x_wconf 76' lang='lat' dir='ltr'>huiuamodi</span> <span class='ocrx_word' id='word_1_236' title='bbox 671 3819 855 3899; x_wconf 75' lang='lat' dir='ltr'>disquirere</span> <span class='ocrx_word' id='word_1_237' title='bbox 880 3820 980 3887; x_wconf 85' lang='lat' dir='ltr'>tuerit</span> <span class='ocrx_word' id='word_1_238' title='bbox 1000 3837 1121 3899; x_wconf 88' lang='lat' dir='ltr'>ansus,</span> <span class='ocrx_word' id='word_1_239' title='bbox 1145 3823 1253 3888; x_wconf 83' lang='lat' dir='ltr'>rideat</span> <span class='ocrx_word' id='word_1_240' title='bbox 1275 3824 1443 3905; x_wconf 84' lang='lat' dir='ltr'>quomodo</span> <span class='ocrx_word' id='word_1_241' title='bbox 1467 3816 1575 3885; x_wconf 77' lang='lat' dir='ltr'>insciti·</span> 
     </span>
     <span class='ocr_line' id='line_1_30' title="bbox 466 3918 1576 4004; baseline 0.005 -23"><span class='ocrx_word' id='word_1_242' title='bbox 466 3918 568 3998; x_wconf 78' lang='lat' dir='ltr'>penda</span> <span class='ocrx_word' id='word_1_243' title='bbox 588 3926 685 3994; x_wconf 88' lang='lat' dir='ltr'>snut,</span> <span class='ocrx_word' id='word_1_244' title='bbox 713 3925 799 4001; x_wconf 84' lang='lat' dir='ltr'>quae</span> <span class='ocrx_word' id='word_1_245' title='bbox 817 3923 938 4004; x_wconf 88' lang='lat' dir='ltr'>scripta</span> <span class='ocrx_word' id='word_1_246' title='bbox 967 3930 1080 3988; x_wconf 82' lang='lat' dir='ltr'>eatam</span> <span class='ocrx_word' id='word_1_247' title='bbox 1099 3924 1131 3987; x_wconf 89' lang='lat' dir='ltr'>in</span> <span class='ocrx_word' id='word_1_248' title='bbox 1153 3922 1290 3989; x_wconf 82' lang='lat' dir='ltr'>Genesis</span> <span class='ocrx_word' id='word_1_249' title='bbox 1321 3924 1459 3989; x_wconf 77' lang='lat' dir='ltr'>videntes</span> <span class='ocrx_word' id='word_1_250' title='bbox 1480 3939 1576 4003; x_wconf 74' lang='lat' dir='ltr'>sempr</span> 
     </span>
    </p>
   </div>
   <div class='ocr_carea' id='block_1_4' title="bbox 466 4016 1576 4597">
    <p class='ocr_par' dir='ltr' id='par_1_4' title="bbox 466 4016 1576 4597">
     <span class='ocr_line' id='line_1_31' title="bbox 466 4016 1576 4108; baseline 0.004 -27"><span class='ocrx_word' id='word_1_251' title='bbox 466 4016 551 4098; x_wconf 67' lang='lat' dir='ltr'>filios</span> <span class='ocrx_word' id='word_1_252' title='bbox 572 4016 630 4083; x_wconf 71' lang='lat' dir='ltr'>oet</span> <span class='ocrx_word' id='word_1_253' title='bbox 648 4019 736 4100; x_wconf 69' lang='lat' dir='ltr'>filios</span> <span class='ocrx_word' id='word_1_254' title='bbox 755 4020 928 4101; x_wconf 74' lang='lat' dir='ltr'>dominam,</span> <span class='ocrx_word' id='word_1_255' title='bbox 944 4026 1029 4106; x_wconf 78' lang='lat' dir='ltr'>prod</span> <span class='ocrx_word' id='word_1_256' title='bbox 1048 4034 1151 4089; x_wconf 73' lang='lat' dir='ltr'>assam</span> <span class='ocrx_word' id='word_1_257' title='bbox 1164 4025 1332 4107; x_wconf 75' lang='lat' dir='ltr'>paledros,</span> <span class='ocrx_word' id='word_1_258' title='bbox 1352 4026 1507 4108; x_wconf 84' lang='lat' dir='ltr'>occepisse</span> <span class='ocrx_word' id='word_1_259' title='bbox 1524 4020 1576 4085; x_wconf 78' lang='lat' dir='ltr'>sibi</span> 
     </span>
     <span class='ocr_line' id='line_1_32' title="bbox 467 4121 1576 4206; baseline 0.005 -24"><span class='ocrx_word' id='word_1_260' title='bbox 467 4138 581 4183; x_wconf 75' lang='lat' dir='ltr'>cocras</span> <span class='ocrx_word' id='word_1_261' title='bbox 600 4139 642 4183; x_wconf 78' lang='lat' dir='ltr'>cc</span> <span class='ocrx_word' id='word_1_262' title='bbox 660 4121 819 4201; x_wconf 75' lang='lat' dir='ltr'>omnious,</span> <span class='ocrx_word' id='word_1_263' title='bbox 839 4142 921 4205; x_wconf 83' lang='lat' dir='ltr'>poor</span> <span class='ocrx_word' id='word_1_264' title='bbox 939 4127 1105 4206; x_wconf 82' lang='lat' dir='ltr'>ctepernat.</span> <span class='ocrx_word' id='word_1_265' title='bbox 1122 4122 1217 4192; x_wconf 83' lang='lat' dir='ltr'>Tales</span> <span class='ocrx_word' id='word_1_266' title='bbox 1237 4138 1346 4191; x_wconf 88' lang='lat' dir='ltr'>autem</span> <span class='ocrx_word' id='word_1_267' title='bbox 1368 4128 1576 4192; x_wconf 85' lang='lat' dir='ltr'>dubitationes</span> 
     </span>
     <span class='ocr_line' id='line_1_33' title="bbox 470 4231 1576 4311; baseline 0.004 -25"><span class='ocrx_word' id='word_1_268' title='bbox 470 4232 583 4305; x_wconf 85' lang='lat' dir='ltr'>aperte</span> <span class='ocrx_word' id='word_1_269' title='bbox 603 4242 799 4306; x_wconf 84' lang='lat' dir='ltr'>proponere,</span> <span class='ocrx_word' id='word_1_270' title='bbox 814 4242 995 4310; x_wconf 86' lang='lat' dir='ltr'>earumque</span> <span class='ocrx_word' id='word_1_271' title='bbox 1010 4232 1273 4311; x_wconf 84' lang='lat' dir='ltr'>consequentiam</span> <span class='ocrx_word' id='word_1_272' title='bbox 1288 4231 1461 4311; x_wconf 85' lang='lat' dir='ltr'>dispicere,</span> <span class='ocrx_word' id='word_1_273' title='bbox 1484 4238 1576 4294; x_wconf 87' lang='lat' dir='ltr'>tanta·</span> 
     </span>
     <span class='ocr_line' id='line_1_34' title="bbox 470 4330 1576 4414; baseline 0.004 -25"><span class='ocrx_word' id='word_1_274' title='bbox 470 4343 612 4407; x_wconf 80' lang='lat' dir='ltr'>rumque</span> <span class='ocrx_word' id='word_1_275' title='bbox 628 4346 740 4391; x_wconf 89' lang='lat' dir='ltr'>rerum</span> <span class='ocrx_word' id='word_1_276' title='bbox 753 4331 988 4409; x_wconf 82' lang='lat' dir='ltr'>expositionem</span> <span class='ocrx_word' id='word_1_277' title='bbox 1006 4332 1139 4397; x_wconf 82' lang='lat' dir='ltr'>chartae</span> <span class='ocrx_word' id='word_1_278' title='bbox 1157 4334 1372 4409; x_wconf 86' lang='lat' dir='ltr'>committere,</span> <span class='ocrx_word' id='word_1_279' title='bbox 1390 4348 1506 4414; x_wconf 87' lang='lat' dir='ltr'>parum</span> <span class='ocrx_word' id='word_1_280' title='bbox 1521 4330 1576 4393; x_wconf 83' lang='lat' dir='ltr'>ior</span> 
     </span>
     <span class='ocr_line' id='line_1_35' title="bbox 473 4429 1576 4515; baseline 0.007 -25"><span class='ocrx_word' id='word_1_281' title='bbox 473 4435 557 4491; x_wconf 86' lang='lat' dir='ltr'>tasse</span> <span class='ocrx_word' id='word_1_282' title='bbox 571 4437 678 4491; x_wconf 89' lang='lat' dir='ltr'>tutum</span> <span class='ocrx_word' id='word_1_283' title='bbox 699 4429 817 4493; x_wconf 73' lang='lat' dir='ltr'>inerite</span> <span class='ocrx_word' id='word_1_284' title='bbox 832 4431 871 4496; x_wconf 90' lang='lat' dir='ltr'>iis</span> <span class='ocrx_word' id='word_1_285' title='bbox 890 4434 988 4502; x_wconf 83' lang='lat' dir='ltr'>euim,</span> <span class='ocrx_word' id='word_1_286' title='bbox 1004 4446 1089 4513; x_wconf 86' lang='lat' dir='ltr'>quae</span> <span class='ocrx_word' id='word_1_287' title='bbox 1100 4432 1168 4515; x_wconf 81' lang='lat' dir='ltr'>jam</span> <span class='ocrx_word' id='word_1_288' title='bbox 1183 4450 1203 4497; x_wconf 85' lang='lat' dir='ltr'>a</span> <span class='ocrx_word' id='word_1_289' title='bbox 1218 4433 1307 4499; x_wconf 82' lang='lat' dir='ltr'>nobis</span> <span class='ocrx_word' id='word_1_290' title='bbox 1322 4435 1406 4499; x_wconf 86' lang='lat' dir='ltr'>dicta</span> <span class='ocrx_word' id='word_1_291' title='bbox 1426 4441 1515 4509; x_wconf 88' lang='lat' dir='ltr'>sunt,</span> <span class='ocrx_word' id='word_1_292' title='bbox 1532 4450 1576 4513; x_wconf 75' lang='lat' dir='ltr'>pe</span> 
     </span>
     <span class='ocr_line' id='line_1_36' title="bbox 472 4525 1113 4597; baseline 0.017 -10"><span class='ocrx_word' id='word_1_293' title='bbox 472 4525 614 4597; x_wconf 82' lang='lat' dir='ltr'>ricutuaa</span> <span class='ocrx_word' id='word_1_294' title='bbox 636 4528 792 4594; x_wconf 81' lang='lat' dir='ltr'>hacteuus</span> <span class='ocrx_word' id='word_1_295' title='bbox 811 4529 926 4596; x_wconf 86' lang='lat' dir='ltr'>adiisse</span> <span class='ocrx_word' id='word_1_296' title='bbox 946 4530 1072 4597; x_wconf 88' lang='lat' dir='ltr'>sniiicit.</span> <span class='ocrx_word' id='word_1_297' title='bbox 1097 4554 1113 4589; x_wconf 80' lang='lat' dir='ltr'>a</span> 
     </span>
    </p>
   </div>
   <div class='ocr_carea' id='block_1_5' title="bbox 0 0 1729 5567">
    <p class='ocr_par' dir='ltr' id='par_1_5' title="bbox 0 0 1729 5567">
     <span class='ocr_line' id='line_1_37' title="bbox 0 0 1729 5567; baseline 0 0"><span class='ocrx_word' id='word_1_298' title='bbox 0 0 1729 5567; x_wconf 95' lang='lat' dir='ltr'> </span> 
     </span>
    </p>
   </div>
  </div>
 </body>
</html>
