3375 5567
1165 704 1228 777 bitti

142 819 338 878 antonianae
358 816 505 879 auctoris
525 813 634 896 graeci
655 817 817 892 mentem,
839 811 896 876 sed
917 818 949 874 et
969 811 1082 892 longas
1102 810 1229 890 penitus

142 917 305 995 transegisse
326 916 553 995 discussiones,
576 917 670 980 sicuti
690 915 722 978 in
737 915 799 978 boe
818 912 968 994 Origenis
988 912 1229 977 Commentario

139 1019 217 1094 egisse
242 1026 379 1098 apparet
400 1017 553 1097 antiquus
586 1015 769 1096 interpres,
792 1021 836 1078 ita
866 1020 903 1079 ni
927 1013 1068 1077 iiueiins
1096 1015 1137 1076 de
1158 1017 1227 1092 ipso

139 1121 290 1196 scripserit:
314 1115 489 1180 «Summa
512 1117 629 1180 actoris
651 1117 739 1180 iilius
760 1115 948 1196 interpretis
971 1114 1148 1196 barbaries,
1172 1115 1227 1178 nix

139 1218 282 1280 mediocris
301 1219 467 1283 idiomatis
487 1220 595 1297 praeci
616 1218 745 1296 peritia,
766 1218 861 1296 piano
875 1217 966 1280 oniia
988 1217 1019 1279 iu
1040 1217 1228 1279 eroiaendis

137 1319 355 1383 obscurioribus
376 1319 540 1382 sententiis
555 1319 794 1398 perspicacitas,
816 1318 913 1398 cujus
925 1316 986 1379 sibi
1007 1317 1155 1380 conscius
1169 1317 1229 1378 dii·

138 1417 251 1480 bciiiima
271 1436 429 1500 quaeque
449 1421 543 1500 qnasi
557 1419 707 1482 consulto
730 1420 957 1497 praetermisit.
974 1416 1070 1481 Certe
1092 1421 1159 1479 tana·
1171 1417 1227 1479 ab·

138 1523 217 1581 mrmi
237 1520 366 1584 iiccntia
391 1521 690 1602 interpretationem
712 1521 793 1582 banc
807 1521 1054 1592 administrarit,
1078 1529 1115 1582 nt
1130 1522 1226 1581 miro·

136 1617 184 1680 biie
205 1620 262 1695 sit,
285 1629 374 1684 totas
404 1623 534 1701 paginas
555 1622 719 1692 detraxit,
742 1628 824 1684 totas
853 1619 997 1684 addidit:
1020 1639 1079 1683 nec
1100 1622 1225 1698 uspiam

136 1721 277 1798 enaupiar
297 1731 482 1786 assentatus
503 1731 561 1784 est.
577 1743 593 1780 a
609 1721 765 1798 Quamvis
787 1731 898 1785 antean
920 1723 1050 1796 moitis,
1074 1723 1224 1802 quaesit

138 1815 248 1884 iinetitta
269 1821 326 1896 ibi,
351 1841 418 1885 non
439 1823 609 1898 assentiar,
633 1831 737 1886 tamen
760 1825 791 1885 in
813 1825 851 1886 iis
871 1823 1028 1886 convenio
1051 1839 1136 1902 qnae
1150 1823 1226 1884 snb·

135 1919 183 1992 tit,
201 1921 254 1985 aidi
273 1921 426 1984 mirndiie
447 1920 561 1998 videri,
586 1921 785 2003 interpretem
806 1930 851 1984 tot
870 1921 1045 1984 detruxisse
1060 1922 1227 2002 popinas.-

136 2021 195 2084 aieo
213 2031 248 2086 nt
267 2026 381 2088 minus
401 2025 549 2102 suspicer
568 2025 608 2087 de
631 2026 748 2088 veteris
768 2024 861 2086 iatini
888 2021 1104 2088 i’ransiatoris
1126 2024 1227 2103 negti·

136 2123 235 2197 gentis,
254 2141 356 2204 quarn
382 2123 422 2186 do
442 2124 590 2201 aiterius,
612 2126 668 2206 qni
691 2126 723 2187 in
744 2141 862 2204 praeco
882 2126 994 2187 codice
1013 2125 1224 2200 ebaborasset,

135 2221 331 2286 additamentis
355 2225 389 2284 in
409 2224 598 2303 originalem
620 2233 744 2288 textum
767 2225 900 2304 proprio
921 2234 1025 2287 marte
1043 2225 1185 2290 intrusis.

193 2324 291 2390 Porro
307 2325 500 2407 bnjnsmodt
522 2329 668 2406 quaestio
684 2345 746 2389 non
768 2329 826 2390 nisi
841 2345 883 2390 ex
897 2326 1011 2388 sednia
1028 2328 1225 2402 versionum,

137 2431 271 2500 tentnnm,
294 2434 328 2489 et
352 2417 578 2506 rerumquae
599 2429 690 2490 iubis
712 2434 954 2508 pertractantur
964 2424 1223 2498 Commentariis,

135 2526 280 2591 eniiatione
303 2535 338 2590 et
360 2527 488 2602 studio,
512 2527 636 2592 definiri
659 2535 784 2609 potest3
806 2529 880 2610 quis
905 2528 1028 2591 sciiicet
1053 2528 1225 2592 amborum

135 2628 260 2704 penninos
280 2628 438 2710 origenis
459 2629 584 2692 codices
605 2636 745 2693 sectatus
766 2631 819 2706 sit,
835 2647 876 2690 an
890 2625 1223 2708 Transcripiorgrae·

134 2745 175 2789 cm
193 2731 303 2794 borum
328 2730 670 2806 Commentariorum,
696 2731 746 2794 nel
768 2729 933 2811 interpres
958 2730 1100 2810 latinns;
1129 2731 1226 2812 cnjus

133 2831 204 2894 aienti
223 2841 255 2896 et
274 2833 420 2898 aiterius
448 2833 528 2896 latet
549 2849 675 2896 nomen.
701 2831 825 2896 intereo
857 2852 900 2895 ex
922 2831 1073 2912 pinribm
1101 2832 1225 2894 iudiciis

136 2931 192 2992 nibi
212 2934 342 2998 videtur
366 2951 435 2998 esse
459 2934 576 2996 vetoris
596 2931 785 3012 interpretis
807 2931 1017 3010 praeterenda
1039 2931 1156 3006 lectio,
1179 2931 1227 2994 ai·

133 3035 210 3096 terius
235 3037 410 3115 repudiata
431 3032 693 3111 -Transoriptoris
723 3034 829 3112 praeci
857 3032 920 3094 tide
929 3051 940 3111 3
962 3049 1061 3113 quem
1088 3038 1168 3110 puto
1191 3035 1224 3095 in

133 3131 324 3198 describendis
340 3135 498 3216 praetatis
512 3133 757 3198 Commentariis
779 3149 820 3194 ex
835 3149 896 3195 sno
911 3132 1036 3210 ingenio
1050 3130 1220 3192 eiaboran·

132 3243 189 3307 ιιιι,
208 3238 301 3315 ptura
324 3236 526 3316 quandoque
549 3241 700 3307 mutasse,
723 3232 909 3312 saepissimo
928 3230 1095 3310 adjecisse,
1119 3232 1161 3294 ita
1185 3239 1223 3294 nt

131 3335 264 3412 piossator
285 3339 402 3417 potins
423 3337 588 3400 diceretur
607 3334 770 3414 origenis,
791 3351 889 3413 qoam
918 3350 1054 3396 snorum
1076 3331 1222 3411 Operum

131 3435 211 3498 idetis
229 3438 428 3515 descriptor.
453 3433 493 3498 Et
515 3436 726 3516 praecipuum
750 3436 827 3498 mibi
849 3433 980 3513 quidem
1001 3434 1107 3496 initae
1128 3449 1164 3494 re
1178 3432 1225 3494 in·

124 3523 225 3600 'dietum
239 3539 364 3612 adstat,
379 3536 475 3600 simoi
486 3533 717 3615 componendo,
733 3551 856 3615 quaes.
875 3532 1060 3612 Pa-pnttns
1071 3551 1114 3594 oa
1131 3533 1223 3594 dictis

131 3635 156 3697 in
171 3637 364 3702 iimtbceaem
386 3635 630 3700 Commentariis
655 3637 765 3698 citarit
786 3636 817 3698 in
839 3633 1052 3713 dpoiopetico
1076 3631 1222 3712 ejusdem

131 3731 266 3817 iirigenis3
288 3755 445 3818 quaeque
465 3733 752 3806 sincereiiniiinns
773 3735 804 3796 in
819 3735 937 3799 idioma
957 3734 1093 3796 tatinum
1115 3734 1221 3794 vertit.

130 3831 167 3898 bic
178 3855 312 3918 namquo
324 3841 357 3902 in
370 3835 474 3901 Totno
484 3835 540 3900 Xi.
563 3855 593 3897 n.
608 3833 658 3900 17.
677 3838 708 3896 in
723 3834 806 3897 idem
823 3834 1035 3914 Evangeiitam
1054 3853 1095 3897 ex
1108 3833 1220 3896 codice

132 3951 148 3992 a.
161 3933 304 4022 Martyris
329 3935 533 4018 ripoiopetici
556 3935 720 3998 transtniit
743 3933 889 3997 iiniiinns
905 3932 1086 3996 Adamantii
1103 3935 1219 3996 verba:

132 4037 205 4099 etita
225 4039 370 4104 tinettns
392 4057 434 4104 ex
455 4037 565 4102 codice
590 4037 652 4100 snb
681 4021 824 4116 ejusdem
846 4035 996 4114 Origenis
1019 4034 1147 4098 nomine
1166 4034 1222 4096 dc-

134 4135 245 4214 signato.

484 4277 702 4360 interpretatio
724 4277 842 4362 anper·

192 4457 207 4494 a
228 4437 267 4500 iii
288 4439 424 4520 quidem
444 4438 500 4518 qui
521 4438 618 4502 aiieni
637 4447 714 4502 sunt
735 4455 752 4500 a
775 4438 934 4502 catboiica
957 4403 1031 4509 titio,
1048 4434 1217 4496 transierri

135 4537 365 4703 aniuasypxtapt
387 4559 429 4604 ex
444 4540 591 4607 humanis
612 4541 804 4654 corporibus
818 4541 852 4602 in
872 4555 1011 4618 corpora
1030 4534 1218 4706 ιιιιιὲιιιιιιιι
