3375 5567
459 801 488 862 bi
511 799 727 864 dimicandum
752 801 858 877 esset)
879 817 991 865 corrm
1020 801 1097 882 ipsis
1109 799 1297 866 ‘obeuntes
1320 803 1382 878 sit,
1402 802 1541 881 iuquiens:

457 925 472 960 n
495 899 591 977 Quod
613 905 657 964 tta
680 901 772 963 uobis
794 905 914 965 rectius
929 903 1082 982 prosequi
1107 902 1210 966 visum
1231 909 1292 980 ast,
1314 911 1352 967 ut
1371 921 1432 966 uon
1448 902 1545 965 nerim

365 1007 369 1012 '
458 1003 562 1066 verbis
577 1011 609 1066 et
622 1003 854 1067 assertionibus
874 1003 1093 1068 defensionem
1109 1021 1274 1084 paremus,
1289 1004 1345 1068 sed
1359 1022 1401 1067 ex
1413 1005 1473 1068 suis
1484 1020 1545 1082 pro·

399 1125 402 1130 ¹
456 1106 532 1185 priis
550 1106 695 1180 uocibus,
713 1105 832 1185 quibus
847 1107 915 1186 ipse
929 1107 1033 1169 aliena
1047 1107 1108 1170 sibi
1124 1108 1204 1169 baec
1222 1125 1304 1181 esse,
1320 1124 1406 1186 quae
1417 1107 1464 1169 isti
1481 1105 1547 1186 obji-

454 1209 555 1282 ciunt,
574 1208 707 1286 proprio
728 1225 878 1270 sermone
896 1213 1045 1283 testatur,
1068 1207 1150 1271 idest
1166 1225 1264 1270 omne
1283 1207 1457 1289 quidquam
1471 1223 1547 1286 praa

455 1314 506 1369 ter
522 1305 616 1370 iidem
631 1307 825 1370 catholicam
848 1308 1065 1388 praedicatur.
1082 1306 1166 1384 Quia
1188 1310 1216 1371 si
1236 1309 1353 1371 uostris
1372 1308 1471 1371 verbis
1486 1308 1550 1369 baec

455 1425 602 1472 asserere
624 1409 784 1484 velimus,
814 1411 1029 1491 suspiciosum
1052 1411 1154 1474 videri
1184 1411 1270 1475 terta
1290 1412 1401 1490 possit,
1422 1429 1458 1473 ee
1475 1406 1548 1489 quod

455 1529 513 1573 nos
527 1527 640 1573 amore
661 1511 745 1592 eins,
761 1511 866 1591 siquid
889 1514 957 1592 ipse
973 1530 1075 1592 prare
1087 1515 1235 1587 senserit,
1248 1513 1488 1576 coelarerlmus.
1501 1507 1549 1573 Ubi

454 1618 564 1674 autern
586 1612 657 1692 ejus
676 1614 787 1691 ipsius,
804 1613 861 1693 qui
882 1623 1070 1688 accusatur,
1095 1613 1228 1676 vocibus
1242 1614 1380 1687 utimur,
1396 1622 1428 1675 et
1446 1610 1482 1673 ad
1495 1627 1550 1672 ou·

453 1731 509 1776 uas
523 1713 722 1793 objectiones
743 1721 974 1778 accusatorum
995 1718 1064 1779 suis
1079 1715 1186 1778 verbis
1206 1731 1296 1788 eum,
1312 1732 1375 1778 nou
1396 1720 1496 1776 nostra
1510 1729 1549 1773 as

453 1815 596 1878 sartione
616 1813 819 1878 (tetendimus
841 1823 936 1879 etc.»
959 1813 1050 1879 Unde
1070 1816 1159 1878 clare
1179 1815 1325 1894 ejusdem
1347 1814 1492 1895 martyris
1509 1811 1551 1874 lu·

454 1923 506 1977 cet
526 1917 558 1978 in
580 1917 642 1980 boc
663 1915 864 1979 condciende
885 1933 1008 1996 opere,
1031 1934 1111 1979 cura
1132 1923 1166 1978 et
1197 1903 1288 1991 tides,
1311 1914 1392 1977 nibil
1413 1913 1550 1985 addentis,

456 2015 602 2096 nihilque
618 2017 657 2080 de
672 2017 820 2097 Origenis
836 2017 927 2079 libris
941 2017 1138 2080 detrahentis
1151 2037 1160 2078 ε
1177 2015 1378 2096 proindeque
1399 2015 1552 2078 documen-

457 2124 488 2180 ta
501 2118 543 2180 ab
558 2118 677 2181 eisdem
691 2119 810 2182 selecta
834 2117 974 2181 tidelitor
993 2119 1259 2182 adversariorum
1272 2116 1379 2180 oculis
1393 2115 1550 2196 objectus,

457 2221 505 2283 nti
526 2223 557 2282 in
579 2220 692 2299 priscis
713 2220 957 2300 exemplaribus
976 2220 1204 2294 servabantur,
1222 2218 1372 2300 genuina.

536 2317 770 2384 Verumtamen
791 2338 853 2383 nou
875 2340 917 2383 ex
938 2322 976 2384 iis
989 2322 1096 2385 solnm
1117 2337 1202 2400 qnae
1215 2337 1242 2382 s.
1259 2314 1556 2400 Pampbilnscitrrii

455 2421 488 2482 iu
509 2421 614 2500 capite
635 2417 674 2483 X.
699 2419 901 2500 Apologetici
922 2420 1062 2495 sincera,
1083 2438 1121 2483 ac
1144 2419 1233 2483 varia
1254 2419 1296 2482 ab
1314 2419 1394 2494 illia,
1416 2435 1497 2498 qnae
1514 2433 1554 2478 re

457 2523 631 2602 periuntur
651 2524 682 2585 in
716 2520 907 2602 Exemplari
930 2539 1046 2600 graeco
1072 2521 1233 2606 Anonymi
1257 2521 1377 2601 qnippe
1400 2518 1555 2583 inddeliter

456 2625 586 2699 tradita,
603 2632 831 2705 argumentum
849 2629 996 2685 nostrum
1010 2622 1198 2698 invalescit3
1212 2622 1267 2685 sed
1280 2630 1313 2684 at
1326 2640 1369 2684 ex
1382 2621 1482 2701 paule
1494 2624 1555 2699 pasl

455 2729 665 2808 sequentibus
686 2727 726 2790 de
750 2713 847 2789 Libro
864 2722 954 2787 Xlll.
978 2742 1008 2786 n.
1032 2721 1062 2788 l.
1086 2723 1404 2788 Commentariorum
1430 2724 1461 2784 iu
1479 2737 1555 2783 enn-

456 2830 529 2893 dem
552 2827 776 2892 Mattbeenm:
801 2828 857 2891 ubi
878 2828 954 2889 item
976 2825 1147 2889 disseritur
1162 2825 1202 2888 de
1222 2825 1429 2889 ethnicorum
1450 2821 1555 2887 errori·

339 2935 342 2940 ’
455 2932 515 2995 bus
536 2932 623 2994 circa
645 2933 828 2994 animarum
851 2928 1176 3008 transmigrationem.
1197 2928 1245 2990 lta
1266 2945 1411 3007 namque
1431 2934 1556 3002 uterque

453 3031 603 3111 Origenis
624 3049 735 3094 sensns
756 3031 909 3109 exposuit
929 3031 961 3091 in
984 3027 1083 3092 rerba
1104 3027 1295 3108 Evangelii:
1321 3025 1408 3093 sicui
1427 3025 1505 3091 cuim
1526 3019 1556 3084 iu

454 3132 561 3197 dicbus
580 3131 657 3208 Noe,
679 3130 727 3196 ite
747 3129 808 3194 crit
827 3131 982 3194 adventur
1001 3127 1086 3193 Filii
1104 3128 1251 3194 bominis.

834 3329 1056 3412 Interprrtetie
1076 3328 1188 3394 Hertii

537 3558 545 3599 r
563 3557 579 3597 r
603 3533 783 3599 Punientur
797 3543 907 3597 autem
922 3551 1037 3598 eornm
1054 3541 1197 3615 peccata,
1216 3532 1272 3613 qui
1289 3539 1366 3595 tnnc
1379 3537 1490 3604 erunt,
1503 3543 1558 3589 uon

458 3653 517 3716 per
538 3636 759 3716 migrationem
782 3651 800 3696 e
821 3650 960 3714 corpore
980 3635 1012 3695 in
1026 3649 1158 3714 corpna3
1175 3649 1248 3694 narn
1268 3633 1295 3695 si
1313 3632 1423 3696 adbuc
1438 3643 1561 3710 peccan-

457 3743 505 3799 tes
520 3735 822 3816 deprebeuduntnr,
836 3733 889 3796 rel
904 3734 969 3798 alio
985 3748 1106 3814 pesum
1121 3749 1238 3814 genera
1254 3741 1364 3814 postea
1378 3733 1559 3815 punientur:

458 3855 496 3900 ac
518 3837 602 3900 duaa
623 3835 758 3918 proinde
780 3835 947 3917 generales
968 3834 1120 3916 pnnleudi
1139 3838 1281 3898 rationes
1295 3842 1406 3915 ernnt3
1429 3833 1486 3896 illa
1500 3829 1562 3910 qui·

455 3937 529 4002 dem
550 3954 609 4019 par
632 3937 801 4001 transitum
823 3955 841 4000 a
864 3953 1003 4018 corpere
1024 3937 1057 3998 in
1072 3953 1205 4017 cerpusz
1227 3935 1283 3998 illa
1299 3953 1378 3999 rero
1397 3942 1493 4000 extra
1508 3933 1563 3994 boc

458 4056 592 4120 corpus,
615 4037 808 4102 scillarum
830 4055 945 4102 causas
965 4044 999 4101 et
1018 4035 1220 4113 differentias¹
1234 4043 1409 4118 expeomt:
1434 4035 1488 4098 rel
1506 4047 1563 4095 nea

455 4140 657 4221 punientur,
679 4140 773 4219 qnasi
805 4146 939 4219 peccata
959 4154 1018 4202 sua
1039 4137 1208 4202 oootssum
1229 4137 1432 4218 abjecerint,
1452 4135 1509 4216 qui
1535 4133 1564 4194 iu

454 4241 731 4304 consummatione
747 4239 869 4303 tuerint
888 4237 1091 4320 deprehensi:
1112 4239 1164 4305 rel
1188 4239 1275 4318 qnod
1290 4237 1408 4301 melius
1429 4244 1491 4311 est,
1504 4247 1562 4298 una

455 4349 583 4405 tanturn
599 4343 724 4405 ratione
746 4340 948 4422 plectuntur,
961 4341 1020 4420 qui
1040 4339 1225 4422 incorpore
1246 4345 1479 4420 peccavarunt,
1495 4351 1564 4417 poa

454 4459 511 4506 uas
543 4442 692 4508 videlicet
713 4451 807 4506 extra
827 4442 935 4520 illud,
958 4451 990 4508 et
1020 4448 1115 4507 extra
1139 4443 1224 4506 vitae
1257 4441 1357 4522 bojas
1375 4450 1498 4503 statum
1527 4453 1565 4498 en

455 4549 664 4623 peccatorum
685 4560 822 4610 snorum
844 4543 961 4611 merito
976 4543 1098 4611 dantes.
1119 4541 1383 4625 Unumquodque
1398 4548 1510 4605 entem
1529 4535 1565 4598 il·
