3375 5567
171 807 256 887 ptnria
272 807 390 870 sanetis
419 805 549 885 require
569 804 596 867 ni
625 803 719 868 iaoiie
748 803 910 882 inveniae3
931 799 1133 882 culpabiliter
1154 812 1263 866 antero

171 907 340 987 [requenter
351 907 511 982 occurrit,
534 916 571 969 nr
591 906 632 968 ab
655 903 770 968 Eeniir.
785 923 814 968 a.
832 903 886 968 Vi·
899 899 954 970 ia
977 902 1087 968 areima
1100 905 1267 984 reninper·

169 1007 205 1070 iit
219 1025 296 1081 rare,
316 1005 375 1088 qai
389 1007 528 1087 porridet
540 1025 628 1069 eurr.-
648 1017 677 1069 et
695 1007 807 1070 animo
827 1025 909 1086 pune
925 1015 1045 1086 peceat,
1062 1005 1133 1084 ipra
1151 1004 1264 1068 morie-

169 1116 221 1170 trrr.
235 1107 346 1171 Postea
360 1110 444 1172 enim
466 1127 566 1188 qnam
579 1109 791 1173 diotnnr‘arte
811 1121 916 1169 omaer
935 1106 1061 1171 animae
1076 1125 1158 1170 mena
1177 1115 1267 1179 rant,

168 1209 235 1272 irat
251 1209 361 1274 naimo
368 1209 490 1289 pneris,
504 1210 552 1273 ito
571 1208 681 1273 orirer
694 1208 758 1290 filii
777 1227 845 1272 aren
859 1217 923 1282 eet;
940 1211 1054 1289 ntique
1069 1225 1268 1287 nonroqnena

170 1311 320 1374 ridebatur
341 1310 593 1385 ordinariae:
614 1309 734 1374 Enoch.
757 1329 785 1373 e.
806 1307 927 1372 xvnt.
950 1307 979 1379 i.
1002 1309 1114 1372 animo
1133 1327 1212 1389 quae
1232 1328 1268 1371 n·

166 1407 384 1491 yitjnrtirinar,
404 1409 474 1491 ipro
488 1408 684 1483 enionoitnr5
705 1419 734 1472 et
753 1408 861 1472 noima
876 1428 957 1489 qnae
973 1419 1097 1489 pereat,
1112 1407 1183 1488 ipro
1203 1427 1268 1470 mo·

167 1510 264 1574 rietur.
284 1511 347 1577 Sei
380 1529 465 1575 nnnc
489 1512 633 1576 videmos
653 1511 807 1592 qnoniam
828 1509 915 1590 qnod
938 1510 1100 1590 culpabiie
1122 1519 1189 1584 eat,
1212 1511 1267 1572 ad·

164 1611 258 1690 inaxit
280 1615 322 1676 ad
354 1614 515 1692 animam
543 1613 633 1694 quon
656 1622 768 1678 antoni
791 1612 889 1676 laada
919 1613 1049 1691 dignum
1077 1621 1165 1686 erat,
1192 1613 1269 1675 reti·

168 1715 234 1776 enit.
254 1734 271 1773 r
293 1713 405 1794 Pergit
1107 1702 1112 1712 ’

598 1912 697 1978 Verrio
714 1911 833 1994 Reffiri

236 2135 252 2173 ι
275 2111 456 2177 videndam
471 2131 549 2195 ergo
565 2121 626 2191 eet,
639 2130 680 2176 oo
702 2113 786 2176 iorte
799 2113 885 2176 nient
899 2112 1053 2188 dirimas,
1069 2131 1111 2176 ex
1126 2115 1195 2192 ipro
1211 2131 1268 2176 no-

167 2212 239 2277 nine
258 2214 433 2289 declarari,
465 2215 506 2277 ab
526 2231 565 2276 oo
596 2213 684 2293 qood
707 2213 874 2277 refrixerit
895 2230 912 2276 a
946 2213 1076 2278 ierrore
1102 2213 1269 2294 justorum

166 2320 195 2373 et
211 2313 306 2375 iirini
320 2313 401 2393 ignia
422 2314 678 2392 participatione,
700 2306 794 2405 ψυχὴ
815 2313 897 2378 ineat
910 2311 1020 2376 orioro
1040 2312 1202 2394 appellata
1218 2313 1273 2387 eit,

170 2427 219 2474 nee
238 2421 344 2475 tamen
364 2413 471 2475 amisit
492 2413 681 2476 iannltatenr
711 2413 903 2478 raetitnendi
924 2433 959 2478 se
980 2415 1011 2477 in
1032 2415 1126 2480 illum
1153 2421 1273 2478 etatum

170 2509 312 2588 terrorin,
334 2513 367 2575 io
380 2531 450 2592 qno
469 2532 511 2577 en
526 2513 616 2578 initio
637 2514 709 2578 inita
728 2512 820 2579 Unde
840 2521 873 2578 et
886 2514 1048 2595 Propheta
1071 2514 1135 2578 taio
1149 2513 1272 2594 aliquid

170 2612 289 2678 riietar
301 2615 485 2690 ostendere,
507 2633 583 2680 enar
598 2614 687 2679 orote:
709 2623 859 2677 revertere
872 2614 983 2680 naimo
1002 2633 1070 2678 meo
1089 2614 1125 2679 ire
1138 2613 1275 2696 requirar

170 2721 260 2776 wari.
282 2733 300 2772 r

397 2909 502 2978 Verrio
521 2917 627 2982 iatine
650 2916 814 2998 Epiatnine
832 2920 876 2983 nd
896 2917 1046 2989 tram

206 3109 293 3180 «En
311 3135 353 3180 eo
373 3115 461 3198 qnod
482 3116 601 3183 decidit
620 3127 654 3184 et
675 3120 806 3186 refrixit
824 3138 844 3183 a
864 3121 1002 3202 spiritaii
1026 3123 1102 3196 rita,
1126 3120 1209 3185 taeta
1230 3128 1279 3186 ert

170 3213 280 3296 anina3
301 3234 388 3298 qaae
408 3217 505 3282 etiam
526 3218 559 3282 in
577 3219 624 3297 in,
646 3221 735 3301 qnod
756 3222 799 3284 ab
820 3221 911 3284 initio
934 3221 1008 3297 init,
1031 3221 1138 3286 redire
1159 3229 1275 3302 poteat.

173 3309 298 3389 ouon·
320 3317 484 3399 Propheta
505 3319 678 3400 significari
698 3322 855 3396 arbitror,
877 3321 955 3387 dnm
977 3323 1043 3385 ait:
1064 3330 1216 3384 revertere
1243 3341 1278 3384 n·

173 3412 253 3478 nien
272 3435 338 3481 ereo
358 3415 395 3481 ia
415 3416 558 3497 requiem
577 3429 689 3497 tunm,
722 3430 761 3486 nt
781 3431 885 3486 totum
907 3423 970 3486 hoo
989 3423 1031 3486 ait
1060 3440 1159 3487 monn.
1187 3419 1280 3485 Mena

173 3513 266 3592 igitar
285 3518 369 3584 irata
390 3527 441 3582 ent
460 3519 708 3601 anima31ninna
731 3539 810 3586 vero
832 3531 921 3586 recto
943 3522 1035 3586 iaetir
1050 3525 1221 3602 integrata,
1243 3520 1278 3586 ot

129 3651 133 3658 ·
175 3630 264 3681 Mn.
287 3638 305 3676 a

549 3820 651 3886 Verrio
669 3845 696 3887 r.
718 3824 907 3905 Hieronymi

247 4015 465 4105 Hieronymus
490 4041 590 4103 porro
610 4027 643 4087 in
669 4024 815 4105 Epistola
830 4029 870 4089 ad
893 4028 1025 4091 Avitum
1042 4046 1072 4092 n.
1087 4027 1117 4092 6.
1132 4029 1178 4091 aio
1195 4034 1279 4092 tran·

175 4117 258 4181 rtnlit
276 4123 519 4202 paraphraatiea
540 4125 719 4205 praefatam
741 4133 945 4192 sententiam:
968 4126 1084 4205 «Νόυς
1097 4128 1177 4192 idest
1194 4147 1281 4194 mena

176 4231 320 4285 norrnenn
342 4221 427 4285 iacta
448 4232 497 4286 eat
516 4227 621 4288 anima
631 4247 643 4305 3
665 4235 698 4288 et
727 4245 843 4291 rnrsns
864 4230 970 4292 enimn
996 4231 1151 4292 instructa
1176 4230 1279 4295 rirtn·

179 4311 254 4380 tiine
273 4337 361 4382 mene
382 4319 448 4383 fiet.
470 4320 565 4398 Quod
587 4330 621 4387 et
635 4325 675 4388 da
695 4323 783 4390 Earn
803 4334 986 4390 scrutanter
1008 4332 1277 4407 pornnmnainro·

180 4413 253 4494 nire,
268 4427 402 4502 propter
421 4426 553 4502 antiqua
578 4433 709 4504 peecata
725 4445 799 4490 anm
823 4429 856 4489 in
873 4427 1026 4493 deteriori
1053 4430 1118 4493 rita
1138 4447 1207 4494 ense
1226 4431 1282 4493 da-

179 4527 320 4584 nantum.
337 4519 381 4598 Et
391 4522 431 4584 da
441 4525 636 4590 contentione
650 4527 885 4607 requirendam
900 4536 960 4608 ert,
973 4529 1060 4610 qnod
1075 4545 1137 4594 non
1150 4549 1189 4595 eo
1202 4537 1279 4596 tem·
