3375 5567
455 798 541 853 ctam
562 795 595 852 et
614 789 741 852 beatam
765 787 883 865 vitam,
909 791 940 852 in
963 805 1041 868 qua,
1065 806 1139 850 cum
1162 795 1234 868 post
1254 803 1370 866 agones
1391 783 1499 848 mattos
1517 786 1544 848 in

455 908 526 953 earn
549 892 710 970 perveniri
727 891 883 968 potuerit,
908 892 951 952 ita
969 890 1150 970 perdurare
1172 888 1337 964 debemus,
1355 894 1390 950 nt
1403 886 1545 950 nutteuu·

454 1011 552 1072 qnom
582 1011 639 1056 nos
661 994 734 1057 boni
762 993 851 1056 iilius
870 996 1003 1058 satietas
1034 992 1162 1073 capiat;
1183 991 1238 1054 sed
1260 996 1381 1070 quanto
1406 987 1498 1067 magis
1519 987 1546 1047 in

455 1094 547 1156 uobis
570 1096 620 1158 rel
641 1096 798 1159 dilatetur
818 1094 890 1176 ejus
912 1094 1108 1160 desiderium
1132 1093 1183 1155 vei
1204 1099 1376 1172 augeatur,
1394 1087 1467 1153 dum
1479 1105 1549 1152 sem·

458 1213 516 1273 per
529 1195 696 1260 ardentius
717 1203 750 1259 et
763 1195 913 1276 capacius
931 1193 1058 1258 Patrem
1078 1202 1110 1257 et
1125 1191 1258 1268 Filium,
1275 1199 1307 1256 et
1322 1191 1472 1272 Spiritum
1486 1185 1550 1250 Ssu-

457 1302 560 1372 ctnm‚
583 1296 635 1359 vet
656 1297 815 1375 capimus,
840 1296 891 1357 sei
915 1304 1071 1360 tenemus.
1096 1293 1128 1360 Si
1149 1304 1258 1359 autem
1279 1291 1453 1373 aliquando
1471 1291 1551 1353 satia·

456 1405 504 1460 tas
524 1398 610 1479 capit
630 1397 773 1478 aliquem
795 1417 837 1461 ex
861 1398 920 1474 hia,
944 1399 1000 1478 qni
1021 1399 1053 1462 in
1073 1415 1201 1460 summo
1222 1395 1433 1477 perfectoque
1452 1391 1552 1456 courti-

458 1499 556 1561 teriut
576 1498 693 1578 gradu,
715 1517 778 1561 uon
798 1499 943 1561 arbitror
963 1499 1050 1578 quoti
1073 1497 1112 1559 ad
1133 1499 1277 1560 subitum
1299 1497 1372 1576 quis
1392 1501 1552 1558 evacuetur

457 1617 496 1662 ac
516 1599 664 1662 decidat:
686 1600 741 1662 red
772 1599 952 1680 paulatim,
983 1609 1015 1662 et
1037 1617 1094 1680 per
1121 1607 1228 1678 partes
1250 1597 1395 1661 detinere
1421 1613 1490 1658 eum
1509 1609 1552 1654 uc·

458 1708 634 1775 consecet,
657 1699 699 1762 ita
723 1709 760 1764 ot
780 1701 851 1764 fieri
873 1701 971 1781 possit
994 1700 1172 1776 interdum,
1196 1706 1251 1774 ιιι,
1273 1699 1299 1761 si
1322 1698 1429 1760 brevis
1451 1696 1551 1773 aliquis

456 1801 761 1882 repraesenteris,
784 1810 817 1865 et
836 1803 902 1865 cito
925 1803 1109 1883 resipiscat,
1133 1810 1231 1882 atque
1253 1803 1283 1864 in
1305 1806 1552 1868 serenentur,

456 1920 519 1964 uon
541 1904 667 1984 penitus
689 1921 799 1978 ruere,
815 1904 870 1966 sed
895 1921 1051 1968 revocare
1069 1904 1197 1984 pedem,
1220 1910 1252 1967 et
1268 1902 1377 1966 redire
1398 1899 1436 1962 ud
1450 1905 1552 1964 statam

457 2023 553 2068 snum
565 2025 576 2084 3
598 2011 632 2069 et
656 2023 771 2069 rursus
790 2013 937 2069 statuere
959 2005 1133 2087 poenitio,
1156 2004 1243 2086 quod
1266 2022 1326 2086 per
1349 1999 1552 2083 negligentiam

460 2106 569 2170 fuerat
588 2106 726 2187 tapsum.
749 2125 767 2165 s

539 2206 573 2270 fu
595 2208 767 2272 bisantem
794 2209 880 2285 ride,
896 2227 981 2290 quae
1002 2213 1048 2274 ait
1062 2210 1102 2274 de
1124 2209 1293 2274 intuitione
1304 2215 1436 2274 sanctae
1455 2213 1485 2268 et
1495 2203 1552 2264 im·

460 2318 510 2372 tae
534 2310 618 2372 ritae
636 2311 732 2374 sicuti
752 2308 792 2373 tie
806 2310 896 2373 iilius
918 2310 1123 2376 beatitudiuis
1139 2311 1360 2391 perceptione,
1382 2325 1440 2371 uec
1454 2305 1553 2368 anina·

461 2427 535 2472 rum
553 2410 651 2472 vitam
672 2410 705 2471 iu
718 2410 913 2474 coelestibus
935 2414 1125 2492 priusquam
1140 2413 1271 2490 corpori
1293 2411 1487 2480 inserantur,
1499 2419 1554 2482 rpe-

459 2519 576 2585 ctare,
595 2527 701 2591 oeque
720 2512 870 2576 aeonium
900 2511 1061 2577 futurum.
1085 2510 1190 2576 Vitam
1211 2513 1296 2576 euim
1323 2512 1368 2574 ibi
1398 2509 1513 2570 beatam
1529 2509 1554 2564 et

460 2619 603 2675 raucum
626 2612 715 2676 iiiam
736 2611 814 2676 dicit
833 2611 1004 2692 Origenes,
1028 2615 1210 2678 inscientia
1232 2619 1265 2676 et
1285 2611 1481 2693 perfectione
1494 2605 1553 2669 eta·

458 2715 563 2776 nitatis
582 2729 658 2793 erga
676 2711 791 2787 Deum,
814 2714 1052 2776 consistentem:
1071 2714 1125 2778 ubi
1145 2714 1250 2776 anima
1270 2712 1424 2792 absorpta
1446 2711 1475 2774 in
1488 2705 1552 2780 oa,

458 2813 539 2876 nihil
560 2815 708 2895 quaerit,
729 2813 808 2875 nihii
830 2813 915 2893 agit,
938 2816 1026 2893 quod
1050 2832 1112 2877 oon
1134 2815 1192 2894 ipsi
1214 2813 1377 2876 divinitati
1403 2812 1443 2874 sit
1463 2823 1554 2872 coero-

457 2912 641 2991 nnn-Qua
664 2913 863 2978 beatitudine
879 2914 1066 2994 aliquando,
1089 2917 1147 2989 ait,
1164 2913 1323 2978 fruuntur
1345 2914 1553 2989 nominenu-

458 3014 489 3076 bi
505 3017 543 3078 io
563 3015 624 3080 hac
651 3017 728 3092 vita,
750 3015 827 3078 dnm
850 3015 1096 3096 perfectionem,
1116 3016 1222 3098 quoad
1246 3014 1316 3079 fieri
1349 3023 1469 3095 potest,
1489 3025 1556 3072 asse·

458 3116 541 3190 cuti‚
565 3117 596 3180 in
617 3114 685 3180 Deo
706 3124 848 3193 manent,
870 3125 903 3178 et
925 3115 1012 3181 Deos
1033 3119 1064 3180 in
1085 3117 1140 3180 eis.
1158 3114 1204 3180 [ie
1219 3134 1283 3196 qua
1307 3123 1428 3193 tameo,
1448 3110 1555 3180 subiit,

458 3215 609 3307 occidere
634 3225 789 3296 possunt,
812 3218 973 3280 arbitratu
1004 3219 1074 3291 usi,
1096 3236 1171 3282 cum
1192 3219 1254 3280 sint
1282 3217 1394 3282 adhue
1415 3217 1446 3278 in
1466 3227 1555 3276 came.

457 3315 552 3394 Quae
571 3318 700 3398 spiritui
721 3317 906 3392 adversata,
926 3337 944 3381 a
966 3319 1156 3384 coelestium
1179 3317 1389 3382 meditatione
1410 3326 1439 3379 et
1454 3311 1556 3376 deside·

459 3420 511 3482 rio
531 3437 589 3482 uos
611 3420 710 3482 trahit
731 3419 770 3480 ad
794 3425 939 3482 terrenas
960 3421 1253 3500 concupiscentiam
1277 3419 1325 3482 uti
1349 3421 1382 3482 iu
1404 3417 1557 3496 capitose

459 3522 572 3602 quenti
594 3520 756 3601 patentius
776 3521 920 3600 exponit.

540 3620 708 3698 Ceterum,
730 3623 848 3702 nequid
870 3625 944 3686 novi
967 3629 1059 3702 putet
1079 3626 1152 3704 quis
1178 3625 1209 3687 in
1231 3623 1331 3688 biset
1353 3621 1506 3688 similibus
1523 3613 1558 3674 di·

461 3722 622 3786 ctiooibus
643 3723 895 3803 praesumpsisse
912 3721 1084 3802 Origenem
1100 3743 1138 3790 ac
1161 3725 1386 3789 multominus
1407 3743 1425 3788 a
1443 3720 1557 3784 veritate

459 3823 630 3898 absonum,
650 3822 731 3887 aciat
745 3822 895 3886 eumdem
918 3821 1130 3890 aiiibiiorum
1152 3843 1321 3890 sacrorum
1344 3845 1405 3890 usu
1430 3826 1483 3888 itas
1503 3835 1559 3880 utu·

463 3932 590 3988 toatum
611 3941 679 3988 case
702 3923 828 3987 dicentii
855 3923 1015 3988 formulas
1036 3926 1104 3989 sive
1127 3925 1167 3989 de
1189 3926 1299 3988 anima
1321 3925 1393 3988 sive
1415 3924 1453 3986 de
1477 3917 1558 4000 ipsius

354 4078 375 4102 ι
460 4044 595 4092 ascensu
616 4033 648 4091 et
661 4027 817 4090 stescema
836 4032 895 4089 ant
915 4025 1083 4091 simitihns.
1102 4024 1205 4090 Nemo
1227 4026 1324 4101 enim,
1342 4036 1438 4107 puto,
1451 4021 1558 4102 ignorat

460 4128 629 4208 primum,
652 4133 722 4193 tum
742 4143 784 4188 ex
807 4124 926 4188 veteris
958 4131 1025 4188 tum
1048 4125 1121 4187 nori
1146 4123 1297 4189 foederis
1318 4122 1492 4204 seripturis
1508 4111 1558 4176 soi

460 4226 588 4292 animae
622 4226 782 4292 vocabulo
802 4226 940 4307 ejusque
967 4234 1129 4303 motuum,
1152 4226 1411 4309 frequentissime
1437 4215 1556 4303 exprimi

461 4329 607 4394 homines
621 4347 763 4409 suasque
777 4329 919 4390 actiones
936 4329 1033 4393 simol
1047 4348 1122 4392 cum
1136 4329 1202 4410 ipsa
1217 4331 1322 4392 anima
1338 4335 1477 4392 exactas.
1491 4319 1554 4390 Sco

460 4438 499 4494 ut
519 4431 637 4495 metius
650 4431 795 4512 inquam,
816 4430 881 4495 sub
895 4449 931 4494 ea
956 4450 1035 4496 voce
1052 4433 1289 4513 repraesentari
1310 4443 1481 4513 pronomen
1495 4439 1554 4504 prr·

460 4530 572 4596 sonaie
592 4539 717 4611 epum
730 4529 785 4594 iiic
804 4537 868 4607 etc,
885 4547 924 4596 ae
946 4550 1008 4598 uua
1023 4534 1205 4599 necessario
1226 4532 1374 4613 proprios
1389 4520 1553 4596 semuncta
