3375 5567
519 754 657 823 catut
689 754 822 821 xxxii.
1168 648 1229 724 “5

144 958 310 1038 llispatatw
322 960 358 1023 da
374 956 521 1041 Oripeais
532 959 725 1041 aperitione
737 958 774 1022 ia
791 956 938 1025 Gom
951 959 1039 1025 dicto
1051 978 1080 1023 c.
1094 958 1159 1026 ΙΙΙ.
1169 959 1225 1039 21,

174 1058 254 1125 Fecit
272 1079 404 1143 quoque
435 1061 588 1127 Dominus
610 1061 696 1127 Deus
716 1058 806 1126 Adae
827 1069 860 1126 at
879 1063 976 1127 uxori
1001 1063 1073 1144 ejus
1101 1065 1225 1129 tunicas

172 1162 323 1243 pelliceas,
346 1172 379 1226 et
398 1165 501 1229 induit
521 1181 586 1228 ecs.

142 1402 208 1528 Sed
224 1466 276 1531 latc
290 1484 352 1530 uon
372 1474 496 1531 comam
515 1469 730 1551 oppositiones
752 1471 783 1531 in
797 1468 945 1549 Origeuis
960 1469 1138 1533 doctrinam
1147 1490 1159 1548 3
1174 1469 1230 1533 ad·

139 1566 193 1630 bno
211 1570 238 1631 el
259 1570 457 1649 exprobrant
477 1566 688 1651 Theophilus,
710 1570 927 1655 Hieronymus
951 1581 984 1634 et
1005 1570 1227 1653 Epiphanius,

138 1670 212 1748 qnod
234 1672 357 1735 tunicas
377 1672 538 1751 pelliceas,
560 1688 641 1753 quas
661 1674 706 1737 ait
726 1672 892 1753 Scriptura
912 1672 1015 1737 Deum
1037 1673 1168 1750 iecisse,
1191 1691 1230 1739 ac

139 1772 264 1835 induisse
287 1780 529 1854 protoparentes
551 1784 698 1850 nostros,
722 1793 780 1855 pro
801 1776 945 1855 ipsorum
966 1775 1157 1854 corporibus
1176 1792 1230 1839 ac·

138 1876 268 1953 caperit;
291 1874 448 1949 addendo,
465 1876 497 1937 iu
516 1893 651 1955 poenam
671 1877 791 1949 delicti,
815 1876 929 1939 Adami
950 1878 1088 1941 animam
1108 1894 1230 1941 auum·

139 1973 223 2051 psisse
242 1994 383 2055 corpus,
406 1994 480 2041 cnm
501 1985 592 2039 antea
614 1977 654 2040 ab
678 1996 717 2039 eo
737 1986 885 2057 separata
906 1980 938 2040 in
961 1978 1111 2041 lelicitate
1136 1978 1231 2057 depe·

137 2082 188 2137 ret.
204 2074 286 2141 lliuc
301 2075 516 2161 Hieronymus
530 2079 561 2139 ia
579 2076 720 2158 Epistola
737 2078 776 2140 ad
793 2076 1032 2140 pammachium
1044 2077 1228 2141 concludit:

139 2174 254 2241 allantl
277 2179 409 2243 dubium
432 2182 506 2259 quia
529 2187 603 2243 ante
622 2189 789 2259 paccatum
812 2180 843 2243 io
866 2177 1012 2258 paradiso
1030 2179 1232 2253 rinoceros,

137 2277 232 2342 uersis
253 2288 287 2342 et
306 2281 430 2343 ossibus
456 2281 556 2343 lldam
579 2287 611 2342 et
633 2277 700 2342 Era
716 2279 845 2343 luerint.
862 2297 878 2335 a
894 2276 975 2341 ltam
988 2298 1014 2340 s.
1030 2276 1229 2359 llpipbanins

136 2376 168 2439 de
188 2376 321 2444 llaeresi
340 2377 389 2449 tit.
411 2399 441 2441 n.
464 2378 496 2449 l.
519 2390 552 2442 et
570 2376 620 2445 42.

205 2479 240 2542 lu
262 2481 323 2543 lanc
342 2480 562 2560 disquisitione
583 2482 671 2561 prius
694 2482 796 2544 lnntcs
815 2481 1023 2562 investigandi
1043 2491 1131 2558 sunt,
1147 2481 1232 2547 uude

137 2581 264 2657 praelati
287 2592 489 2661 praetextum
510 2600 680 2661 suscepere
694 2579 865 2662 Origenem
881 2583 1104 2663 redarguendi.
1123 2582 1163 2647 Et
1178 2602 1235 2645 an·

139 2687 181 2743 tea
202 2683 471 2763 praemittendum
493 2690 551 2756 est,
574 2684 658 2762 ipsos
682 2702 744 2747 non
765 2684 919 2748 indicasse
932 2686 1065 2761 librum,
1082 2686 1136 2748 ubi
1157 2687 1235 2751 baec

137 2783 266 2864 scripsit.
291 2783 441 2847 Attamen
461 2802 534 2849 cum
550 2785 621 2849 aliis
634 2794 724 2866 puto,
742 2786 838 2866 buius
850 2787 1063 2850 accusationis
1077 2804 1236 2850 summam
1344 2863 1348 2868 ,

138 2886 287 2949 contineri
308 2886 340 2947 in
361 2882 497 2958 selectis,
513 2902 597 2964 qnae
618 2885 840 2949 Tbeodnrctus
864 2893 895 2947 et
917 2885 1076 2949 ductores
1105 2884 1238 2951 Cataonc

136 2987 333 3067 collegerunt
353 3006 394 3050 ex
415 2988 514 3066 ipsins
534 2987 770 3051 commentariis
790 2985 825 3048 ic
846 2982 998 3061 Genesim,
1017 3003 1055 3049 ac
1076 2986 1236 3061 distincte,

137 3088 186 3151 ubl
206 3090 305 3151 rerba
317 3105 408 3150 sacra
424 3090 575 3168 exponit:
591 3084 704 3166 etfacit
720 3084 875 3149 Dominus
892 3084 972 3149 Dens
987 3086 1074 3149 Adae
1093 3096 1121 3147 et
1140 3086 1239 3148 sanari

135 3190 196 3269 ejas
216 3189 346 3252 tunicas
363 3188 530 3268 pelliceos,
552 3198 580 3249 et
600 3185 707 3250 induit
727 3204 786 3249 eos.
816 3186 907 3262 Quae
936 3188 979 3249 ita
1008 3188 1241 3266 interpretatur

134 3288 308 3369 Origenes:
332 3288 449 3365 «Quia
471 3291 656 3353 existimare
677 3288 828 3351 debemus
850 3306 919 3351 asse
942 3298 1042 3350 restas
1060 3289 1132 3351 illas
1148 3289 1240 3369 palli·

134 3390 232 3455 cens?
255 3388 356 3453 Valde
377 3390 506 3470 quidem
527 3390 678 3452 stolidum
701 3399 760 3465 ast,
783 3399 814 3452 et
834 3390 931 3463 anile,
957 3389 1089 3469 [leoque
1111 3392 1240 3453 minime

136 3490 278 3572 dignum,
300 3492 451 3555 arbitrari
474 3489 576 3554 Deum
599 3492 698 3571 pelles
718 3492 903 3554 animalium
922 3491 1167 3573 jugulatorum,
1183 3500 1242 3556 ant

136 3593 229 3657 aliter
251 3603 455 3657 mortuorum
481 3595 639 3671 accepisse
650 3612 662 3671 ;
695 3600 726 3655 et
758 3593 830 3655 inde
852 3592 951 3673 pelles
981 3592 1163 3655 consuendo
1185 3611 1239 3655 co·

136 3697 221 3758 riarii
245 3714 348 3771 more,
371 3698 401 3757 in
424 3695 601 3759 vestimenti
624 3693 761 3757 sormam
784 3695 951 3774 redegisse.
969 3692 1125 3769 Rursum,
1142 3706 1179 3759 ut
1195 3697 1239 3757 ri·

137 3804 223 3861 tetur
246 3798 325 3860 baec
345 3796 537 3869 absurditas,
560 3795 667 3859 dicere
688 3805 790 3859 restes
805 3795 877 3857 illas
893 3796 1043 3876 pelliceas
1057 3797 1135 3857 nibil
1150 3796 1240 3861 aliud

138 3915 217 3973 esse,
240 3916 338 3978 quam
360 3915 511 3977 corpora,
532 3896 698 3976 probabile
713 3897 841 3976 quidem
856 3904 916 3972 est,
932 3904 963 3958 et
978 3897 1017 3956 ad
1032 3897 1242 3961 assentionem

135 3998 323 4063 eliciendam
344 3998 477 4063 efficax:
500 4006 532 4059 at
553 4016 615 4059 nnn
636 3999 764 4061 evidens
779 3999 875 4077 quale
893 4017 962 4061 esse
976 3997 1069 4061 debat
1082 4000 1168 4075 qnod
1190 4017 1243 4062 re·

138 4120 209 4165 rum
234 4113 291 4165 ast.
313 4100 344 4165 Si
367 4104 450 4177 anim
472 4100 626 4180 pelliceae
649 4109 750 4161 vastas
771 4107 846 4162 sunt
866 4116 978 4161 carnes
999 4107 1032 4161 et
1051 4117 1139 4174 ossa,
1161 4117 1242 4180 qno-

136 4206 232 4267 modo
254 4213 344 4267 antea
367 4205 448 4265 dixit
469 4201 591 4263 Adam:
609 4201 664 4263 boc
683 4218 770 4263 nunc
789 4220 822 4262 os
841 4219 882 4262 ec·
897 4200 1014 4263 ossibus
1027 4199 1112 4273 mus,
1128 4210 1157 4263 et
1169 4217 1244 4263 caro

136 4304 170 4364 de
190 4324 288 4368 coras
308 4299 407 4367 meo?
428 4300 484 4366 llis
505 4303 606 4382 ipitnr
625 4302 887 4382 ambiguitatibus
907 4303 1015 4366 obruti
1034 4303 1179 4366 nonnulli
1196 4320 1245 4366 as·

136 4413 324 4479 seruorum,
349 4413 450 4467 restas
471 4402 621 4483 pelliceas
642 4421 711 4465 esse
736 4403 964 4467 mortalitatem
985 4403 1088 4477 illam,
1104 4418 1168 4482 qua
1183 4404 1246 4466 cir·

137 4508 280 4571 cnmdati
300 4515 373 4572 sunt
396 4505 498 4571 Adam
518 4513 552 4570 ct
571 4503 652 4581 Era,
669 4508 766 4571 morti
783 4516 917 4588 propter
931 4514 1097 4585 peccatum
1112 4504 1241 4569 addicti.
