3375 5567
1197 687 1217 753 3

153 798 275 871 sumtis,
296 792 699 877 aiebnteal'roptcrqnod
722 795 898 857 cumomni
921 800 1010 857 tuctu
1031 801 1063 857 et
1086 682 1237 859 ιιιοτίοιέ

152 897 468 976 &contemplandum
489 906 560 972 est,
592 903 630 959 ut
651 896 681 957 in
703 912 769 958 uuo
790 893 1041 975 eodemquedie
1065 899 1237 979 utriusque

149 1011 257 1063 uturac
277 1002 395 1065 veritas
412 1000 666 1089 demonstretur,
693 1006 729 1060 ut
749 1014 855 1077 neque
876 996 999 1077 aliquid
1023 998 1185 1078 iudignum
1203 1010 1237 1063 ot

149 1102 268 1164 indecens
288 1104 320 1163 ia
341 1102 446 1164 dirioa
469 1102 525 1163 illa
546 1109 580 1163 et
600 1099 753 1162 ineffabili
775 1099 954 1163 substantia
975 1102 1157 1179 sentiatur;
1180 1120 1234 1165 un·

148 1219 194 1280 qne
212 1220 353 1273 rursum,
367 1219 452 1282 quae
472 1212 560 1281 gesta
581 1211 673 1273 sunt,
689 1200 777 1263 talaia
796 1201 892 1263 illusa
915 1202 1105 1279 imaginibus
1126 1204 1238 1265 existi·

149 1312 264 1366 nentur.
280 1303 375 1380 Quae
387 1305 518 1386 quidem
532 1305 672 1368 inaures
688 1305 843 1367 humanas
858 1303 1008 1387 prolerre
1029 1314 1060 1366 ct
1081 1307 1238 1367 sermoni·

150 1406 194 1468 bns
210 1405 395 1485 explicare,
426 1404 521 1486 longe
545 1407 630 1467 eires
654 1406 703 1466 acl
728 1405 833 1467 meriti
866 1406 965 1468 nostri
990 1406 1040 1468 vel
1064 1408 1239 1485 ingeniine

147 1508 279 1572 erutonis
293 1506 433 1571 excedit.
451 1506 603 1569 Arbitror
617 1515 727 1570 autcru
747 1508 823 1587 quin
839 1509 936 1569 etiam
953 1517 1139 1573 sauctorum
1155 1508 1240 1590 Apo·

147 1611 284 1673 stolorum
304 1609 573 1690 supergrediatur
589 1626 796 1672 memorem:
813 1608 991 1690 quinimmo
1007 1614 1102 1674 etiam
1127 1610 1241 1675 tortas·

146 1714 178 1774 tis
194 1714 287 1775 totins
305 1720 479 1774 craturae
508 1710 699 1773 coelestium
723 1711 883 1774 virtutum
910 1711 1103 1774 eminentior
1123 1724 1171 1776 est
1190 1731 1241 1777 sa·

147 1813 280 1876 maenti
292 1813 385 1874 istius
396 1811 592 1892 explanatio.
607 1808 656 1873 De
676 1830 744 1891 qno
758 1830 817 1875 nos
831 1829 895 1875 nou
918 1815 1237 1895 temeritatemque,

147 1914 348 1994 &quoniam
368 1911 451 1973 ordo
472 1912 536 1973 loci
560 1911 715 1991 deposcit,
737 1929 775 1975 ea
796 1915 910 1993 magis,
926 1932 1010 1994 quae
1032 1912 1109 1977 fides
1130 1926 1239 1979 nostra

147 2016 277 2091 mstinct,
291 2030 390 2095 quana
412 2030 496 2093 quse
512 2013 671 2076 humanae
692 2012 824 2075 rationis
852 2014 987 2076 assertio
1011 2014 1172 2079 vindicare
1192 2036 1243 2080 so·

146 2114 189 2189 let,
203 2133 300 2195 qnam
315 2115 515 2196 paucissimis
528 2113 747 2196 proferemus,
767 2113 965 2192 suspiciones
981 2116 1088 2195 potius
1103 2125 1241 2195 nostras,

146 2232 226 2293 gaam
247 2216 431 2279 manifestas
450 2216 577 2295 aliquas
594 2214 823 2279 affirmationes
852 2217 884 2277 in
912 2216 1053 2281 medium
1074 2218 1240 2298 protereu-

147 2325 217 2379 tes.»
238 2316 279 2381 Et
299 2318 381 2380 bace
400 2336 442 2381 ex
464 2336 493 2379 c.
517 2315 572 2380 vt.
593 2336 625 2379 n.
646 2318 678 2383 b
698 2317 846 2411 ejusdcm
867 2315 956 2380 Libri
980 2316 1021 2382 ll.

207 2416 265 2482 llis
285 2421 414 2482 interim
435 2418 477 2481 de
494 2418 635 2499 suipsius
655 2419 771 2498 ingenii
793 2436 854 2498 pro
878 2438 912 2481 re
936 2427 999 2482 tam
1022 2423 1112 2500 gravi
1135 2425 1244 2502 paucl-

149 2525 199 2581 tate
215 2519 354 2593 ocutis,
378 2519 435 2582 ita.
451 2519 673 2599 quaeationem
697 2519 809 2582 inite«
826 2517 931 2599 lgitur
956 2523 1139 2601 unigenitus
1164 2521 1245 2599 Dei,

149 2637 195 2698 per
211 2638 309 2701 quem
331 2623 439 2685 omnia
460 2621 544 2684 lacta
557 2638 626 2683 esse
649 2620 784 2683 visibilia
806 2629 839 2683 et
853 2622 1024 2685 invisibilia
1046 2623 1078 2686 in
1100 2626 1248 2704 superio·

151 2722 226 2786 ribus
242 2740 353 2787 sermo
373 2722 599 2802 disputationis
608 2720 751 2797 edocuit,
766 2720 944 2786 secundum
967 2722 1155 2805 Scripturas
1176 2745 1247 2789 sen·

149 2826 263 2888 tentiam
279 2833 312 2888 et
333 2824 409 2887 lecit
429 2822 549 2909 omnia,
564 2831 597 2887 et
618 2840 703 2902 quae
726 2823 813 2899 lecit,
829 2823 943 2904 diligit.
969 2824 1050 2888 Natu
1072 2844 1146 2889 aum
1168 2829 1248 2890 invi·

148 2924 235 2990 sibilis
255 2925 316 2989 llei
338 2927 406 3004 ipsc
425 2927 468 2988 sit
486 2928 593 3005 imago
613 2924 793 2999 invisibilis,
810 2924 1086 3007 participationem
1104 2927 1154 2989 sni
1177 2929 1248 2991 uni·

148 3028 232 3090 tarsis
253 3027 467 3090 rationalibus
480 3026 641 3089 creaturis
662 3025 866 3087 invisibiliter
881 3026 1042 3105 praebuit,
1060 3026 1102 3087 ita
1119 3035 1155 3088 ut
1178 3038 1246 3090 tan-

148 3136 206 3188 tnu
220 3148 261 3191 ex
283 3148 324 3191 eo
340 3130 563 3208 unuquisque
577 3128 738 3207 participii
758 3137 915 3199 sumeret,
937 3134 1059 3205 quanto
1074 3144 1149 3206 erga
1173 3144 1248 3191 eum

149 3227 318 3293 dilectionis
348 3229 536 3291 inhaesisset
556 3228 686 3290 auecta.
710 3244 727 3283 a
751 3225 793 3289 Et
820 3226 1026 3288 haecomnia
1049 3225 1248 3305 plausione·

146 3326 222 3391 dunt.
245 3328 292 3393 lta
315 3336 421 3393 tameat
442 3347 506 3392 uon
524 3348 560 3391 ae
581 3329 699 3391 babent
726 3344 812 3406 quae
831 3330 1036 3405 sequuntur,
1070 3326 1124 3388 ubi
1147 3326 1245 3390 dicite

148 3426 296 3492 «Verum
324 3448 481 3511 cumpro
509 3429 633 3493 arbitrii
655 3428 750 3492 liberi
779 3427 934 3490 facultate
964 3429 1101 3491 varietas
1133 3445 1250 3491 unum-

148 3544 299 3610 quemque
318 3548 357 3594 ac
377 3531 547 3594 diversitas
568 3529 733 3593 habuisset
753 3528 956 3604 animorum,
974 3536 1011 3590 ut
1032 3529 1116 3591 aliua
1137 3528 1251 3592 ardeu-

149 3629 231 3707 tiore‚
246 3630 331 3695 alins
354 3632 502 3695 tenuiore
521 3641 555 3693 et
575 3631 714 3693 exiliore
730 3646 807 3709 erga
830 3634 999 3691 auctorem
1020 3646 1117 3691 annm
1139 3646 1252 3693 amore

148 3736 314 3804 moetas,
330 3732 387 3795 illa
407 3735 526 3806 anima,
542 3730 583 3794 tle
604 3750 668 3811 qun
689 3731 772 3793 dixit
786 3727 904 3793 lasus:
925 3728 1005 3807 pario
1024 3747 1114 3793 anuo
1134 3734 1253 3811 cnseret

147 3847 224 3891 ntae
242 3831 385 3895 salmom
405 3850 517 3905 menas,
536 3831 579 3893 ab
599 3832 690 3895 initio
711 3840 884 3895 creaturae
906 3841 939 3894 et
960 3832 1108 3911 deinceps
1130 3832 1253 3913 insepa-

148 3931 284 3995 rabiliter
303 3936 335 3995 oi
356 3939 456 4012 atque
477 3932 758 3996 indissociabiliter
780 3933 972 4008 inhaereas,
996 3940 1108 4011 utpote
1122 3934 1253 4011 Sapien-

148 4032 202 4093 tiae
221 4042 255 4096 ct
275 4031 385 4096 Verbo
407 4031 487 4108 Dei,
508 4040 542 4096 et
564 4034 690 4096 veritati
711 4042 744 4095 ct
772 4033 840 4096 luci
859 4050 982 4108 vaaran,
1005 4041 1037 4095 et
1059 4042 1123 4096 tota
1149 4043 1253 4097 totum

149 4133 437 4213 recipiensratque
457 4135 490 4196 in
511 4133 581 4214 ejus
602 4135 710 4197 lucem
731 4131 1003 4213 splendoremque
1026 4134 1091 4213 ipae
1114 4134 1252 4209 cedens.

148 4230 221 4295 tarta
242 4244 292 4298 ast
311 4253 388 4301 cum
409 4236 480 4316 ipso
500 4236 722 4316 principaliter
742 4253 827 4298 uuus
848 4235 994 4314 spiritns,
1016 4236 1101 4297 sicut
1123 4243 1155 4296 et
1168 4236 1254 4314 Apo·

147 4334 242 4398 atoltu
262 4345 324 4398 atc.
339 4355 358 4393 a
376 4334 426 4398 Ea
442 4337 491 4397 bis
504 4336 656 4399 nimirum
668 4335 847 4399 adversarii
862 4337 894 4399 iu
907 4334 1079 4414 Origeuem
1101 4340 1254 4412 surgunt,

147 4438 229 4511 qnasi
251 4436 374 4502 Christi
395 4438 535 4500 animam
562 4454 642 4500 snae
663 4436 874 4500 incarnationi
909 4436 1178 4516 praeexistentem
1200 4436 1257 4499 do·

149 4546 223 4600 sant.
253 4536 332 4602 uini
355 4540 499 4614 interea,
532 4539 670 4618 quiade
700 4539 867 4603 animabus
897 4538 1051 4601 disseram
1081 4536 1255 4601 universim
