3375 5567
436 763 476 827 ud
500 764 666 845 pristinum
687 765 811 847 gloriae
831 764 1048 831 conditionem
1077 767 1282 844 restitueris,
1311 766 1352 831 ub
1374 766 1478 831 altero
1498 786 1546 832 er·

438 867 592 946 pluuntur
605 869 694 948 quod
706 868 864 948 Origenes
880 869 913 931 in
928 866 1107 949 Epistulam
1121 870 1161 932 sd
1182 866 1292 935 Titum
1313 869 1477 951 perhibet,
1497 868 1546 933 alti

431 965 529 1046 juxta
549 966 778 1031 eecksiosticns
797 968 1027 1033 distructionem
1051 971 1295 1051 unusquisque,
1316 970 1480 1050 iuquiens,
1499 987 1547 1048 pe-

435 1069 599 1131 reuntium
618 1088 679 1133 suu
700 1070 893 1149 negligentis
909 1060 994 1151 perit
1014 1079 1048 1135 et
1068 1071 1165 1151 culpa
1176 1092 1187 1149 ;
1209 1072 1266 1151 qui
1291 1072 1410 1137 habens
1431 1068 1547 1131 arbitrii

433 1169 631 1245 libertatem,
650 1173 772 1251 eligere
792 1172 880 1252 quod
898 1174 1018 1237 bouum
1039 1181 1100 1245 est,
1123 1182 1156 1237 et
1180 1176 1287 1252 potuit
1307 1182 1338 1237 et
1359 1172 1481 1245 debuit,
1501 1170 1550 1231 ud·

435 1270 499 1334 dit:
521 1293 539 1331 s
560 1271 657 1349 Quod
673 1274 713 1334 de
734 1275 803 1351 ipso
825 1274 956 1339 diabolo
977 1276 1180 1339 sentiendum
1206 1283 1267 1347 est,
1292 1275 1348 1354 qui
1372 1274 1404 1337 in
1426 1290 1549 1351 conspe-

434 1382 490 1462 ctu
507 1371 634 1439 Domini
655 1375 881 1453 omnipotentis
902 1376 1098 1440 describitur
1120 1378 1302 1451 restitisse,
1323 1382 1356 1439 et
1377 1375 1549 1439 deseruisse

433 1485 554 1538 statum
574 1494 687 1550 suum,
702 1477 735 1537 in
748 1495 816 1555 quo
832 1476 941 1540 luerat
961 1477 1211 1541 immaculatus:
1228 1477 1283 1556 qui
1303 1478 1415 1555 utique
1437 1475 1551 1554 potuis·

431 1586 479 1639 set
502 1578 534 1639 iu
556 1578 618 1639 hoo
639 1585 741 1650 statu,
763 1581 794 1641 io
815 1597 883 1657 quo
904 1579 945 1641 ult
967 1579 1060 1641 initio
1083 1578 1144 1642 tuit
1155 1621 1167 1653 ,
1187 1598 1293 1657 usque
1314 1577 1353 1639 ad
1370 1576 1464 1639 tinem
1487 1592 1551 1654 per·

431 1694 607 1749 severare,
629 1679 656 1740 si
679 1678 883 1741 voluisset.»
908 1678 1036 1755 Quibus
1062 1680 1167 1745 verbis
1195 1679 1404 1752 adstruitur,
1427 1680 1552 1743 doemo-

434 1794 518 1852 nem,
534 1795 608 1839 eum
624 1779 675 1841 sui
693 1779 778 1861 juris
804 1780 917 1843 luisset
936 1798 954 1841 a
971 1777 1039 1843 Deo
1058 1782 1218 1853 conditus,
1237 1778 1405 1841 voluntutc
1426 1777 1551 1858 proprie

432 1896 451 1939 a
474 1874 542 1942 Deo
565 1880 635 1958 ipso
656 1880 819 1943 desivisse.
845 1879 928 1945 Cum
961 1884 1077 1961 utique
1097 1882 1174 1943 dicit
1198 1880 1323 1944 Auctor
1350 1876 1500 1957 potuisset
1523 1884 1550 1937 et

431 1975 460 2040 si
475 1979 637 2053 misisset,
659 1982 829 2045 adsedem
851 1991 960 2045 salsus
983 1984 1096 2047 eximit
1120 1982 1308 2045 lucultntcm
1332 1980 1372 2043 ud
1394 1981 1551 2059 poeniten·

430 2081 505 2141 tium
528 2083 558 2142 in
582 2090 747 2161 posterum
763 2083 931 2156 redeundi,
950 2091 1051 2162 utque
1065 2100 1154 2159 spem
1179 2100 1214 2145 se
1234 2100 1268 2145 so
1290 2099 1406 2145 rursus
1426 2081 1467 2142 ud
1485 2081 1553 2141 bea·

433 2181 577 2244 titudinis
596 2191 718 2246 statum
740 2184 916 2263 aliquunde
939 2184 1153 2246 restuuruudi.

515 2280 758 2360 Verumtamen,
770 2285 859 2364 quod
876 2283 974 2347 valde
985 2291 1179 2364 argumento
1192 2294 1302 2347 nostro
1314 2282 1456 2363 prolicit,
1469 2282 1553 2344 erui-

430 2391 487 2447 tur
506 2382 700 2464 exdiulogo
721 2384 869 2466 eiusdem
889 2383 1041 2466 Origenis
1063 2402 1138 2449 oum
1160 2382 1283 2463 Celso;
1305 2383 1362 2447 ubi
1390 2383 1554 2465 proposita

430 2483 618 2565 quaestione
645 2485 686 2549 de
713 2490 977 2564 resurrections,
1004 2486 1112 2566 doque
1141 2486 1204 2547 vitu
1233 2484 1371 2561 lutura,
1400 2486 1444 2549 itu
1466 2484 1551 2547 circa

429 2585 516 2666 apud
539 2586 661 2651 tuturos
679 2588 844 2669 supplicis
858 2590 1060 2653 interserunt
1079 2604 1273 2657 sermonem.
1291 2586 1402 2667 lnquit
1421 2584 1556 2651 enimin

429 2684 499 2749 Lilt.
522 2684 610 2750 vltl.
632 2706 661 2751 c.
682 2684 735 2753 48.
755 2685 797 2758 tu
810 2698 873 2751 etc.
897 2687 1024 2753 «Enim
1048 2688 1237 2761 termissus
1260 2688 1325 2762 sir,
1342 2687 1556 2766 quemadmo-

430 2788 508 2852 dum
531 2796 568 2852 tu
589 2790 694 2854 credis
708 2799 839 2854 aeterua
861 2790 1034 2871 supplicia,
1049 2791 1096 2855 sio
1116 2797 1151 2855 et
1166 2790 1301 2853 illorum
1324 2806 1498 2853 sacrorum
1513 2788 1558 2849 in·

429 2896 609 2972 terpretes,
639 2892 839 2967 initiatores,
872 2899 905 2955 et
933 2890 1122 2973 mystagogi.
1145 2888 1235 2965 Quas
1262 2888 1335 2953 ullis
1358 2896 1394 2953 tu
1421 2887 1555 2953 mineris

428 3008 568 3073 poenus,
595 2992 724 3056 eusdem
746 2992 793 3055 illi
821 2994 987 3056 minantur
1010 2992 1075 3054 tibi.
1108 2989 1384 3055 Considerandum
1406 2992 1496 3054 enim
1518 3004 1558 3051 an

428 3092 478 3155 illi
500 3096 651 3171 veriora,
673 3102 732 3158 sut
752 3094 897 3157 drmioru
919 3092 1038 3157 dicant.
1063 3089 1176 3155 Verbis
1192 3092 1277 3155 enim
1298 3109 1404 3172 sequa
1420 3092 1559 3171 utrique

428 3198 666 3259 asseveratione
689 3204 821 3269 restra,
842 3212 919 3258 uera
942 3212 1011 3257 esse
1033 3194 1235 3260 contenditis.
1260 3193 1321 3257 Sed
1353 3195 1379 3259 si
1402 3212 1488 3273 opus
1510 3198 1560 3256 est

428 3299 641 3376 argumentis,
664 3298 712 3360 illi
734 3298 837 3360 multu
861 3304 894 3360 et
916 3295 1083 3359 manifeste
1105 3296 1290 3374 proterunt,
1313 3295 1410 3361 ductu
1433 3302 1557 3361 tumex

428 3397 582 3477 operibus
599 3400 865 3463 doemonicarum
881 3397 1099 3479 quurumdam
1114 3404 1322 3477 potestatum,
1340 3405 1409 3461 tum
1424 3416 1468 3463 ex
1483 3416 1559 3461 oru-

429 3499 582 3563 culorum
605 3501 764 3581 responsis
785 3505 820 3562 el
838 3518 881 3562 ex
905 3499 1062 3563 vaticiniis
1083 3499 1185 3562 omnis
1199 3501 1335 3578 generis.
1361 3518 1377 3555 u
1391 3498 1560 3563 Pondere·

429 3603 514 3665 tioue
534 3602 666 3681 quidem
686 3603 781 3681 digne
803 3610 878 3665 snut
902 3604 985 3675 ista,
1009 3618 1028 3663 u
1049 3600 1144 3666 Celso
1163 3618 1206 3663 ex
1229 3618 1430 3681 paganorum
1455 3602 1560 3664 trudi·

429 3703 515 3765 tione
526 3704 623 3766 citutu
640 3704 681 3766 de
692 3703 912 3782 perpetuitate
926 3720 1117 3783 menarum.
1131 3699 1252 3765 Verum
1270 3704 1365 3767 modo
1381 3704 1561 3765 audiemus

427 3820 512 3883 quae
532 3803 690 3884 Origenes
710 3803 803 3868 ·Celsi
824 3805 931 3867 verbis
963 3804 1096 3885 opponit
1104 3823 1114 3883 3
1138 3822 1214 3867 num
1239 3804 1364 3867 scilicet
1385 3804 1563 3884 suppliciis

428 3906 643 3985 reproborum
666 3907 839 3969 terminum
861 3906 1049 3980 constituet,
1071 3924 1129 3968 seu
1151 3906 1248 3969 aliter
1266 3905 1364 3986 justu
1383 3903 1561 3985 Evangelii

430 4006 601 4068 raritatem
621 4005 756 4069 doceat:
780 4027 798 4065 u
819 3996 991 4069 Gonteudit
1014 4005 1116 4083 igitur
1144 4004 1340 4084 (respondet
1362 4004 1456 4067 Celso
1481 4005 1564 4071 Ori·

428 4107 536 4185 genesi
557 4108 720 4171 contendit
740 4108 856 4187 igitur,
876 4123 1047 4168 sacrorum
1069 4105 1229 4185 principes
1252 4123 1358 4186 usquc
1378 4124 1417 4167 ue
1438 4124 1502 4169 uos
1520 4108 1565 4169 de

425 4206 592 4288 suppliciis
612 4211 752 4271 aeternis
772 4208 885 4287 loqui,
911 4206 1047 4285 uultque
1067 4207 1271 4286 expendere,
1294 4206 1335 4267 ab
1358 4216 1433 4271 utra
1461 4218 1564 4284 purte

424 4316 487 4371 stet
510 4311 638 4372 veritas.
662 4307 819 4388 Equidem
838 4306 1071 4369 affirmaverim
1095 4324 1191 4386 penes
1206 4326 1262 4369 eos
1282 4326 1352 4371 esse
1367 4310 1564 4383 veritatem,

426 4410 483 4489 qui
504 4420 639 4488 possunt
659 4410 827 4473 doctrinae
844 4425 927 4479 ⁴sune
949 4406 1120 4471 auditores
1138 4409 1181 4470 itu
1204 4405 1344 4483 efficere,
1367 4419 1405 4471 ut
1428 4409 1564 4483 visunt,

429 4511 523 4591 qussi
538 4512 631 4588 certi,
647 4526 719 4573 cam
734 4527 803 4572 esse
821 4509 1028 4573 verissimum.
1043 4509 1085 4573 At
1098 4508 1209 4591 J'udnei
1224 4516 1256 4572 et
1267 4509 1432 4575 clrristiuni
1447 4510 1496 4574 itu
1514 4512 1569 4575 ul·
