3375 5567
1187 687 1248 761 ns
1341 713 1344 717 s

150 795 211 859 bru
229 790 298 876 poti
315 807 364 872 cc,
385 813 466 878 prece
486 792 647 859 bominem
667 804 763 877 esen
793 812 850 859 occ
870 794 1059 878 copitmiosc
1076 796 1188 880 utiquo
1207 795 1248 862 o·-

150 894 247 959 tilicri
264 894 426 975 citiorum
447 914 652 980 nequaquem
674 898 804 962 ridetur
824 896 978 963 Auctoris
998 908 1136 963 uacuum
1156 916 1245 963 com·

149 999 356 1079 prehendisse.
373 998 463 1065 Nibil
483 1001 566 1065 onim
581 1000 621 1064 de
641 999 781 1064 motibus
801 1000 908 1063 curuis
921 1000 1089 1064 nocturnis
1109 997 1242 1064 iudicet:

146 1100 315 1179 quinimmo
330 1100 506 1165 universim
527 1102 746 1182 metaphorice
766 1101 866 1164 rerba
879 1110 907 1163 st
926 1117 1027 1181 mpero
1049 1102 1093 1163 od
1112 1110 1245 1177 mum,

146 1201 285 1264 adhibuit
304 1199 481 1282 Origenesp
504 1220 562 1285 per
581 1212 699 1268 noctem
721 1205 857 1287 mystice
877 1202 1107 1282 interpretem
1126 1218 1244 1265 urceus

146 1308 175 1361 et
192 1300 340 1375 occulte,
363 1318 447 1381 quae
468 1308 615 1383 penetret
637 1302 688 1364 rir
707 1300 809 1365 ildclis
829 1318 848 1363 a
871 1298 940 1365 lieo
959 1302 1125 1382 praeditus
1144 1301 1247 1365 scien·

147 1401 183 1461 tia
205 1408 237 1464 et
258 1402 476 1482 intelligentie.
493 1400 565 1479 Qua
586 1403 828 1486 scientiamque
847 1404 891 1467 ud
907 1412 1025 1467 nectere
1038 1403 1120 1469 idost
1134 1420 1246 1467 rcrum

146 1501 357 1579 occultorum,
379 1504 517 1585 amplius
539 1504 625 1570 sidat
646 1507 741 1569 bomo
761 1522 848 1585 qnae
868 1512 957 1569 recte
977 1512 1074 1581 suut,
1097 1520 1247 1585 quaeque

144 1602 181 1663 rb
199 1621 237 1665 eo
258 1610 334 1667 snut
354 1604 495 1684 agenda:
512 1623 552 1668 ue
572 1624 672 1685 prere
694 1606 766 1669 iden
788 1605 920 1669 consilia
941 1611 1090 1668 emenent
1108 1612 1247 1668 omento

143 1720 208 1775 sne,
231 1713 264 1767 et
281 1704 398 1785 nequid
420 1715 493 1785 apat
516 1715 630 1770 contra
646 1704 703 1769 liei
719 1706 930 1771 voluntatem.
946 1705 1099 1771 Ceterum
1115 1723 1180 1788 qna
1197 1723 1248 1769 ra·

145 1805 223 1867 tione
237 1813 331 1869 extra
348 1807 509 1887 tropicum
525 1826 654 1872 seucum
676 1809 812 1891 concipi,
828 1809 1018 1888 admittique
1032 1809 1154 1888 possint
1176 1824 1249 1871 ror·

145 1905 190 1967 ba:
205 1925 294 1969 rauce
314 1907 443 1972 scuriles
463 1911 544 1973 idest
568 1914 735 1991 corporis,
757 1919 813 1974 aut
835 1911 940 1975 cernis
960 1911 1154 1974 sensatioues
1174 1929 1245 1973 cru·

146 2006 232 2069 dicct
243 2005 399 2073 docuissem
411 2029 534 2075 remma
541 2011 720 2092 praeditum
734 2009 959 2092 temperantia,
980 2012 1066 2075 dicut
1079 2014 1136 2092 qni
1155 2010 1249 2074 intel·

144 2108 218 2189 ligit.
236 2110 394 2176 Similiter
406 2115 593 2193 exponenda
609 2124 684 2178 suut
697 2113 815 2179 remica
828 2132 990 2194 corporea,
1006 2132 1085 2195 pecs
1105 2111 1251 2192 difflueret

145 2223 266 2277 ceneta
286 2212 493 2294 copitctiorcc:
514 2234 598 2297 qnee
616 2217 720 2280 omnin
735 2214 891 2297 Origenes
907 2216 1125 2295 metepborice
1144 2214 1251 2277 discn-

147 2312 189 2389 tii,
210 2317 431 2380 consecterius
446 2318 640 2396 praemissis,
664 2318 704 2380 de
729 2320 854 2380 animae
881 2316 1010 2379 renibus
1035 2315 1188 2379 nimirum
1208 2313 1249 2377 de

145 2416 282 2479 sensibus
304 2417 536 2499 rationalibus;
551 2419 745 2500 quibuscum
760 2419 859 2481 bomo
873 2417 981 2480 divino
1002 2416 1133 2497 adjutus
1152 2415 1250 2478 lumi·

146 2532 180 2577 uc
200 2517 349 2599 intelligit
369 2526 402 2582 et
422 2528 581 2600 operetur
602 2519 659 2582 Dei
682 2519 938 2600 beneplacitum,
956 2518 996 2581 ad
1018 2517 1249 2597 periectiouem

146 2616 304 2682 iuteudeus
324 2620 465 2684 unimam
485 2621 578 2701 juxte
602 2622 756 2685 dominica
780 2621 879 2684 verbu
899 2620 931 2682 iu
953 2618 1138 2699 Evangelio.

214 2718 311 2795 Quod
334 2728 443 2785 antem
463 2722 565 2785 eidem
594 2722 754 2803 exprobat
780 2719 1008 2805 Hieronymus,
1031 2721 1079 2783 uti
1099 2720 1248 2800 Oripeuis

145 2824 332 2901 proprium:
353 2820 545 2902 impossibile
567 2841 630 2887 csse
652 2823 826 2887 lamonem
854 2843 875 2885 c
900 2820 1062 2901 principio
1087 2840 1185 2902 respue
1205 2823 1249 2884 cd
1374 2903 1377 2913 Ι

146 2930 264 2983 mortem
286 2930 497 3002 conprecare
517 2933 685 2999 recturum,
710 2924 874 2987 sciendum
896 2931 963 2998 cst,
986 2920 1158 3002 Origeuem
1180 2932 1250 2985 tau·

146 3022 306 3087 tummodo
327 3024 386 3087 sibi
402 3025 487 3089 colle
503 3028 535 3087 iu
550 3026 611 3087 bac
632 3026 830 3105 quaestione,
852 3043 936 3105 quae
956 3024 1093 3103 Spiritus
1113 3024 1248 3089 Sanctus

146 3139 198 3199 per
217 3122 380 3188 iacobum
403 3127 554 3191 iudicarit
574 3128 605 3189 iu
627 3146 653 3189 c.
678 3125 736 3189 lll.
761 3125 948 3207 Epistulae:
971 3124 1007 3187 io
1032 3122 1139 3186 moitis
1162 3124 1246 3187 cairo

145 3224 324 3303 offendimus
343 3245 469 3291 omncs:
489 3246 528 3291 ac
549 3236 711 3292 restauret
731 3248 755 3291 s.
769 3227 908 3292 ioannes
926 3228 957 3289 iu
972 3225 1116 3307 Epistola
1132 3225 1157 3287 1.
1173 3244 1201 3287 c.
1221 3223 1245 3288 l.

146 3342 173 3383 v.
194 3322 223 3389 8.
246 3324 284 3389 Si
303 3326 474 3391 dixerimus
494 3328 646 3409 pannium
663 3339 824 3411 precntum
846 3348 911 3391 eoo
932 3328 1086 3401 memus,
1108 3324 1174 3405 ipsi
1193 3344 1249 3389 nor

145 3425 337 3501 reducimus,
358 3438 388 3492 ct
406 3428 524 3492 ceritas
542 3429 578 3493 ic
600 3430 688 3493 uobis
709 3449 774 3493 ooo
794 3440 848 3493 est.
873 3430 915 3493 Et
935 3446 1049 3492 revere
1073 3428 1120 3489 bis
1140 3444 1250 3490 couse-

145 3536 277 3604 quenter
296 3541 407 3593 contra
429 3530 559 3595 Celsum
581 3533 746 3612 disputans
768 3536 799 3596 iu
815 3530 913 3595 Libro
935 3530 993 3594 ill.
1018 3550 1048 3592 u.
1069 3529 1120 3595 62.
1152 3528 1250 3608 ipsius

146 3629 257 3692 verbe:
280 3648 339 3693 cur
358 3648 423 3694 uon
442 3632 527 3695 reicit
548 3632 644 3711 (neus
666 3630 804 3710 Verbum)
826 3633 868 3695 ud
886 3632 1037 3695 immunes
1052 3652 1073 3694 c
1090 3623 1251 3712 peccatis?

145 3726 216 3805 pote
236 3730 358 3793 mum
376 3742 420 3795 cat
437 3750 505 3795 ,ooo
522 3730 693 3813 peccasse?
709 3735 828 3799 rclellit
848 3737 1014 3815 iuquiens:
1028 3754 1045 3792 c
1058 3733 1106 3795 Ad
1122 3734 1183 3797 boc
1203 3732 1250 3794 di·

146 3830 239 3895 cimus
257 3852 266 3895 c
287 3834 314 3895 si
335 3852 394 3915 per
408 3832 561 3898 immunes
575 3856 596 3898 c
607 3834 759 3917 peccatis,
777 3837 945 3917 intelligat,
961 3838 1017 3918 qni
1033 3855 1095 3897 uon
1111 3837 1250 3916 emplius

147 3942 284 4011 peccent,
306 3932 458 3999 Salvator
479 3946 588 4001 nester
609 3938 647 4001 ed
670 3958 725 4003 cos
747 3939 862 4001 missus
882 3948 942 4014 est,
963 3938 1018 4001 scd
1042 3955 1103 4000 nou
1126 3947 1162 4000 nt
1186 3955 1252 3998 me·

147 4028 240 4097 dicae.
263 4034 317 4099 Sin
338 4045 446 4101 nutem
476 4057 530 4102 eos
551 4039 731 4120 intelligat,
754 4040 809 4121 qui
831 4056 1007 4118 numqaum
1033 4045 1251 4119 peccaverunt

148 4132 361 4215 (nequeenim
382 4138 453 4220 ejus
476 4138 573 4203 rerba
594 4150 705 4220 aperte
726 4140 936 4220 distinguunt)
957 4138 1111 4213 dicimus,
1133 4138 1251 4217 impos·

147 4232 231 4300 sibile
252 4235 335 4315 lieri,
358 4240 518 4305 bominem
538 4240 585 4304 sic
604 4236 832 4341 ἀναμάρτητον
853 4242 920 4303 sinc
934 4245 1066 4319 peccato
1081 4254 1160 4300 esse.
1179 4233 1252 4299 Hoc

147 4341 248 4399 tutem
272 4336 407 4402 dicimus
427 4352 565 4425 excepto
585 4342 715 4405 bomine
735 4357 753 4400 a
774 4338 854 4404 Jasn
876 4348 1055 4420 assumpto,
1076 4335 1134 4419 qui
1144 4354 1250 4416 pecco·

148 4438 206 4495 iera
226 4452 292 4497 uec
311 4436 431 4517 serit.»
