3375 5567
415 667 480 741 dili

831 768 970 839 CAPUT
997 768 1119 837 ΧΧΙΧ.

419 977 546 1055 Quanto
560 978 635 1060 jaare
655 975 867 1056 investiantur
880 985 995 1040 astarot
1015 973 1266 1054 mutationeque
1284 971 1456 1055 Scriptores
1468 976 1527 1041 ari·

455 1078 625 1160 qanianoan
644 1076 844 1158 repradnrint
862 1075 1090 1141 daatrinorndr
1103 1071 1202 1137 libero
1214 1073 1378 1139 boram
1390 1074 1528 1139 arbitrio.

421 1320 497 1447 Ex
519 1400 585 1463 qno
610 1380 788 1445 aduersarii
809 1382 853 1445 ab
880 1380 1022 1461 Origene
1052 1381 1269 1447 insimulando
1300 1381 1387 1445 baud
1409 1382 1531 1457 sileant,

424 1484 642 1564 undequaque
656 1485 816 1548 acervatis
832 1484 1020 1547 testimoniis
1034 1494 1148 1547 eontra
1162 1484 1358 1547 catholicam
1373 1483 1467 1545 fldem
1491 1483 1533 1545 ts·

423 1584 594 1658 aientibus,
617 1584 682 1647 buo
702 1601 834 1664 quoque
865 1583 1079 1658 advenerunt,
1102 1593 1139 1648 nt
1154 1585 1260 1665 ipsum
1273 1593 1414 1663 arguant
1434 1588 1465 1647 iu
1486 1586 1532 1656 iis,

422 1701 509 1764 qnae
527 1684 625 1747 sensit
645 1682 686 1745 de
706 1683 843 1746 bominis
874 1682 1047 1746 arbitratu.
1071 1682 1194 1747 Verum
1215 1685 1247 1746 in
1268 1685 1332 1747 baa
1351 1684 1533 1764 quaestione

426 1784 566 1847 muitum
587 1783 768 1847 etsborsvta
782 1780 830 1847 Cl.
854 1781 1005 1856 dinatius,
1029 1784 1164 1847 nimium
1183 1785 1354 1847 ostendens
1371 1784 1534 1862 culpatum

424 1887 522 1951 tuisse
543 1884 730 1965 Orignuenn
749 1885 849 1947 vetuti
871 1887 902 1947 iu
920 1882 1128 1965 Oriqana’anis
1141 1887 1252 1949 sidere
1272 1895 1332 1949 est.
1356 1884 1427 1965 Ego
1450 1903 1532 1959 sero,

424 1988 502 2068 quin
523 1986 554 2047 iu
576 1987 638 2049 ban
659 1995 891 2065 argumentum
913 1985 1008 2065 ionga
1030 1987 1216 2049 incumbam
1240 1986 1454 2061 desuetam,
1475 2002 1534 2047 uua

425 2091 512 2152 xima
535 2089 565 2150 in
586 2104 650 2163 eo,
671 2087 759 2166 quad
781 2087 991 2151 scholasticas
1017 2088 1171 2167 pertingit
1189 2087 1422 2164 disputationes
1444 2086 1480 2148 da
1497 2082 1534 2145 ti-

425 2186 495 2250 bsro
515 2184 661 2261 arbitria,
685 2188 722 2249 da
740 2184 848 2265 qratia
868 2184 981 2249 divina
1000 2196 1062 2251 otc.
1093 2187 1317 2250 tautummodo
1336 2204 1375 2251 aa
1396 2202 1534 2266 praeser-

427 2288 484 2352 tim
504 2287 701 2363 scrutabor,
722 2304 807 2366 qnae
828 2288 861 2350 in
884 2289 951 2353 suis
972 2289 1064 2352 libris
1083 2288 1211 2351 diverse
1233 2287 1286 2349 rol
1311 2287 1465 2351 erumnas
1485 2291 1537 2347 ant

426 2388 589 2453 intellecta
609 2396 685 2453 aunt
705 2390 748 2451 ab
767 2388 1012 2469 interpretibus,
1027 2390 1115 2453 nude
1136 2391 1197 2454 init
1218 2391 1250 2453 iu
1271 2389 1421 2454 eumdem
1442 2389 1535 2451 adau-

427 2499 477 2553 eta
500 2488 693 2553 criminatio.

507 2588 716 2670 Quapropter
737 2592 779 2653 ab
800 2591 899 2672 buius
919 2591 1033 2672 eapitis
1053 2593 1147 2657 initio
1167 2593 1436 2672 praemittantur,
1459 2606 1536 2672 qnae

428 2694 496 2773 ipse
517 2693 548 2754 in
569 2708 648 2756 sune
670 2692 743 2756 fidei
764 2694 965 2774 professione
987 2694 1172 2759 obtestatur
1184 2714 1226 2758 ex
1242 2696 1412 2775 prooemio
1434 2692 1536 2755 Libro

429 2808 504 2855 runa
527 2790 572 2854 De
593 2789 771 2872 Principiis
791 2812 822 2855 n.
844 2790 885 2857 5:
900 2813 917 2853 s
933 2792 1037 2857 Estet
1050 2795 1146 2868 illud,
1169 2796 1226 2871 ait,
1241 2794 1410 2859 dednitnns
1432 2795 1462 2854 iu
1484 2788 1535 2853 Es·

429 2894 606 2958 ntesiantioa
621 2894 876 2969 Praedicatione,
888 2912 1016 2957 omnem
1030 2899 1170 2959 animam
1185 2896 1411 2958 rationabilem
1424 2893 1536 2957 assati

430 2996 499 3059 beri
521 2996 647 3057 arbitrii
668 3006 701 3057 et
723 2996 922 3057 aotnntatisa
948 3014 1018 3059 ease
1038 3014 1171 3077 qnoque
1194 2998 1222 3059 ei
1243 3006 1409 3059 aertaaneu
1429 2996 1535 3055 adver·

430 3114 486 3160 snt
507 3095 685 3169 diabolum,
701 3106 732 3159 et
753 3097 885 3175 angelos
906 3098 992 3178 ejus,
1013 3099 1259 3178 contrariasque
1277 3099 1427 3171 uirtutes,
1449 3115 1487 3157 ea
1501 3110 1537 3155 ao

431 3197 520 3278 quod
542 3198 589 3258 illi
611 3198 749 3277 pennatis
763 3216 836 3261 eaua
857 3216 995 3261 onerare
1016 3200 1209 3262 contendant
1217 3218 1231 3278 ;
1244 3216 1397 3261 nosrern
1409 3200 1435 3260 si
1457 3203 1536 3257 reete

431 3297 645 3377 aouanttequo
669 3299 828 3372 vivamus,
844 3298 887 3360 ab
908 3299 1094 3379 buinsnsodi
1109 3318 1208 3363 onere
1230 3318 1287 3362 noa
1307 3318 1432 3362 exnere
1451 3314 1535 3359 cone·

435 3416 519 3463 mur.
541 3396 634 3463 Unde
653 3406 686 3462 ot
706 3416 905 3479 consequens
925 3409 974 3463 est
994 3402 1188 3480 innitique,
1204 3419 1268 3478 nop
1288 3418 1346 3463 nos
1368 3396 1536 3461 necessitati

432 3499 698 3580 eonsentientes,
720 3508 757 3562 ut
776 3500 862 3561 omni
886 3501 982 3563 moto
1003 3502 1127 3563 etiamsi
1143 3502 1296 3576 nolimus,
1321 3501 1372 3563 rei
1395 3499 1476 3561 mata
1492 3496 1534 3556 rot

435 3602 516 3661 bona
539 3616 636 3679 agere
657 3618 825 3680 anqamnr.
855 3602 887 3665 Si
910 3604 995 3664 enan
1016 3604 1118 3665 nostri
1143 3602 1270 3665 arbitrii
1289 3619 1423 3674 snmus,
1445 3602 1534 3678 impu

436 3716 534 3783 guare
556 3718 613 3763 nos
635 3700 771 3764 donasse
792 3710 926 3783 possunt
948 3703 1078 3781 aliquae
1094 3703 1232 3765 virtutes
1252 3701 1293 3763 ad
1315 3710 1491 3781 pesonam,
1509 3703 1536 3757 et

436 3801 520 3863 aliae
533 3800 653 3879 juvare
666 3802 706 3863 ad
720 3803 886 3865 salutems
912 3822 975 3877 non
992 3812 1100 3866 tamen
1120 3804 1307 3865 necessitate
1322 3803 1480 3880 cogimur,
1493 3794 1533 3855 rot

436 3918 534 3980 agore
555 3912 644 3965 reate
668 3903 718 3966 vet
742 3904 826 3966 male
837 3924 851 3984 ;
871 3905 959 3985 qnod
981 3904 1052 3966 fieri
1073 3904 1278 3967 arbitrantur
1297 3904 1340 3977 ii,
1365 3903 1422 3981 qni
1441 3897 1536 3962 nean·

437 4018 511 4063 rum
532 4019 666 4065 cursum
688 4011 750 4065 eta.
767 4024 785 4061 o
801 4000 887 4067 tauto
909 4006 1020 4084 itaqne
1034 4004 1242 4067 obtestationi
1262 4018 1438 4065 consonans
1450 3996 1484 4058 in
1503 3990 1536 4054 d

434 4102 587 4181 pintolam
607 4104 650 4164 ad
670 4100 828 4167 Romanor
849 4103 951 4169 Tamo
975 4103 1029 4167 Vl.
1051 4123 1082 4167 n.
1100 4103 1130 4169 d
1145 4104 1280 4169 scribta:
1297 4124 1315 4160 s
1330 4102 1458 4167 Constat
1470 4114 1536 4174 erqo

435 4220 476 4263 ox
499 4202 547 4265 bis
571 4204 698 4278 verbis,
729 4206 848 4284 quibus
880 4204 1002 4270 Paulos
1024 4206 1120 4269 dicit:
1151 4203 1228 4286 qnia
1247 4204 1302 4266 oni
1328 4198 1472 4263 redimis
1491 4212 1534 4255 voa

437 4322 541 4364 annos
561 4305 604 4366 ad
623 4304 825 4369 odediendum
833 4348 847 4380 ,
867 4304 951 4368 sarai
969 4306 1067 4381 estis,
1098 4307 1154 4369 ani
1172 4303 1334 4376 obedistis,
1354 4301 1417 4365 sias
1432 4292 1537 4379 prccad

439 4403 503 4467 sine
517 4403 678 4484 justitiae,
698 4410 773 4487 quia
795 4419 909 4488 sponte
931 4416 1037 4471 nostra
1067 4410 1127 4488 ipsi
1149 4426 1207 4471 nos
1226 4407 1435 4477 exhibemus,
1455 4397 1534 4460 ⁰⁰¹¹⁰

443 4512 596 4582 cogente,
621 4504 671 4567 vei
695 4516 827 4586 peceato
857 4512 1002 4586 serviro,
1026 4508 1075 4572 vot
1094 4508 1240 4590 justitiae
1261 4523 1321 4587 per
1340 4500 1532 4569 obedientiam
