3375 5567
158 803 207 865 ire
224 815 323 880 aquus
344 797 384 860 de
405 803 559 878 puteos«
583 795 741 874 Rebecca,
756 797 860 879 iuquit
882 817 912 860 u.
935 798 965 864 2.
982 796 1127 878 quotidie
1146 795 1251 858 venio·

189 903 246 966 tad
263 918 394 983 squam.
410 897 452 964 Et
465 900 541 980 quia
556 902 703 980 quotidie
719 902 854 965 vsesbrt
869 899 908 963 sd
925 907 1053 981 puteos,
1071 899 1191 962 idcirco
1206 897 1253 959 iu·

204 1006 241 1067 iri
261 1004 368 1083 potuit
390 1019 408 1063 c
430 1018 535 1080 puero
559 998 738 1075 Abrabam,
760 1009 793 1066 et
813 1003 845 1063 in
869 1000 1111 1064 matrimonium
1133 998 1249 1062 sociari

224 1125 241 1166 ·.
255 1103 345 1167 ilaec
359 1103 487 1165 tabutas
508 1103 628 1182 putatis
644 1121 713 1165 esse
722 1123 735 1183 3
751 1111 783 1166 et
804 1103 955 1166 historias
970 1119 1106 1164 narrare
1122 1101 1153 1161 iu
1164 1098 1250 1162 Seri-

222 1205 414 1286 .s'Spiritum
432 1203 612 1268 Sanctum?
627 1205 817 1268 Animarum
832 1213 883 1268 est
902 1205 960 1267 ista
976 1203 1119 1266 eruditio
1137 1209 1170 1263 et
1189 1202 1252 1280 spi·

154 1306 244 1368 rotatis
263 1306 424 1368 doctriua:
439 1324 525 1384 quae
548 1313 579 1369 te
599 1307 736 1368 instituit
750 1313 783 1367 et
797 1306 892 1370 docet
912 1304 1058 1386 quotidie
1080 1301 1190 1365 venire
1210 1301 1250 1364 ed
1338 1379 1339 1382 Ἴ

153 1413 255 1484 puteos
275 1422 437 1485 aquarum
458 1413 520 1469 etc.
547 1425 564 1463 c

221 1503 262 1568 lit
283 1505 339 1568 ubi
360 1503 563 1584 paradoxum
578 1505 610 1567 io
631 1503 873 1568 bocsermooe?
894 1521 1001 1568 cume
1022 1504 1117 1584 gestis
1133 1501 1254 1566 Rebec-

156 1621 204 1668 ιιι
222 1605 301 1668 idest
327 1623 369 1668 es
392 1607 492 1685 ipsius
513 1608 644 1686 pietate,
669 1605 857 1680 sedulitate,
880 1605 1048 1684 potientis,
1072 1603 1254 1668 bumilitate

154 1707 328 1786 exemptum
350 1708 540 1770 retrectaait
558 1705 715 1787 Origenes
736 1709 768 1768 in
787 1705 1002 1770 eruditionem
1025 1706 1208 1768 animarum
1222 1713 1256 1767 et

154 1809 269 1888 pietatis
289 1806 503 1888 protectum?
524 1807 667 1889 ideoque
688 1809 808 1889 siebat,
831 1826 916 1888 quae
937 1808 977 1870 de
998 1807 1145 1870 Rebecca
1170 1805 1256 1870 Scri·
1312 1805 1314 1810 '

156 1916 241 1988 ptura
262 1919 385 1985 narrat,
407 1928 471 1972 uon
492 1919 529 1972 ut
548 1910 709 1987 simplices
730 1911 931 1975 narrationes
952 1907 1136 1988 accipienda
1165 1913 1254 1982 sunt,

157 2009 314 2089 inquibus
336 2011 426 2074 suita
447 2011 582 2091 spiritus
601 2010 756 2085 eruditio,
778 2028 837 2074 uec
858 2011 987 2091 pietatis
1007 2013 1253 2073 incrementum.

157 2108 233 2174 litio
253 2111 302 2174 bis
323 2111 415 2176 dictis
429 2129 465 2175 se
484 2131 519 2174 se
541 2111 643 2175 reteri
655 2112 811 2191 Origenes
822 2112 862 2173 ad
878 2130 928 2187 ea,
947 2128 1032 2192 quae
1046 2111 1258 2191 praemiserat

157 2229 182 2272 n.
200 2209 228 2277 1.
249 2231 305 2276 eos
320 2213 518 2292 redarguens
539 2213 743 2288 christianos,
759 2216 815 2293 qui
837 2213 876 2274 ed
899 2212 1068 2276 ecetesiam
1086 2210 1257 2274 convenie-

157 2312 224 2376 brut
242 2331 340 2378 ecusa
361 2333 549 2379 communes
561 2336 603 2379 es
625 2333 688 2380 usu
711 2315 833 2377 terendi
851 2313 990 2387 inbutas,
1015 2321 1171 2392 tergaque
1188 2329 1259 2376 rer-

159 2415 271 2478 tendis
295 2417 396 2478 verbo
415 2414 488 2492 Dei,
506 2416 557 2480 rel
577 2417 728 2480 adiriois
748 2417 962 2492 lectionibus3
984 2414 1184 2494 disputantes
1197 2416 1259 2476 sci·

157 2513 224 2577 ticet
242 2515 282 2578 de
302 2516 438 2579 historia
461 2515 649 2593 Rebeccae,
671 2518 765 2581 etde
786 2519 846 2593 iis,
869 2535 954 2596 quae
975 2517 1016 2580 ab
1039 2516 1255 2579 hebraeorum

159 2616 318 2681 traditione
338 2618 516 2680 didicerant
535 2621 622 2683 circa
643 2619 789 2683 eamdem
811 2619 1000 2692 historiam,
1023 2634 1144 2696 easque
1166 2615 1259 2679 iabu-

160 2716 200 2780 tes
208 2738 218 2797 3
239 2738 319 2798 quas
340 2720 417 2783 dicit
438 2719 614 2799 Apostolus
634 2720 721 2784 beud
743 2722 895 2802 pietatem
917 2719 1101 2795 aedificare,
1129 2716 1184 2782 sed
1208 2734 1262 2779 ιι·

163 2834 209 2881 ιιι
228 2837 408 2900 provocare
427 2823 632 2901 quaestiones
651 2829 746 2886 extra
766 2822 917 2903 spiritum
940 2819 1079 2883 litterae.

230 2918 386 3002 Deinceps
404 2923 467 2985 sub
495 2923 607 2986 eadem
629 2921 786 2986 relatione
814 2923 998 3001 etquidem
1026 2921 1262 2996 manifestiori,

163 3033 249 3094 quam
262 3039 348 3100 quae
360 3031 454 3084 autea
474 3023 682 3086 discussimus
697 3023 736 3084 de
754 3021 899 3084 Rebecca
914 3025 999 3085 eirca
1014 3019 1140 3103 [obuiae
1156 3041 1264 3098 usum,

162 3121 248 3195 reoit,
270 3122 359 3201 quod
375 3121 515 3188 Homiiis
533 3121 570 3185 V.
586 3123 618 3185 in
632 3124 783 3186 eumdem
798 3121 934 3186 bibrum
954 3141 984 3184 n.
1001 3121 1031 3187 3.
1048 3122 1093 3186 eit
1107 3121 1264 3203 Origenes

163 3217 197 3281 de
215 3223 337 3287 incestu
358 3223 455 3299 Loth,
467 3225 510 3287 ita
526 3223 755 3288 discussionem
769 3242 962 3305 eggressus:
980 3246 996 3284 ιι
1015 3224 1088 3288 Post
1106 3227 1185 3288 baec
1197 3224 1264 3304 jum

164 3321 297 3387 retertur
316 3326 373 3387 iiia
395 3325 608 3404 [sacerrimo
625 3326 754 3406 sabain,
777 3328 808 3387 in
829 3345 894 3406 qua
917 3328 1071 3391 scribitur
1091 3327 1173 3389 filias
1194 3327 1264 3407 ejus

165 3429 226 3486 srtc
245 3425 369 3489 iuratae
390 3427 597 3490 concubitum
619 3430 730 3508 patris.
759 3426 794 3490 io
819 3447 886 3508 quo
908 3430 1014 3492 nescio
1038 3429 1139 3507 siquis
1162 3433 1266 3507 potest

167 3541 314 3591 excusare
329 3529 372 3590 ite
385 3526 482 3603 Lotb,
500 3537 625 3592 etcum
648 3529 822 3592 immunem
847 3531 974 3592 saciata
990 3540 1133 3610 perceio.
1151 3527 1266 3608 Neque

166 3642 268 3691 rursus
289 3632 333 3692 ita
354 3647 430 3693 eum
451 3629 669 3692 recusandum
691 3639 784 3710 puto,
804 3639 840 3692 ut
858 3638 921 3692 tem
936 3632 1042 3711 gravis
1065 3631 1174 3692 incesti
1198 3629 1267 3691 tien

84 3780 85 3783 ,
164 3724 398 3794 deberimus.»
412 3730 747 3810 Apertissimeituque
767 3730 924 3812 Origenes
940 3732 1036 3812 buius
1054 3732 1204 3794 iocinoris
1222 3731 1268 3792 bi·

166 3832 288 3893 storism
307 3841 401 3894 vocat
414 3832 568 3912 [obuiam.
584 3832 735 3895 Attamen
751 3851 851 3913 rogo:
871 3848 982 3912 reapse
999 3834 1093 3895 telem
1111 3835 1268 3895 narratio·

168 3943 229 3991 uem
244 3935 407 4011 reputavit
425 3930 583 4013 saboiam,
604 3931 686 3995 idest
709 3932 896 4012 figmentum
916 3949 1031 3995 eorum
1054 3934 1166 4008 instar,
1183 3951 1268 4014 quae

167 4040 268 4105 poetae
295 4032 429 4112 gentiles
457 4034 660 4097 adornarunt
680 4034 720 4098 dc
740 4034 800 4096 diis
830 4031 926 4097 suis?
952 4034 1020 4095 but
1051 4033 1268 4114 mythologice

168 4131 310 4206 protense
333 4135 514 4213 portionem
537 4134 734 4198 existimarit
759 4133 894 4198 Genesis
918 4135 1084 4197 historiam
1111 4134 1150 4196 de
1172 4132 1268 4206 Lotb,

169 4240 217 4292 rut
234 4234 406 4312 quemdam
428 4235 662 4313 imaginationis
685 4234 820 4309 tostum,
837 4242 871 4298 et
890 4244 983 4299 estro
1008 4237 1056 4297 rei
1076 4233 1271 4298 veritatem?

170 4325 212 4390 dn
230 4336 336 4411 potius
362 4334 548 4416 hujusmodi
569 4335 694 4399 iacinus
717 4337 855 4417 ejusque
876 4335 1133 4400 circumstantias
1158 4336 1269 4398 iocum

171 4429 306 4498 babuisse
328 4437 475 4515 putarit3
500 4445 533 4498 ct
548 4435 630 4500 Lotb
653 4437 785 4500 restiter
805 4437 933 4500 ebrium
955 4455 1028 4499 eum
1053 4435 1180 4499 fliiebus
1203 4437 1269 4496 suis

170 4536 389 4610 concubuisse,
414 4555 534 4615 eumue
557 4539 740 4617 concepisse
761 4555 799 4600 ac
821 4539 981 4616 peperisse
1009 4535 1098 4600 ete?
1114 4537 1160 4599 Ac
1176 4536 1268 4610 ideo,
