3375 5567
1215 566 1255 636 57

597 664 736 734 CAPUT
762 666 799 730 V.

165 868 290 951 &siler
305 822 440 936 restem
460 872 612 936 samm
633 870 784 937 Hostium
802 871 892 936 eirea
913 870 1061 953 Oripenis
1075 870 1255 935 dostram

193 974 225 1037 is
239 983 354 1038 austro
373 974 568 1056 napsiorstas.

165 1220 287 1343 Eadem
298 1278 521 1344 sollieitudine
534 1294 672 1360 pergens
685 1276 825 1345 Hostias
845 1278 1003 1343 adversos
1016 1277 1191 1359 Origenem
1213 1275 1256 1340 oli

162 1382 281 1445 eamdem
301 1380 407 1446 eislem
437 1381 623 1461 inscriptam
644 1383 827 1461 opinionem
850 1382 889 1443 (le
911 1382 1100 1446 transitione
1123 1380 1255 1462 angolo-

162 1500 219 1545 ran
235 1482 419 1548 manmena
441 1500 594 1563 corpora,
610 1500 652 1545 ox
668 1479 770 1547 Tomo
788 1480 861 1546 xit.
884 1500 913 1545 ιι.
930 1479 981 1550 30.
998 1480 1254 1556 insolitarum,

162 1582 224 1645 isse
240 1589 344 1647 notat:
360 1603 380 1642 s
397 1579 487 1644 Viros
505 1580 672 1645 tamisae
685 1591 714 1643 et
725 1579 959 1645 illustrioribus
972 1601 995 1644 o
1011 1582 1074 1646 Deo
1093 1582 1186 1646 sionis
1205 1601 1258 1646 er·

163 1692 247 1760 snos,
261 1684 391 1763 ospelos
404 1700 469 1745 esse
483 1680 618 1746 amisis
640 1681 801 1764 Oripsnes.
815 1702 832 1740 s
847 1681 910 1747 lsts
926 1701 1027 1765 porro
1040 1685 1196 1765 supponit
1216 1702 1257 1747 ex

163 1786 349 1865 equentibus
363 1787 467 1866 ipsias
490 1785 597 1849 serbis
610 1806 619 1848 s
633 1806 651 1845 ι
663 1783 747 1851 Nam
759 1768 863 1849 Filios
878 1785 1015 1849 hominia
1037 1793 1195 1849 sentnrns
1210 1791 1260 1849 en

166 1886 362 1969 iamajeslate
386 1886 491 1951 Patris
522 1888 597 1962 sni,
623 1904 687 1950 non
716 1888 830 1964 solus,
852 1886 906 1951 sed
938 1903 1013 1950 enm
1034 1885 1156 1966 angelis
1176 1884 1256 1950 snio.

164 1984 194 2051 lit
207 1989 231 2050 si
246 1989 428 2069 intelligere
448 1996 540 2069 potes
554 2006 666 2052 omnes
685 1978 896 2070 cooperarios
912 1985 1024 2065 Verbi,
1046 1988 1135 2069 qnod
1158 1988 1189 2052 in
1208 2004 1259 2051 sa·

165 2090 258 2169 pientio
272 2090 529 2168 demonstratas,
541 2090 629 2171 qnod
650 2099 700 2154 est
719 2088 887 2167 Christus,
903 2092 1128 2155 convenientes
1148 2091 1191 2167 ei,
1215 2091 1262 2154 ri·

164 2188 234 2254 ess
249 2190 419 2272 pnomoslo
439 2192 528 2255 renit
557 2189 662 2255 Filias
683 2191 821 2255 hominis
840 2192 873 2254 in
894 2191 1062 2274 maiestate
1084 2190 1189 2256 Patris
1208 2192 1260 2257 sni

165 2308 222 2355 enm
238 2294 358 2375 angelis
378 2294 459 2358 snis.
484 2291 601 2374 angeli
621 2293 707 2357 enim
733 2293 822 2359 illias
841 2300 919 2358 snat
938 2293 1173 2375 prophetarum
1193 2312 1261 2359 ser·
1292 2286 1297 2293 ’

166 2408 253 2460 nones
263 2441 360 2459 .....
382 2394 476 2460 Sient
494 2401 606 2460 entem
627 2396 715 2459 renit
737 2392 840 2459 Filias
861 2394 999 2458 hominia
1021 2394 1052 2457 in
1074 2393 1178 2476 gloria
1202 2393 1263 2460 Pa·

166 2495 208 2559 tra
222 2498 282 2574 soi,
296 2501 345 2567 sie
362 2497 600 2580 prophetaram
621 2514 787 2562 sermones
806 2496 913 2577 angeli
928 2494 1016 2573 laeti,
1034 2498 1166 2561 reninnt
1185 2514 1261 2562 cnm

166 2612 194 2657 eo
214 2599 390 2679 stessQns
411 2604 539 2665 ratione
558 2616 639 2663 sero
669 2597 810 2662 Raetias
830 2614 931 2661 ansus
950 2598 992 2661 sil
1022 2598 1078 2661 lale
1097 2606 1261 2666 errantem

166 2714 278 2779 ansere
303 2702 483 2784 Origenem
512 2719 576 2765 non
598 2700 702 2766 risten.
738 2698 809 2782 lpse
829 2702 876 2764 ait
897 2698 1074 2779 Origenes,
1096 2717 1261 2765 sermones

120 2855 121 2880 p
167 2802 377 2881 prophetarem
399 2806 539 2868 erasisse
558 2802 704 2882 angelos,
726 2819 791 2866 non
807 2820 886 2867 vero
907 2800 1039 2882 angelos
1061 2800 1163 2867 laetos
1184 2820 1260 2882 pro·

120 2945 121 2984 ι
167 2900 271 2981 piens,
291 2905 430 2971 illoram
451 2914 567 2968 natans
595 2904 735 2986 spiritali
755 2906 788 2968 in
808 2921 1001 2985 corpoream
1033 2909 1261 2967 transmutata.

120 2993 121 3064 3
168 2998 244 3068 itini
261 3009 346 3072 enim
367 3016 418 3073 est
436 3008 500 3073 sni
520 3007 729 3088 metaphorae
748 3006 856 3088 specie
877 3006 986 3069 linere
1011 3009 1072 3084 (nt
1094 3004 1165 3071 volt
1185 3004 1261 3069 Ori·

122 3775 124 3890 l

123 3979 124 3988 χ
229 3908 313 3977 ilaee
325 3916 414 3978 enim
437 3913 535 3977 rerba
552 3910 718 3976 rarimotle
731 3928 793 3992 pro
807 3927 899 3975 more
920 3928 982 3975 sno
997 3908 1175 3990 explanans
1189 3906 1264 3980 Ori·

123 4043 124 4054 ¹
173 4020 257 4088 Μ,
276 4014 410 4080 serinii:
433 4012 538 4080 «Non
555 4031 667 4077 omnes
687 4014 783 4093 primi
797 4018 896 4075 ernnt
916 4009 1094 4086 nornsimi,
1117 4028 1175 4073 neo
1195 4024 1265 4071 ona·

174 4120 214 4169 ses
229 4116 389 4179 novissimi
409 4123 507 4179 ernnt
526 4113 635 4195 primi.
658 4110 741 4177 Snnt
760 4112 845 4177 enim
865 4113 924 4192 qni
946 4111 1040 4193 primi
1063 4109 1209 4186 inerant,
1230 4117 1264 4174 et

175 4206 358 4281 nihilominus
378 4223 569 4298 permanent
588 4215 706 4296 primi,
727 4213 813 4278 aient
834 4210 982 4293 Apostoli
1004 4210 1138 4290 Christi,
1159 4212 1216 4292 qui
1238 4211 1264 4273 i·

124 4383 125 4412 1
174 4310 298 4379 meilis
317 4316 413 4381 iners
427 4316 469 4380 ale
487 4316 609 4381 semim
624 4312 863 4394 limessani
877 4313 974 4377 etism
989 4313 1189 4401 nuneprimi
1207 4312 1265 4375 ha·

124 4465 125 4478 .
177 4400 288 4477 lentare
308 4425 341 4483 st
356 4423 434 4483 sont
448 4416 613 4483 novissimi
627 4412 837 4481 nihilominus
852 4428 1099 4507 permaneam,
1109 4414 1165 4500 qni
1186 4412 1269 4479 male

168 3106 257 3184 lew)
276 3110 514 3192 prophetaram
537 3108 686 3173 vaticinia
706 3107 873 3189 praeiisse,
890 3107 982 3188 qussi
1004 3105 1150 3188 angelos,
1167 3104 1262 3171 Chri·

121 3211 122 3258 3
168 3204 197 3265 sti
212 3207 373 3286 alrentni,
395 3216 430 3274 et
447 3211 495 3275 sie
513 3227 590 3275 enm
611 3228 658 3274 eo
673 3217 829 3273 rentnros
853 3208 885 3271 in
910 3208 1096 3289 majestate3
1119 3213 1153 3271 et
1171 3205 1261 3271 slintl

121 3345 122 3372 t
169 3312 205 3367 ssl
222 3317 332 3390 potsse
346 3312 539 3393 prophetas,
561 3312 694 3393 propria
719 3317 857 3385 motata,
878 3308 1068 3374 eoelestinm
1086 3309 1262 3392 spirilnnm

168 3422 272 3476 sanem
290 3422 457 3488 osteum,
478 3414 676 3495 angelosque
688 3412 839 3477 eradere.
862 3410 1016 3476 Ceteram
1030 3429 1105 3475 enm
1125 3413 1185 3474 isto
1202 3428 1261 3490 per

168 3522 193 3566 ⁸0
203 3518 331 3587 meunt,
347 3512 390 3575 ari
411 3511 510 3574 aliam
532 3519 735 3577 transeamus
749 3508 860 3576 Raetii
882 3510 1066 3575 illusionem
1087 3508 1263 3590 Origenem

169 3606 369 3690 rosanensis
383 3613 427 3675 ob
439 3630 477 3677 es
491 3630 577 3693 qaae
590 3612 744 3694 exposuit
754 3608 857 3675 Temo
868 3606 937 3674 XV.
950 3628 981 3671 ιι.
993 3606 1044 3675 ati.
1058 3607 1110 3675 27.
1128 3610 1158 3673 in
1173 3627 1265 3675 enm·

170 3704 224 3771 len
242 3710 479 3797 Evangelistam
500 3732 543 3779 ex
557 3712 677 3781 Christi
697 3713 874 3779 sententia:
894 3709 990 3773 multi
1010 3708 1093 3774 enirn
1113 3718 1190 3775 sont
1210 3727 1264 3774 oo-

170 3806 230 3885 ίίίί,
242 3814 337 3892 pasci
355 3832 430 3877 nero
449 3811 549 3878 elsets'.
