3375 5567
536 794 715 876 Praecipue
737 810 816 859 sero
839 792 1057 875 momentique
1073 791 1252 875 parissimi
1273 792 1306 855 tn
1325 790 1385 853 bac
1405 788 1546 869 quaestio·

454 916 494 962 ne
514 897 631 962 statde
652 897 745 961 unica
760 894 879 961 Christi
902 896 934 959 in
955 912 1053 960 carue
1068 895 1213 976 passione
1235 902 1268 957 ιι
1288 898 1406 967 morte,
1424 907 1479 955 nee
1496 907 1545 955 un·

453 1017 551 1080 quam
568 998 755 1079 repetenda,
772 997 1002 1073 testimenium,
1021 1013 1089 1077 qno
1111 994 1322 1059 Adamantius
1338 999 1446 1055 contra
1464 1007 1548 1071 quas·

453 1102 526 1166 dem
548 1109 692 1182 pugnat,
722 1106 901 1165 asserentes
920 1096 1043 1161 similia
1066 1097 1139 1179 pati
1158 1114 1276 1160 ιιιιιιιι
1300 1112 1362 1158 erse
1386 1090 1549 1165 Οιιιιιιιιι,

450 1213 489 1267 ιιι
508 1201 639 1266 libcrari
654 1200 779 1284 possim
798 1199 892 1266 elium
912 1199 940 1262 ii
948 1244 961 1277 ,
985 1218 1062 1281 quor
1082 1198 1118 1263 ie
1134 1196 1298 1280 praesenti
1318 1196 1386 1261 nitu
1406 1194 1548 1277 dispersu·

452 1303 549 1369 tioeir
569 1305 637 1387 ejas
657 1302 816 1367 medicina
833 1321 952 1367 rumare
971 1320 1036 1365 nou
1052 1300 1168 1383 pulait.
1193 1300 1286 1379 Quae
1310 1300 1407 1365 serbe
1426 1300 1482 1363 etsi
1500 1298 1548 1361 oli·

453 1407 484 1469 bi
504 1425 523 1469 a
545 1425 597 1469 me
617 1407 735 1486 partim
756 1424 897 1487 expensa
917 1404 1000 1482 sint;
1034 1411 1139 1467 umen
1160 1403 1222 1467 buc
1243 1402 1274 1466 in
1305 1402 1381 1466 locu
1406 1400 1550 1483 aptissima

452 1508 647 1572 adversariis
660 1509 778 1571 uostris
792 1506 972 1589 objicienda
991 1506 1150 1585 subeant;
1173 1514 1211 1571 ut
1231 1504 1384 1585 deniqne,
1398 1503 1424 1567 si
1438 1520 1548 1567 meeum

452 1610 626 1674 conuenire
646 1610 768 1685 nolint,
802 1610 988 1690 antilogium
1018 1610 1180 1685 sentiant,
1213 1608 1245 1670 in
1266 1624 1366 1689 quum
1388 1604 1550 1670 necessario

452 1719 484 1775 ιι
504 1710 635 1791 qnidam
656 1712 845 1776 stultissime
874 1711 985 1792 lapsus
1007 1718 1091 1775 esset
1122 1709 1290 1791 Origenes,
1313 1708 1549 1793 adeo„scilicct,

452 1823 500 1889 nt,
516 1815 645 1895 quaein
663 1814 833 1878 haereticis
848 1812 1017 1889 refutarit,
1040 1812 1331 1893 condemnusitqne
1349 1812 1451 1877 ueluti
1467 1810 1551 1883 iales,

450 1934 487 1981 ca
509 1917 575 1997 ipsa
600 1926 753 1998 tanquam
775 1934 853 1981 scra
875 1916 987 1979 deiude
1008 1914 1293 1997 complecteretur.

529 2038 546 2077 a
568 2015 658 2082 Unde
680 2019 804 2093 miror,
826 2019 932 2099 inquit
958 2016 1057 2081 Libro
1074 2015 1118 2079 ι’.
1140 2036 1171 2079 n.
1192 2012 1242 2084 10.
1265 2014 1301 2080 ie
1326 2015 1498 2098 Epistulam
1517 2010 1551 2075 ud

449 2116 621 2194 Romanor,
638 2120 795 2201 quosdam
817 2129 930 2183 contre
946 2120 1028 2182 bunc
1040 2120 1311 2182 evidentissimam
1329 2117 1425 2183 Pauli
1444 2124 1552 2181 senten

451 2224 527 2285 tiam
549 2223 645 2301 (mers
664 2222 693 2285 ri
711 2222 801 2286 ultra
820 2240 886 2285 uass
906 2219 1136 2299 dominabitur)
1160 2223 1244 2285 selle
1265 2238 1413 2287 asserere
1426 2219 1509 2302 quod
1526 2218 1552 2279 in

448 2325 569 2390 lutaris
589 2325 708 2389 iterum
722 2322 854 2401 seculis,
879 2323 931 2388 rel
945 2323 1070 2399 eadem,
1089 2323 1140 2387 rel
1159 2324 1275 2387 similia
1292 2324 1360 2403 pati
1376 2336 1501 2386 necesse
1518 2321 1552 2383 sit

446 2424 627 2499 Christum,
643 2434 680 2489 ιιι
699 2425 834 2488 liberari
856 2426 978 2506 possint
998 2425 1093 2488 etium
1116 2425 1161 2501 bi,
1176 2444 1259 2505 qnos
1280 2426 1312 2485 iu
1334 2424 1494 2505 praesenti
1515 2422 1551 2482 vi·

449 2537 480 2590 ta
501 2526 744 2608 dispensationis
765 2526 836 2607 ejus
858 2525 1013 2589 medicina
1043 2543 1157 2589 sanare
1179 2542 1242 2589 uun
1264 2526 1383 2605 potuit.
1408 2544 1424 2582 o
1447 2520 1552 2587 Deinde

448 2626 625 2708 interjectis
645 2627 735 2691 sanis
754 2626 1022 2691 aduersariorum
1044 2626 1262 2707 argumentis,
1283 2625 1417 2689 subdit:
1439 2645 1456 2683 ι
1478 2621 1553 2686 Haec

446 2748 526 2811 erqo
547 2739 579 2794 ιι
600 2730 648 2794 bis
668 2730 785 2794 similia
808 2737 1033 2810 proponentes,
1050 2728 1178 2793 easdem
1199 2730 1296 2792 etiam
1318 2728 1352 2791 in
1375 2728 1494 2793 tuturis
1511 2742 1552 2788 sc·

446 2832 530 2895 culis
557 2831 806 2912 dispensationes
834 2851 852 2895 ι
876 2831 1005 2897 Cbristn
1037 2830 1226 2911 repetendas
1247 2848 1315 2893 esse
1348 2830 1549 2893 arbitrantur.

444 2931 505 2997 Sed
527 2932 567 2993 ιι
590 2932 670 2995 baec
691 2950 748 2996 noa
769 2932 933 3005 breviter,
954 2937 1053 3011 prout
1074 2947 1259 3011 possumus,
1283 2928 1550 3010 respondebimus.

446 3030 580 3095 Manere
595 3033 726 3113 quidem
745 3032 932 3096 rationabili
946 3037 1083 3096 naturae
1093 3036 1222 3111 semper
1235 3030 1379 3093 liberum
1393 3028 1553 3093 arbitrium

367 3132 377 3149 ⁰
445 3150 508 3195 nou
528 3151 703 3214 negamus3
724 3132 780 3196 sed
796 3133 923 3196 'tentam
938 3150 1007 3195 csse
1029 3134 1093 3195 rim
1115 3132 1222 3195 crucis
1245 3130 1380 3208 Gbristi,
1404 3140 1438 3197 et
1452 3128 1552 3195 mortis

445 3233 531 3315 eins,
551 3252 649 3314 qnam
669 3234 702 3295 in
721 3233 910 3296 seculorum
931 3231 993 3295 bne
1014 3232 1177 3314 suscepit,
1198 3235 1375 3298 asserimus
1383 3254 1396 3315 3
1419 3250 1503 3317 qnae
1519 3228 1553 3293 ad

444 3335 613 3397 sanitatem
634 3341 668 3397 ιι
687 3333 866 3397 remedium
893 3352 955 3397 non
976 3334 1083 3396 solum
1105 3335 1283 3415 praesentis
1304 3343 1337 3399 et
1358 3334 1484 3410 lntnri,
1504 3330 1552 3395 sed

446 3438 544 3501 etism
563 3438 816 3516 praeteritorum
836 3438 1039 3511 seculorum,
1055 3440 1088 3498 et
1108 3454 1171 3501 non
1191 3437 1299 3501 solnm
1320 3438 1467 3502 hnmano
1487 3436 1554 3501 buia

450 3545 562 3601 nostro
584 3536 702 3612 ordini,
723 3539 778 3602 sed
800 3541 897 3603 ctiam
919 3536 1113 3607 coelestibus
1136 3539 1309 3605 virtutibus
1330 3542 1555 3625 ordinibusque

446 3637 594 3703 sufficiat.
616 3638 801 3705 Secundum
821 3643 1011 3705 sententium
1027 3660 1167 3725 numque
1187 3642 1287 3724 ipsius
1308 3642 1405 3707 Pauli
1418 3641 1554 3727 Apostoli

446 3736 595 3803 Christus
611 3738 794 3821 pacificavit
806 3759 863 3822 prr
876 3741 1066 3824 sanquinem
1080 3742 1186 3807 crucia
1198 3762 1272 3807 ιιιιι
1286 3762 1351 3809 uun
1363 3746 1470 3810 solum
1482 3758 1554 3827 qaae

447 3838 483 3902 io
502 3834 590 3902 lurra
608 3850 698 3915 rasel,
718 3842 772 3905 ιιι
790 3853 819 3905 ιι
838 3862 921 3923 quur
941 3842 977 3905 irs
998 3844 1100 3907 coelis.
1123 3864 1140 3902 u

525 3940 687 4023 liquibus
707 3945 857 4009 omnibns
878 3945 1139 4011 concludendum
1153 3956 1214 4023 est,
1235 3946 1417 4027 praefatam
1439 3948 1553 4031 parico-

448 4060 534 4123 pem,
555 4044 605 4107 uti
625 4044 778 4127 proditur
790 4046 822 4109 io
847 4050 993 4113 versione
1013 4047 1078 4111 diri
1094 4046 1297 4131 Hieronymi,
1311 4066 1329 4112 ιι
1344 4059 1500 4115 contextu
1519 4064 1553 4110 ae

447 4142 596 4223 Oriqcnis
614 4163 715 4226 acopo
736 4146 865 4210 variare
877 4168 888 4227 5
909 4155 943 4212 et
964 4158 1131 4227 practerea
1155 4148 1289 4228 reliquis
1309 4149 1554 4213 animadversio·

445 4244 551 4322 nibus,
574 4264 656 4327 quas
676 4247 754 4311 alibi
774 4248 813 4313 de
833 4250 948 4313 eodem
970 4256 1162 4330 argumento
1182 4248 1316 4328 collegit
1336 4248 1551 4321 Adamantius,

447 4348 612 4413 contraire
621 4370 633 4429 3
648 4349 850 4431 proindeque
867 4360 1021 4431 tanquam
1037 4351 1279 4432 interpolatam,
1295 4368 1355 4415 seu
1368 4354 1477 4432 potius
1489 4368 1556 4431 spn-

447 4448 529 4511 rlam
543 4447 625 4514 illuc
645 4452 871 4532 supervenisse
886 4463 997 4516 contra
1021 4452 1173 4517 Auctoris
1194 4462 1342 4517 mentam.
1367 4452 1554 4517 diversimo-

448 4550 488 4615 ιι
510 4568 608 4631 pnrro
630 4554 669 4617 de
691 4552 810 4619 Rudini
830 4556 1033 4620 sentiendum
1054 4556 1331 4639 interpretatione:
1349 4574 1433 4637 qnae
1453 4556 1552 4619 sensui
