3375 5567
442 656 505 722 35⁸2

855 761 994 827 CAPUT
1017 763 1149 828 xxvii.

439 960 578 1041 Speciob'
595 962 699 1027 stacio
723 964 906 1045 quaeritur,
936 983 1014 1028 eum
1027 966 1101 1047 jure
1128 986 1154 1029 s.
1187 967 1370 1031 Bustotbe'us
1397 968 1429 1029 ie
1447 967 1531 1031 citato

484 1062 711 1129 Dissertatiooc
724 1065 912 1146 corripuerit
926 1065 1092 1149 Origeeem
1106 1071 1142 1131 ob
1152 1089 1190 1133 ca
1203 1068 1365 1152 persentire
1377 1069 1412 1133 ia
1420 1072 1532 1151 publice

480 1164 628 1228 concione
648 1165 825 1245 disputavit
845 1168 881 1230 de
904 1167 1095 1247 repercussa
1113 1170 1231 1235 Eador.

445 1412 562 1561 Quod
582 1492 659 1537 vero
675 1476 706 1536 iu
722 1474 783 1536 boc
798 1474 838 1536 de
858 1491 953 1537 sensu
969 1472 1215 1554 Scripturerum
1232 1483 1373 1539 tractatu
1387 1476 1484 1555 magui
1496 1483 1535 1537 est

444 1576 609 1649 momenti,
625 1576 755 1638 eruitur
775 1575 816 1636 ab
837 1575 936 1655 ipsius
957 1574 1120 1639 Eustatbii
1136 1584 1248 1639 contra
1267 1575 1438 1657 Origene·
1452 1574 1535 1639 Libro

442 1676 484 1739 ob
507 1676 823 1756 interpretationem,
841 1694 939 1756 qnam
956 1676 1015 1738 iste
1028 1677 1160 1756 speciali
1175 1695 1324 1740 sermone
1340 1676 1535 1748 concinuerit,
1605 1708 1607 1733 1

444 1780 586 1840 instante
609 1778 771 1857 episcopo.
796 1776 880 1852 Qui,
902 1778 1038 1840 dirersis
1065 1777 1106 1839 ab
1132 1780 1202 1858 ipso
1221 1776 1364 1858 Origene
1385 1776 1537 1858 propositis

442 1878 685 1956 quaestionibus
706 1877 746 1939 de
768 1875 866 1939 Libro
888 1876 913 1939 Ι.
937 1895 964 1937 o.
983 1873 1134 1938 xxviii.
1163 1876 1311 1957 Regum,
1333 1878 1536 1957 disquiratur,

440 1983 498 2051 ait,
521 1980 557 2041 dc
581 1975 842 2057 Eopcstrimptbc
863 1978 932 2041 sire
951 1978 987 2039 de
1014 1975 1223 2059 Ventriiopuo.
1246 1976 1352 2041 Nemo
1373 1996 1468 2060 porro
1486 1996 1538 2041 nou

444 2080 543 2153 ridet,
565 2097 663 2159 quam
685 2079 786 2142 erdua
808 2081 850 2141 sit
872 2080 1059 2159 huiusmodi
1082 2084 1249 2159 quaestio:
1273 2080 1305 2141 iu
1327 2080 1538 2161 quamplures

440 2188 475 2243 ot
495 2180 591 2259 prisci
612 2188 644 2243 et
668 2179 863 2246 recentiores
884 2178 1099 2243 elaborarunt
1120 2180 1328 2259 interpretes,
1345 2178 1538 2244 multinulta

439 2282 479 2343 de
502 2282 561 2344 bec
583 2280 718 2343 historia
741 2280 981 2343 contendentes.
1605 2344 1607 2373 i

519 2379 675 2459 Origenes
698 2382 825 2443 interim
847 2381 906 2443 etsi
928 2380 968 2442 de
995 2379 1185 2445 difficultate
1207 2384 1376 2458 conscius,
1399 2383 1441 2445 ila
1459 2396 1540 2444 eror-
1605 2378 1607 2391 '

440 2482 530 2543 ditur
551 2482 797 2561 disputationem
822 2482 896 2543 talia
921 2460 1128 2561 praemittens
1149 2485 1315 2563 quaesita,
1343 2485 1423 2546 idest
1443 2483 1479 2543 de
1496 2480 1541 2543 Sa·

440 2582 556 2645 muelis
576 2590 660 2645 stato
684 2584 769 2663 apud
792 2582 925 2658 inferos,
949 2583 989 2645 dc
1009 2584 1155 2665 ejusdem
1177 2587 1370 2648 evocatione
1392 2600 1450 2665 per
1469 2580 1538 2643 Vea-

441 2682 630 2762 triloquaor,
653 2700 690 2745 ao
711 2683 751 2745 de
773 2692 931 2763 potestate
950 2685 1114 2749 daemonis
1134 2703 1234 2765 super
1254 2687 1397 2749 enimam
1417 2684 1541 2767 propbc·
1605 2762 1607 2795 1

441 2785 548 2849 ticam.
573 2781 698 2861 Quibus
722 2794 826 2847 temeu
849 2786 891 2847 ita
914 2788 1034 2864 praeit,
1057 2804 1194 2866 rogauss
1219 2784 1388 2867 «Scripta
1416 2804 1453 2848 ne
1473 2784 1540 2846 brec

437 2883 532 2952 sunt?
554 2904 629 2949 rere
652 2904 691 2949 ne
712 2904 748 2949 ea
771 2884 865 2949 sunt?
885 2903 925 2958 an
947 2905 1010 2949 uon
1030 2896 1106 2951 sunt
1129 2885 1224 2950 vera?
1244 2894 1337 2951 certe
1352 2904 1493 2951 asserere
1509 2900 1539 2945 ea
1605 2912 1607 2959 ;

442 3006 518 3051 vera
540 3005 603 3050 non
617 3006 698 3063 esse,
721 2986 752 3050 in
767 2986 987 3050 infidelitatem
1003 2987 1138 3063 inducit,
1154 2988 1313 3069 cedetque
1335 3006 1437 3068 super
1449 2987 1540 3051 diccu-
1606 3038 1607 3065 Ξ

441 3090 520 3153 tium
543 3090 659 3169 cepita.
684 3088 755 3185 llos
775 3098 885 3153 eutem
909 3108 977 3153 esse
1001 3108 1127 3164 rerum,
1143 3089 1402 3170 disquisitionem
1419 3086 1542 3151 etdubi
1605 3078 1607 3141 l

441 3193 592 3253 tationem
624 3190 715 3255 nobis
736 3192 878 3255 exbibet.
912 3187 1073 3253 »Deinde
1100 3192 1273 3255 nonnullos
1300 3192 1383 3255 citet
1409 3195 1541 3271 putantes

441 3290 688 3372 ventriloquam
709 3310 777 3355 esse
799 3294 976 3367 mentitam,
998 3290 1182 3355 Samuelem
1198 3310 1262 3355 non
1282 3311 1354 3355 esse
1369 3298 1539 3359 eromtuu,

440 3410 545 3470 aeque
566 3392 724 3455 locutum.
749 3391 814 3455 Alii
837 3392 969 3469 insuper
991 3390 1104 3453 lalsam
1126 3398 1275 3472 putantes
1298 3392 1468 3456 historiam
1488 3387 1542 3466 eje·
1605 3384 1607 3459 ,

441 3494 538 3556 baut:
562 3514 578 3553 u
599 3493 730 3558 Samuel
752 3493 837 3573 apud
860 3490 999 3557 inlesos?
1019 3492 1151 3557 Samuel
1175 3489 1427 3572 sventrilcque
1447 3488 1542 3555 educi·

441 3605 507 3669 tur,
530 3596 762 3675 prophetarum
785 3595 937 3669 eximius,
959 3594 1000 3656 ab
1022 3596 1089 3675 ipsa
1112 3596 1279 3658 nativitate
1295 3594 1367 3659 Oen
1388 3608 1542 3657 consecra·

441 3694 539 3759 tusi.
629 3695 759 3762 Samuel
774 3696 805 3757 in
819 3695 1052 3771 subterraneis,
1075 3696 1161 3776 apud
1183 3692 1324 3759 inloros?
1344 3714 1457 3778 quem,
1477 3708 1542 3757 cum

438 3798 545 3859 adbuc
566 3815 649 3877 puer
669 3804 764 3871 esset,
788 3793 875 3858 lleus
889 3796 1054 3859 allocutus
1075 3804 1135 3870 est,
1158 3814 1309 3877 quaeque
1324 3796 1491 3876 magnilica
1510 3810 1542 3854 ac

440 3898 621 3978 prodigiosa
643 3894 817 3978 explerit?
838 3894 969 3959 Samuel
990 3896 1076 3975 apud
1093 3894 1232 3960 inlesos?
1253 3915 1359 3975 quare
1381 3915 1445 3959 nou
1458 3903 1490 3958 et
1508 3892 1544 3957 a·

440 3998 574 4060 brebem
596 4004 629 4059 ct
650 3994 739 4059 lseac
759 4006 791 4061 et
812 3996 915 4060 incon
936 3996 1022 4077 apud
1046 3996 1167 4059 iulcros
1188 3994 1310 4061 suntl.
1325 4044 1333 4058 .
1350 3995 1462 4059 .Telir
1482 3994 1546 4073 qui·

439 4101 511 4163 dem
534 4099 631 4172 dicet,
653 4099 709 4178 qai
730 4096 915 4163 Samuelem
937 4116 1053 4162 resera
1075 4098 1230 4161 eductum
1249 4116 1322 4163 esse
1350 4096 1543 4179 pertendere,

439 4218 477 4262 rc
499 4216 706 4281 propugnare
727 4216 790 4261 non
814 4200 895 4263 vult.
920 4218 936 4256 e

520 4298 609 4363 llaec
630 4306 662 4363 et
675 4300 790 4363 similia
812 4300 911 4363 sensit
924 4297 1081 4381 Origenes
1101 4299 1161 4363 sibi
1175 4299 1216 4361 ab
1230 4297 1427 4363 adversariis
1441 4294 1539 4377 objici.

441 4398 528 4477 Quid
541 4418 618 4465 tero
630 4408 741 4463 contra
757 4402 814 4465 ista
831 4400 956 4482 objecta
975 4395 1252 4482 respondendum?
1263 4398 1340 4477 Quo
1352 4398 1403 4464 rel
1415 4399 1543 4475 inquom

440 4520 519 4565 suus
542 4500 715 4566 vertendus
736 4520 843 4567 sermo
864 4500 958 4567 erat?
980 4500 1131 4567 Proiecto
1160 4510 1272 4567 contra
1295 4520 1371 4578 cos,
1392 4498 1543 4579 (quisque
