3375 5567
420 686 461 755 96

330 798 336 806 ·
418 793 518 855 retica
541 794 772 877 confutaverit:
789 805 822 859 et
837 806 949 861 contra
972 816 1057 879 quoe
1079 802 1291 881 praecipuum
1312 818 1403 863 suum
1423 802 1508 865 collo·

422 898 509 959 cavit
521 899 664 961 studium
674 920 686 979 3
709 907 839 981 praeter
851 901 932 964 illud
952 902 1038 981 quod
1054 902 1299 982 supponendum
1315 901 1408 973 toret,
1422 904 1509 981 ipsum

421 1002 453 1059 in
475 1000 587 1061 eodem
607 1001 694 1063 lihro
715 1003 878 1065 contraria
900 1002 1018 1065 dixisse
1040 1004 1121 1085 tttts,
1139 1022 1224 1083 quae
1246 1004 1344 1084 paulo
1365 1012 1444 1079 ante,
1470 1005 1510 1065 vel
1568 1027 1569 1045 ι

422 1100 523 1181 paulo
545 1110 627 1180 post,
650 1110 682 1165 et
703 1102 840 1166 fortasse
861 1105 894 1167 in
915 1106 984 1184 ipso
1006 1106 1110 1183 capite
1132 1113 1164 1167 et
1186 1106 1406 1187 paragrapho,
1425 1106 1514 1185 limpi·
1569 1119 1570 1151 t

423 1201 463 1261 de
484 1200 667 1280 affirmarit.
1570 1211 1571 1233 ι

502 1302 554 1366 Ob
583 1305 664 1369 hauc
686 1306 785 1383 igitur
811 1313 844 1368 et
864 1306 944 1369 alias
973 1305 1117 1387 ejusdem
1141 1307 1265 1387 generis
1294 1324 1427 1382 causas,
1454 1322 1516 1367 cum
1571 1304 1572 1335 l

419 1405 569 1485 ,quotidie
589 1406 621 1468 in
644 1424 693 1469 me
714 1407 812 1471 duhia
834 1418 1035 1488 augerentur
1055 1416 1088 1472 et
1111 1408 1322 1489 suspiciones,
1347 1424 1454 1471 revera
1477 1426 1519 1468 ca·
1572 1393 1573 1429 ³

424 1506 547 1568 tamum
570 1507 755 1571 mendacem
777 1509 808 1570 iu
829 1508 957 1571 codices
977 1526 1110 1589 graecos
1134 1508 1327 1573 Periurchon
1348 1510 1518 1589 irrepsisse,

426 1626 548 1687 eosque
567 1610 746 1688 speciatim,
769 1628 853 1689 quos
875 1628 952 1689 prae
974 1612 1119 1674 manibus
1142 1611 1254 1673 hahuit
1278 1613 1437 1691 vertitque
1460 1608 1522 1672 ttte-
1575 1682 1576 1689 ἵ

427 1727 607 1793 ronymus3
621 1713 700 1791 quin
713 1712 831 1784 dicam,
849 1712 880 1773 in
893 1712 1042 1791 pluribus
1063 1712 1208 1794 ejusdem
1224 1711 1380 1775 Auctoris
1401 1712 1523 1774 locutio-

427 1813 522 1876 nibus
551 1815 727 1896 genuinum
749 1814 882 1878 latuisse
907 1833 1034 1878 sensum
1061 1816 1104 1878 oh
1124 1815 1340 1895 interpretum
1362 1816 1524 1891 incuriam,

428 1900 587 1995 peculiari
617 1916 724 1978 studio
748 1915 852 1977 risum
880 1926 929 1978 est
950 1918 1026 1979 mihi
1056 1935 1122 1981 rem
1146 1914 1291 1979 funditus
1322 1916 1525 1995 perscrutari,

429 2035 543 2079 causas
564 2026 597 2079 et
617 2034 820 2097 progressus,
841 2018 961 2097 quibus
976 2019 1006 2081 iu
1023 2016 1166 2082 Ecclesia
1187 2018 1369 2082 Christiana
1393 2018 1528 2099 postoli·

431 2126 500 2181 tum
522 2118 696 2199 praecipue
717 2118 816 2197 ipsius
838 2118 1040 2194 Menoetii,
1066 2126 1113 2182 tot
1141 2127 1294 2198 tantaque
1325 2127 1432 2182 errata
1453 2118 1529 2180 calu-

431 2222 553 2285 muiose
574 2221 677 2283 eidem
700 2220 964 2283 inscriberentur.
985 2218 1074 2283 Unde
1096 2221 1217 2284 iactum
1244 2229 1316 2294 est,
1341 2227 1379 2284 nt
1404 2222 1476 2283 tanti
1496 2222 1531 2279 vi·

433 2326 461 2385 ri
489 2340 605 2385 nomeu
632 2322 916 2400 blasphemaretur
944 2322 975 2383 in
1006 2322 1169 2399 ecclesiis,
1193 2322 1400 2384 anathemate
1425 2320 1532 2402 percel-

433 2424 583 2488 lerentur
611 2425 729 2505 scripta
750 2441 834 2499 sua,
860 2430 958 2501 atque
980 2424 1156 2487 universim
1186 2422 1226 2485 de
1251 2440 1290 2485 eo
1321 2423 1531 2485 horrescerent

433 2526 597 2589 catholici.

513 2626 695 2691 Novissime
725 2628 755 2711 iu
781 2626 880 2709 huius
909 2626 1113 2690 discussionis
1145 2625 1282 2689 termino
1309 2627 1397 2689 circa
1430 2624 1535 2689 llutlini

435 2732 614 2795 versionem
631 2730 663 2791 in
683 2728 876 2793 Periorchon
891 2729 993 2809 (qnod
1015 2728 1189 2792 admodum
1206 2746 1298 2791 nosse
1320 2726 1472 2806 interest)
1486 2744 1537 2788 non

437 2841 564 2897 tautum
583 2831 657 2895 iude
677 2840 827 2895 constare
848 2832 1008 2911 probatur
1029 2830 1069 2894 de
1091 2832 1227 2910 ingenua
1249 2848 1287 2891 ac
1306 2830 1437 2894 sincera
1453 2830 1538 2909 ipsius

435 2934 557 2999 lluffiui
579 2945 684 2999 mente
705 2936 737 2997 iu
759 2934 819 2997 hac
835 2932 1031 2997 elaboranda
1054 2930 1343 3011 interpretationes
1366 2930 1446 3005 sed,
1465 2926 1539 3009 quod

438 3040 534 3101 valde
553 3057 572 3100 a
594 3039 685 3101 uobis
705 3044 865 3117 perpetuo
886 3035 1069 3116 quaesitum
1085 3042 1133 3097 est
1153 3041 1265 3095 contre
1288 3032 1540 3113 origenianorum

437 3139 583 3220 Operum
602 3138 751 3203 llditores
770 3137 927 3201 sollicitos
949 3145 986 3199 ut
1006 3136 1137 3215 culpam
1151 3144 1371 3213 aggravarent
1387 3132 1541 3203 Auctoris,

438 3242 670 3323 comperimus,
692 3240 865 3320 diligenter
879 3240 1003 3301 exactis
1025 3236 1236 3315 argumentis,
1252 3252 1339 3315 quae
1362 3232 1543 3297 excutienda

439 3345 576 3424 sumpsit
603 3341 760 3423 Origenes
781 3343 813 3403 in
848 3341 952 3403 citatis
974 3340 1088 3415 libris,
1110 3356 1153 3400 ex
1175 3335 1306 3399 laudata
1336 3336 1483 3401 versione
1503 3333 1546 3415 pio

439 3467 477 3511 ac
495 3447 620 3511 sincere
641 3444 840 3525 propugnari
863 3441 1012 3521 dogmata
1035 3438 1241 3513 orthodoxa,
1263 3435 1442 3500 abeodem
1465 3454 1545 3516 prce

441 3550 553 3612 sertim
574 3545 772 3625 expedienda
793 3552 955 3624 suscepta.
973 3540 1066 3619 Quae
1087 3540 1193 3605 denuo
1214 3540 1399 3603 successive
1415 3538 1548 3602 luculen-

444 3652 508 3713 tius
529 3646 690 3729 patefient.
