3375 5567
438 778 590 842 initium:
614 787 647 842 ct
668 779 730 842 hoc
750 778 855 859 ipsum
877 777 1002 842 initium
1024 779 1049 841 si
1072 777 1213 858 genitum
1236 787 1284 841 est
1305 785 1362 842 aut
1383 793 1444 840 non
1464 777 1540 855 geni·

442 888 534 958 tum;
559 880 609 942 vel
630 888 720 942 certe
739 881 765 942 si
787 880 989 944 extrinsecus
1012 882 1142 961 corpori
1161 881 1301 955 inditur,
1326 897 1384 942 nec
1406 897 1463 954 ue,
1484 896 1541 940 uon

401 991 406 996 ’
436 982 514 1046 satis
530 981 695 1044 manilesta
714 981 953 1060 praedicatione
975 982 1192 1062 distinguitur.
1211 1003 1227 1038 n
1242 981 1349 1058 Quam
1366 981 1540 1042 obtestatio·

439 1102 511 1147 nem
533 1101 627 1145 nemo
648 1101 711 1146 nou
742 1083 850 1159 sidet,
875 1082 970 1146 talem
992 1083 1147 1146 exhihere
1168 1082 1316 1161 Origenis
1338 1081 1434 1144 fidem
1457 1089 1541 1144 entra

439 1202 681 1263 quamcumque
702 1185 837 1258 erroris,
860 1186 928 1248 sive
949 1185 1119 1248 haerescos
1141 1195 1270 1248 uotam:
1294 1201 1370 1248 curn
1392 1185 1471 1247 hacc
1489 1184 1542 1244 sci·

441 1285 518 1348 licet
536 1283 723 1347 dubitanter
744 1284 830 1347 dicat
842 1305 855 1364 3
878 1303 981 1365 eaque
1003 1286 1204 1350 dubitatione
1222 1284 1404 1360 alliciatur,
1428 1295 1464 1348 nt
1485 1286 1543 1364 ipse

439 1387 565 1464 asserit,
581 1386 668 1466 qnod
686 1385 724 1446 de
742 1384 793 1448 lis
812 1384 848 1446 in
866 1385 1008 1449 Ecclesia
1030 1405 1093 1450 non
1113 1388 1191 1451 sctis
1212 1384 1383 1467 manifesto
1394 1386 1547 1466 praedico·

437 1484 482 1548 tio
503 1484 735 1566 distinguetur.

523 1584 646 1651 Verum
667 1589 875 1668 quantumvis
899 1589 1056 1669 Origenes
1080 1589 1233 1664 latentur,
1249 1607 1311 1652 uon
1327 1590 1440 1652 haheri
1462 1588 1491 1650 iu
1504 1606 1547 1650 ec·

440 1690 617 1752 clesiastica
639 1689 879 1770 praedicatione
902 1691 1121 1765 manifestum,
1137 1691 1214 1771 quid
1236 1689 1436 1754 credendum
1459 1689 1496 1752 sit
1514 1689 1547 1750 de

441 1791 545 1854 anima
562 1791 724 1869 hnmana,
741 1790 950 1855 nihilomiuus
970 1811 1045 1856 cum
1068 1795 1139 1856 iden
1154 1795 1185 1855 iu
1201 1792 1263 1856 huc
1280 1791 1412 1872 Prologi
1426 1791 1508 1854 dicat
1520 1809 1549 1853 se

442 1893 474 1955 ia
495 1893 544 1956 his
565 1901 598 1955 ct
611 1893 782 1968 similibus,
805 1912 891 1973 quae
909 1894 1074 1956 tractanda
1094 1894 1303 1974 aggreditur,
1322 1892 1407 1956 rcilc
1426 1894 1548 1957 esacris

443 1993 642 2074 Scripturis,
664 1995 715 2058 tel
736 1996 908 2075 iodagiuo,
930 2005 989 2060 aut
1012 2003 1123 2057 tenore
1144 1997 1242 2070 recti,
1259 1994 1336 2073 qnid
1358 1993 1453 2056 sitin
1478 2011 1547 2056 vcro

443 2095 578 2174 rimari,
600 2112 805 2176 nequaqnam
826 2095 867 2159 ah
892 2098 984 2160 initio
1008 2097 1301 2176 quaestionis,uec
1322 2097 1364 2158 ah
1391 2095 1450 2170 iis,
1472 2110 1547 2174 quae

440 2215 481 2258 es
502 2197 643 2260 aliorum
665 2204 771 2260 useuto
792 2196 963 2277 proposuit
983 2197 1222 2277 investiganda,
1246 2194 1443 2258 concludere
1463 2195 1549 2257 debe·

441 2315 513 2360 mus
533 2297 621 2376 qnod
645 2298 719 2371 talia
750 2315 863 2378 reapse
893 2299 1051 2378 senserit3
1073 2298 1128 2362 sed
1150 2297 1191 2360 ah
1222 2297 1411 2362 earumdem
1437 2297 1547 2359 discus·

438 2400 566 2462 sinuum
589 2400 745 2477 termino,
766 2400 916 2464 omnihus
937 2398 1082 2464 enodatis
1103 2387 1368 2474 difficultatibus,
1391 2399 1468 2480 quid
1490 2399 1548 2478 ipse

441 2499 591 2575 credidit,
611 2498 837 2565 deducendum
857 2511 914 2566 est.
938 2499 981 2566 lit
1000 2503 1046 2566 sic
1067 2503 1100 2564 iu
1121 2501 1281 2582 praesenti
1303 2500 1491 2582 quaestione
1515 2497 1548 2560 de

438 2602 545 2665 anima
566 2603 746 2683 putandum
767 2601 912 2682 exegisse
933 2599 1124 2682 Origeuem;
1141 2601 1196 2666 uhi
1219 2609 1281 2664 ιιιιι
1303 2607 1420 2666 exacte
1433 2601 1547 2664 animae

441 2703 647 2784 principium,
670 2704 853 2778 essentiam,
868 2712 1061 2783 ceterasque
1074 2704 1165 2768 dotes
1180 2703 1340 2777 delinivit,
1360 2709 1399 2766 ut
1412 2717 1547 2766 emerere

440 2804 591 2881 audeam,
613 2806 717 2886 ipsum
739 2806 800 2868 hac
821 2806 856 2867 iu
887 2823 923 2868 rc
944 2804 1085 2886 dogmati
1107 2805 1326 2870 ecclesiastico
1348 2805 1546 2880 convenisse,

441 2912 501 2970 aut
513 2907 629 2972 saltem
645 2907 808 2972 communi
829 2907 1014 2970 adhaesisse
1032 2907 1177 2988 eiusdem
1192 2907 1262 2970 aeni
1278 2904 1414 2972 Petrum
1434 2913 1547 2970 senten

442 3009 517 3072 tlac:
545 3009 696 3074 sidoiicct
717 3009 901 3085 docentem,
917 3010 1056 3072 animam
1078 3015 1221 3072 nostram
1234 3006 1438 3087 spiritualem
1458 3003 1547 3068 omui

441 3127 483 3174 uo
498 3111 610 3175 haberi
625 3110 849 3186 substantiam,
875 3109 1022 3190 partibus
1044 3111 1212 3190 corporeis
1239 3115 1440 3188 exemptam,
1455 3125 1473 3169 a
1487 3103 1546 3168 lieo

441 3219 599 3288 creatam,
622 3209 724 3276 alico
746 3213 888 3276 hnmano
909 3214 1040 3292 corpori
1060 3213 1093 3273 iu
1116 3212 1192 3276 alvo
1214 3218 1361 3274 materno
1382 3210 1546 3280 consitam

442 3333 502 3379 nec
522 3314 652 3395 corpori
673 3312 907 3393 praeexistere,
929 3331 988 3378 nec
1010 3331 1027 3374 a
1049 3331 1188 3394 corpore
1209 3313 1248 3374 ad
1269 3310 1359 3376 alind
1375 3310 1543 3392 quodcum·

444 3435 510 3497 que
532 3416 782 3494 trammigrare;
804 3432 863 3478 aec
885 3415 947 3477 alia
968 3415 1042 3478 ideo
1062 3415 1102 3478 de
1123 3433 1160 3478 ea
1184 3413 1330 3478 lahnlnsa
1353 3417 1544 3482 commenta,

444 3526 480 3580 ut
501 3524 697 3598 praetexunt
716 3515 908 3590 adversarii,
931 3516 1106 3578 admisisse.

521 3617 716 3695 Priusquam
742 3635 819 3680 sero
841 3618 903 3680 hoc
925 3618 1070 3680 ineamus
1090 3615 1358 3691 demonstratum,
1381 3610 1542 3676 admodum

440 3724 550 3782 aostrs
564 3719 649 3781 scire
663 3717 810 3791 interest,
823 3718 887 3781 suh
905 3718 1007 3781 trihus
1024 3718 1191 3782 vocabulis
1206 3716 1464 3798 lreqneutissime
1477 3723 1544 3772 uuu-

442 3820 557 3899 cupari
577 3819 620 3882 ah
638 3818 779 3898 Origene
800 3819 942 3883 animam
952 3838 964 3898 ;
987 3818 1068 3882 idest
1088 3816 1173 3900 νόυς,
1197 3815 1332 3908 minua,
1356 3803 1544 3908 ψαχῆιιιιῑθ

444 3922 552 3986 valent
575 3935 672 3995 mear,
698 3916 845 4000 spiritns,
869 3917 998 3994 anima,
1021 3918 1217 4000 quaudoque
1238 3917 1423 3998 promiscuo
1438 3905 1544 3976 adhibi·

444 4026 497 4098 tis,
518 4022 694 4102 aliquando
713 4021 845 4101 speciali
863 4022 988 4086 animae
1005 4021 1237 4086 distinctiones
1255 4025 1360 4083 mente
1380 4026 1414 4080 et
1430 4013 1541 4094 spiritu·

444 4121 538 4199 Quae
559 4121 719 4186 distinctio
741 4121 831 4184 nohis
854 4129 1013 4202 perpetuo
1034 4120 1077 4184 oh
1098 4119 1213 4185 oculos
1234 4120 1298 4184 erit
1316 4116 1478 4186 habenda,
1492 4123 1541 4174 cett

443 4226 613 4304 proposito
631 4223 973 4288 accommodatissima.
996 4222 1043 4286 hc
1065 4221 1192 4286 iuterim
1215 4221 1300 4284 circa
1324 4221 1406 4284 hauc
1427 4209 1541 4280 novini·

426 4343 529 4392 :mam
550 4324 785 4388 distinctionem
807 4331 909 4403 patet,
932 4323 1130 4404 Origeueut,
1151 4325 1281 4405 quotics
1301 4339 1388 4384 mens
1407 4321 1472 4384 sive
1489 4306 1541 4392 spt'·

442 4426 528 4495 riter
541 4426 675 4502 dixerit,
696 4444 798 4491 nuum
812 4433 846 4490 et
866 4425 950 4490 idem
966 4426 1258 4507 comprehendisse,
1281 4441 1395 4506 nempe
1406 4421 1536 4486 snbstan-

444 4529 523 4594 tlam
544 4528 738 4609 simplicem,
759 4529 986 4610 incorpoream
1008 4527 1207 4608 intelligendi
1230 4534 1263 4590 et
1283 4522 1439 4606 cogitandi
1457 4527 1533 4594 sapt·
