3375 5567
234 683 325 753 lstnd
345 693 457 752 autem
477 687 548 752 lieri
570 706 634 754 non
655 689 772 770 potnit,
794 691 901 772 ipsum
915 709 1028 774 nempe
1044 694 1207 773 ignorare,
1221 707 1256 756 sc
1270 585 1346 754 1153

231 790 372 852 seticum
393 788 465 852 lore
476 809 489 869 3
510 808 585 854 cum
606 797 640 853 ct
661 790 686 853 is
709 789 788 855 tales
810 793 989 858 haereticos
1010 801 1188 875 nuncupet,
1214 793 1270 872 qui
1292 809 1345 855 ca·

230 889 307 953 dem
329 890 575 972 profitebantur.
599 889 642 955 Et
662 893 725 956 lroc
741 891 963 974 limpidissime
984 902 1074 976 patet
1102 913 1144 958 er
1171 894 1239 970 ais,
1261 911 1346 974 quae

228 991 380 1056 edisserit
400 992 601 1074 exdpostoli
630 1012 779 1058 sermone
800 994 839 1056 ad
862 993 995 1072 Titum,
1026 996 1074 1059 uti
1101 994 1283 1060 desumitur
1303 1013 1345 1060 ex

226 1092 389 1174 Apologia
403 1111 430 1156 s.
444 1093 603 1174 Pamphili
620 1113 648 1158 c.
662 1093 686 1156 Ι.
698 1092 900 1161 Haereticam
913 1093 1078 1174 hominem,
1096 1097 1152 1173 ait,
1162 1105 1234 1178 post
1248 1113 1348 1160 sacta

222 1192 455 1274 correptionem
473 1194 601 1271 devita,
623 1194 725 1259 sciens
744 1195 823 1276 puin
838 1215 1008 1277 perversus
1029 1207 1073 1262 est
1093 1205 1121 1261 et
1136 1206 1267 1277 peceat,
1288 1197 1346 1278 pce'

224 1302 276 1358 est
294 1314 316 1358 a
333 1293 496 1375 semetipso
515 1297 695 1360 domuctm.
717 1294 809 1362 Unde
829 1298 874 1364 ita
896 1300 1013 1380 arguit.

290 1394 446 1460 «Nomen
460 1398 614 1473 haeresis,
624 1405 783 1478 quantum
798 1417 858 1480 ego
870 1399 1112 1480 deprehendere
1127 1401 1231 1482 potui,
1248 1401 1345 1464 etiam

225 1496 263 1560 in
282 1495 428 1578 Epistola
448 1498 488 1560 ad
510 1497 695 1563 Corinthios
716 1499 905 1581 designatur
920 1501 983 1566 hoc
999 1502 1115 1566 modo:
1131 1509 1249 1584 oportet
1263 1499 1346 1564 enim

220 1597 363 1660 Marses
382 1617 446 1660 esse
455 1641 475 1680 „
487 1608 524 1662 sct
534 1598 661 1678 prolati
681 1600 843 1680 manifesti
855 1602 938 1678 finnt
950 1600 1035 1666 inter
1048 1621 1119 1666 oce.
1134 1650 1141 1665 .
1157 1649 1164 1664 .
1182 1601 1248 1667 Per
1261 1619 1347 1683 qnae

223 1700 465 1780 cognoscimus,
486 1702 639 1782 qnoniam
658 1705 745 1768 sient
764 1705 800 1780 ii,
822 1703 879 1784 qui
902 1702 1190 1781 minationibus,
1216 1703 1267 1767 val
1288 1704 1347 1766 im·

227 1801 394 1865 munditiis
416 1809 515 1882 atquc
535 1801 762 1883 impudicitiis,
785 1812 816 1869 et
837 1805 1002 1869 idolorum
1022 1805 1167 1869 cultibus
1188 1805 1344 1869 maculati

222 1910 316 1978 sunt,
336 1921 475 1983 reguum
496 1903 555 1969 ilci
577 1921 640 1967 non
662 1905 890 1985 possidebunt:
913 1907 957 1971 ita
979 1906 1078 1982 ethi,
1102 1906 1211 1987 quiin
1234 1906 1346 1970 hacre-

224 2005 292 2067 sim
312 2003 555 2070 declinaverint.
586 2003 703 2086 Neque
732 2007 815 2070 cuim
845 2007 1025 2089 putandum
1056 2014 1126 2084 cst,
1154 2007 1233 2071 tanti
1260 2006 1348 2088 Apo·

222 2105 306 2170 stoli
327 2113 391 2171 tam
412 2106 596 2172 absolutam
613 2108 801 2172 sententiam
818 2125 911 2188 possa
926 2107 996 2171 allo
1013 2124 1130 2188 genere
1144 2107 1308 2172 vacillare.
1326 2127 1342 2166 s

225 2203 352 2271 Deinde
370 2215 542 2287 enumerat
564 2209 653 2271 saria
674 2209 917 2272 haereticorum
938 2207 1070 2290 placita,
1083 2207 1274 2272 corumdem
1295 2225 1347 2271 er·

227 2324 324 2370 rores
344 2314 479 2384 notans,
511 2316 544 2372 at
564 2325 707 2389 quornm
729 2309 841 2390 plures
862 2309 920 2389 ipsi
944 2307 1078 2388 origeni
1103 2309 1247 2390 inscripti
1269 2315 1346 2372 sunt

224 2408 272 2474 ab
289 2409 510 2486 advorsariis,
532 2428 570 2473 ac
598 2409 703 2474 veluti
729 2410 826 2473 animi
846 2409 898 2473 sui
925 2426 1037 2473 sensns
1044 2429 1057 2489 3
1084 2409 1167 2473 idest
1191 2409 1347 2474 adversus

222 2508 347 2576 Christi
367 2511 581 2588 divinitatem,
604 2511 643 2574 de
665 2510 901 2586 incarnatione,
924 2509 963 2573 de
985 2511 1090 2576 anima
1121 2512 1283 2587 humana,
1306 2509 1347 2575 ds

225 2610 337 2674 libero
368 2612 528 2696 arbitrio,
551 2610 591 2675 da
621 2613 886 2691 resurrectione,
908 2611 950 2675 de
981 2612 1199 2693 perpetuitate
1229 2627 1347 2692 poena·

225 2729 308 2774 rum
324 2718 392 2780 etc.
413 2711 554 2793 Propter
573 2729 657 2793 quos
677 2713 721 2775 ita
743 2711 931 2776 concludit:
955 2709 1095 2792 «Siquis
1118 2731 1198 2793 ergo
1226 2712 1346 2776 horum

224 2812 364 2892 aliquid,
386 2831 471 2894 quac
491 2829 591 2894 supra
612 2815 837 2893 exposuimus,
859 2820 1063 2877 commutare
1085 2813 1137 2876 rel
1151 2813 1347 2876 subvertere

225 2923 379 2992 conatur,
403 2914 494 2978 velut
510 2933 690 2996 perversus,
710 2924 740 2976 et
759 2934 780 2976 a
800 2913 961 2992 semetipso
981 2914 1152 2979 damnatas
1166 2914 1346 2978 secundnm

224 3018 418 3081 seutentiam
440 3017 601 3098 Apostoli,
622 3017 718 3081 ctiam
741 3034 758 3078 a
781 3014 872 3080 uobis
891 3015 962 3096 ejus
980 3026 1152 3097 praecepto
1168 3015 1347 3095 obsequen·
1423 3028 1429 3037 ·

228 3117 330 3193 tibus,
351 3117 501 3182 similiter
521 3118 687 3183 habendus
708 3124 804 3182 est.»

312 3215 409 3282 llisce
429 3218 552 3298 positis,
569 3236 672 3282 nonne
689 3217 757 3294 tibi,
773 3217 890 3295 lector,
915 3216 1043 3282 videtur
1061 3215 1240 3280 absurdum
1253 3222 1348 3297 puta·

227 3338 281 3397 rc,
306 3319 479 3401 Origencm
503 3322 655 3401 propriae
675 3320 903 3400 subscripsisse
927 3319 1135 3394 damnationi,
1160 3335 1237 3381 cum
1265 3317 1348 3398 seip-

228 3438 305 3486 sum
327 3421 529 3486 haereticum
550 3421 715 3500 designat,
741 3421 873 3484 acideo
895 3421 1113 3501 perseipsum
1133 3416 1348 3484 damnatum?

228 3520 317 3598 Quid
339 3522 369 3585 ei
389 3523 585 3604 sperandum
607 3523 638 3583 in
657 3523 720 3584 rita
744 3520 882 3584 lutura'?
897 3539 971 3585 cunr
987 3521 1054 3600 ipse
1072 3519 1232 3584 fateretur
1252 3526 1345 3582 extra

228 3619 411 3686 Ecclesiam
432 3623 561 3687 nullum
576 3639 669 3703 possa
683 3621 832 3686 salrari‘l
849 3619 984 3685 «Nemo
1006 3639 1084 3702 crgo
1098 3620 1216 3700 (inquit
1236 3617 1348 3682 llomi·

228 3724 276 3786 lia
299 3721 359 3786 ΙΙΙ.
379 3721 416 3786 in
430 3721 562 3787 Librum
574 3721 648 3786 lesu
669 3721 766 3801 Nove)
781 3741 876 3786 nemo
890 3740 969 3803 ergo
983 3721 1043 3785 sibi
1058 3720 1271 3801 persuadeat3
1294 3738 1347 3782 ns·

227 3843 287 3888 uso
309 3825 516 3905 semetipsum
538 3824 700 3905 decipiat:
731 3831 824 3887 extra
856 3823 939 3885 lianc
964 3821 1119 3896 domum,
1148 3821 1232 3885 idest
1251 3827 1344 3884 extra

229 3923 411 3989 Ecclesiam
433 3943 527 3989 uerno
548 3927 706 3991 salvatur.
729 3921 813 3990 Nam
835 3924 936 4004 siquis
962 3923 1047 3988 toras
1073 3923 1209 4000 exierit,
1233 3925 1345 3986 mortis

228 4043 311 4090 suaa
332 4026 399 4106 ipse
420 4025 456 4088 iit
477 4043 563 4089 rcus.
587 4044 603 4082 o

774 4167 805 4232 X

312 4328 355 4395 Et
374 4332 526 4411 amplius,
548 4326 707 4391 neminem
727 4328 827 4408 latet,
850 4329 1030 4394 haereticos
1051 4345 1161 4392 omnes
1185 4327 1344 4391 diabolica

228 4429 348 4496 frando
368 4432 494 4499 illectos
514 4451 618 4516 prope
635 4433 749 4498 mentis
763 4450 842 4497 suae
856 4431 1089 4509 aberrationcs,
1106 4440 1198 4498 actus
1210 4447 1342 4513 quoque
