3375 5567
372 823 386 841 .
425 771 628 853 [recolerem
656 770 777 853 fecisses
804 775 948 852 sanciens
969 771 1141 836 ssrsntissns
1166 787 1264 851 gensis
1285 787 1378 851 snper
1398 778 1527 834 tsrrsss:

431 897 447 933 «
471 873 543 938 Non
562 875 692 947 solum.
714 876 758 936 ait
780 873 966 955 interpres,
987 875 1080 955 jubet
1103 882 1210 938 terrae
1231 874 1379 954 prolerre
1408 873 1527 938 herbam

429 976 534 1053 foeni,
555 977 609 1040 sed
632 984 665 1039 et
684 995 793 1040 semen
814 978 983 1058 prolerre,
1006 985 1043 1040 nt
1062 994 1191 1057 semper
1212 975 1357 1040 fructum
1378 975 1471 1057 possit
1487 973 1529 1036 sl·

429 1076 527 1140 ierre.
544 1075 584 1140 lit
603 1095 667 1140 uon
683 1077 789 1141 solnm
810 1077 934 1158 lignum
951 1077 1158 1142 irnctilerum
1177 1078 1283 1158 jubet,
1298 1077 1354 1141 sen
1376 1085 1407 1140 et
1425 1075 1528 1139 iaciens

429 1196 550 1255 semen,
572 1180 669 1260 cujus
688 1197 799 1242 semen
819 1181 850 1242 in
872 1181 941 1261 ipso
968 1189 1028 1255 est,
1050 1181 1229 1243 secundum
1254 1198 1370 1260 genus,
1391 1179 1478 1252 idest,
1500 1184 1530 1241 ni

427 1297 556 1361 semper
576 1300 617 1344 ex
640 1282 688 1344 liis
708 1282 899 1356 seminibus,
922 1299 1007 1362 quse
1028 1283 1059 1344 in
1079 1300 1113 1345 se
1137 1283 1253 1358 habet,
1276 1282 1422 1346 irncinm
1442 1281 1529 1360 possit

427 1379 557 1444 eiierre.
582 1381 623 1445 iii
643 1401 700 1446 nos
721 1401 800 1462 ergo
821 1383 976 1448 debemus
997 1391 1029 1446 ei
1051 1381 1251 1447 fructificare
1274 1383 1418 1446 trucium
1442 1389 1473 1444 et
1489 1397 1530 1442 ss·

429 1482 512 1543 mina
535 1481 655 1546 habere
675 1485 707 1545 in
729 1483 927 1564 nobisipsis,
951 1483 1032 1546 idest
1049 1484 1192 1546 omnium
1215 1484 1377 1548 bonorum
1393 1499 1528 1562 operum,

431 1583 642 1663 omniumque
659 1586 819 1649 virtutum
833 1586 953 1649 semina
975 1586 1006 1647 in
1021 1571 1119 1649 corde
1141 1593 1253 1649 nostro
1266 1586 1432 1649 continere
1450 1589 1531 1646 cic.»

509 1681 552 1747 let
572 1685 649 1764 quisi
672 1687 874 1766 praeclarius
895 1684 936 1750 ab
958 1686 1019 1748 isac
1040 1685 1241 1767 expositione
1268 1687 1402 1750 cruitur
1421 1683 1459 1747 ιι
1481 1689 1534 1744 ιιι·

431 1785 588 1850 tuentium
609 1805 739 1852 sensnm
768 1788 945 1851 litteralem
967 1805 1006 1850 ac
1028 1805 1090 1851 una
1111 1788 1314 1869 spiritalem,
1336 1786 1432 1850 sicuti
1451 1785 1533 1848 ocios

429 1886 471 1947 sb
491 1887 597 1951 altero
617 1887 849 1953 dillerentisml
870 1888 912 1952 Ei
933 1890 1110 1972 quomodo,
1127 1887 1264 1950 excluso
1283 1887 1422 1950 litterali
1436 1903 1531 1958 sensu,

431 1994 533 2051 staret
552 1989 732 2053 similitudo
752 1992 837 2054 iuter
856 1990 1023 2055 naturales
1045 1997 1152 2052 terrae
1174 1989 1303 2053 irucius
1326 1993 1360 2052 ei
1385 1988 1466 2052 inter
1483 1983 1534 2065 spi·

433 2091 515 2153 ritus
536 2091 635 2153 nostri
657 2091 804 2166 fructus,
824 2093 881 2171 qni
905 2092 1081 2172 unicnique
1103 2097 1358 2171 progeniosos
1379 2084 1533 2152 excolendi

431 2189 549 2255 erant?
569 2190 709 2268 Quando
728 2195 813 2256 cuim
834 2195 881 2257 aii
899 2191 1070 2272 Origenes,
1092 2186 1187 2256 sicuti
1212 2200 1299 2255 terra
1326 2188 1454 2271 proieci
1472 2187 1534 2250 isr-

430 2289 505 2354 bam
527 2300 560 2356 et
578 2293 701 2372 lignum
723 2293 944 2370 irnciiiernm,
967 2295 1012 2357 ita
1033 2299 1067 2356 ei
1088 2309 1144 2356 nos
1169 2294 1332 2356 sicinium
1354 2292 1470 2354 semina
1489 2305 1535 2350 ss·

433 2393 544 2454 colere
565 2393 719 2456 debemus
740 2395 771 2456 io
794 2395 885 2456 uoltis
906 2395 993 2474 ipsis:
1011 2393 1193 2457 necessario
1216 2393 1399 2456 inmanius
1421 2387 1535 2454 tumsl·

431 2496 535 2569 ,terius
556 2493 656 2574 partis
678 2495 841 2575 pronuntia
856 2496 991 2558 essentia
1013 2503 1072 2558 est.
1089 2494 1187 2568 idest,
1209 2497 1306 2558 sicuti
1329 2511 1444 2558 resera
1462 2500 1533 2554 terra

432 2596 556 2676 lignum
571 2597 780 2661 lructiierum
796 2597 933 2678 protect,
946 2599 989 2662 ita
1005 2606 1038 2662 et
1052 2597 1197 2662 nomines
1214 2596 1375 2660 virtutum
1392 2595 1530 2658 isacium.

435 2696 542 2762 Aliter
562 2697 744 2760 irnstrsnca
778 2698 957 2762 haberetur
977 2697 1181 2775 similitnd03
1212 2698 1362 2778 nihilque
1382 2693 1536 2761 concinis

435 2807 486 2862 ιιι
505 2798 741 2862 assimilationis
761 2806 1002 2877 argumentum,
1017 2799 1044 2862 si
1063 2798 1248 2863 fabulosum
1265 2806 1352 2862 esset
1368 2795 1535 2860 munitlun

437 2900 509 2964 ilci:
530 2901 686 2980 producet
705 2909 789 2963 iero
809 2900 932 2980 lignum
951 2898 1156 2980 fructiferum
1172 2899 1272 2979 junio
1292 2918 1392 2980 gsscsss
1411 2915 1506 2960 ιιιιιιιι.

518 3004 597 3067 ιιιιιι
620 3002 719 3083 paulo
741 3011 814 3083 post
833 3002 946 3066 scribit
961 3021 992 3065 ιι.
1009 2999 1039 3067 6.
1055 3003 1095 3066 de
1109 3003 1193 3066 coeli
1215 3002 1445 3074 luminaribus,
1459 2994 1537 3063 Glari·

431 3105 475 3167 sti
498 3104 580 3188 typis
603 3103 779 3168 Ecclesiam
801 3121 894 3166 snam
916 3103 1137 3167 illuminantis.
1153 3103 1255 3170 Sicuti
1276 3103 1451 3168 luminaria
1465 3095 1535 3162 coeli

436 3205 537 3284 posita
558 3212 633 3268 suoi
654 3205 794 3283 insigna
817 3214 854 3266 ιιι
875 3205 1007 3267 luceant
1035 3203 1075 3267 (lc
1097 3204 1299 3268 firmamento
1322 3205 1380 3280 iis,
1402 3204 1458 3282 qni
1474 3200 1536 3262 suni

435 3322 536 3384 super
558 3313 691 3380 terram,
720 3308 766 3368 ita
787 3304 934 3368 Christus
955 3304 1142 3369 illuminans
1163 3303 1343 3368 Ecclesiam
1364 3321 1467 3374 snam,
1493 3297 1537 3359 iti

436 3424 497 3486 per
517 3407 663 3470 mandata
684 3425 742 3470 sna
764 3415 827 3470 etc.
851 3407 882 3470 Si
904 3407 989 3469 enim
1014 3407 1230 3469 commentitia
1253 3411 1336 3468 esset
1359 3412 1391 3468 ct
1405 3399 1535 3465 ialsnlost

434 3508 645 3572 luminarium
666 3511 801 3584 creatio,
822 3509 865 3571 ita
880 3509 1052 3574 (licentium
1073 3511 1156 3571 essct
1171 3506 1210 3570 tie
1232 3504 1363 3571 Coruin
1377 3500 1534 3570 Ecclesiam

437 3611 650 3674 illuminante.
674 3608 742 3675 Nec
762 3611 859 3674 aliter
889 3612 1067 3692 putandum
1093 3616 1176 3674 essct
1197 3608 1237 3672 de
1266 3607 1492 3689 monentibus:
1511 3605 1535 3660 ιι

435 3709 647 3775 dominamini
662 3708 803 3793 ps'ssc'nct
821 3711 920 3776 moris
941 3723 969 3775 si
989 3709 1171 3776 volatilium
1191 3707 1270 3772 coeli
1290 3718 1346 3771 ιιι.
1372 3707 1425 3772 ubi
1445 3706 1485 3768 aii
1502 3698 1536 3764 0·

438 3813 562 3892 rigenes
584 3829 614 3874 o.
636 3809 689 3877 iti:
713 3833 730 3871 s
752 3811 825 3875 lam
847 3812 927 3875 haec
948 3813 1158 3891 interpretata
1179 3817 1255 3874 sont
1274 3811 1451 3875 secundnm
1465 3805 1535 3867 litte·

437 3930 521 3987 ram,
537 3931 612 3975 cnm
628 3913 822 3988 diceremus,
838 3912 926 3992 quoii
941 3912 1019 3975 dicii
1033 3910 1131 3974 lleus:
1148 3908 1307 3989 [ιιιίιιιιιιιι
1322 3907 1471 3972 lamissus
1484 3912 1534 3966 stc.

438 4011 626 4076 &cundum
640 4013 831 4094 allegoriam
849 4023 953 4077 tamen
968 4014 999 4075 iu
1018 4013 1159 4093 piscibus
1174 4019 1207 4075 st
1222 4011 1408 4075 volatilibus
1420 4025 1454 4072 ea
1470 4003 1534 4068 milti

439 4114 590 4177 sidentur
606 4115 741 4178 indicari
762 4115 802 4178 tle
817 4117 943 4178 animae
964 4131 1059 4177 senso
1073 4123 1106 4177 st
1126 4112 1233 4178 coriis
1246 4113 1437 4193 cogitatione
1454 4115 1534 4171 sict

440 4210 481 4275 lit
502 4213 544 4276 lia
567 4216 712 4297 undiquc
733 4233 793 4294 per
814 4223 913 4278 totam
936 4211 1111 4278 Humiliam
1130 4233 1166 4278 se
1187 4215 1270 4293 gerit
1292 4211 1501 4276 Adamantius·

503 4316 677 4382 ·Similiter
694 4318 802 4399 quoad
824 4317 954 4380 litterae
978 4334 1106 4380 sensnm
1139 4314 1179 4377 ab
1196 4315 1335 4396 Origene
1359 4311 1484 4380 seorsim
1501 4303 1534 4367 sb

443 4417 621 4499 allegorico
642 4426 701 4483 sut
725 4418 841 4482 morali
864 4417 1067 4490 discussum,
1093 4415 1270 4480 admodum
1297 4415 1456 4496 proposito
1475 4403 1538 4468 litii

440 4529 552 4583 contra
574 4521 779 4586 adversarios
799 4537 876 4583 snos
898 4517 1062 4599 expositio
1084 4515 1125 4579 ab
1148 4517 1215 4596 ipso
1236 4516 1379 4580 studiose
1398 4505 1534 4578 essciain
