3375 5567
151 828 197 872 nse
223 805 355 888 lrigida,
375 805 432 870 sed
454 808 486 870 in
517 805 624 870 modio
646 805 790 886 quodam
822 812 933 885 tepore
955 803 1153 885 perdurans,
1176 809 1242 866 tar·

150 912 209 974 ism
220 918 252 973 et
262 912 339 973 satis
360 908 521 973 didieilem
535 911 779 974 consensionem
801 909 921 990 poterit
934 907 1089 973 tevenire.
1111 905 1144 972 Si
1161 923 1239 970 saro

149 1013 221 1074 carni
239 1013 425 1088 adbaereat,
446 1031 489 1075 es
504 1012 552 1075 bis
572 1011 647 1092 ipsis
662 1010 825 1074 interdum
847 1010 952 1086 malis,
970 1026 1054 1088 qnae
1074 1027 1116 1070 ex
1131 1007 1238 1070 earnis

150 1114 230 1186 titiis,
243 1114 381 1194 patitur,
393 1114 506 1176 satiata
522 1111 697 1190 aliqnando
719 1121 750 1174 ιι
767 1111 903 1192 repleta,
928 1110 1029 1175 soloti
1043 1107 1239 1187 gratissimis

147 1317 274 1378 eonverti
303 1315 566 1379 materialibus
594 1315 745 1379 sordibus
764 1315 805 1376 ad
834 1314 1023 1376 coelestium
1044 1309 1241 1374 desidorium

146 1425 171 1476 ιι
181 1416 378 1493 spiritualem
392 1417 530 1495 gratiam
551 1424 666 1496 potest.
676 1414 726 1478 ¹llt
744 1415 807 1479 bon
820 1411 1043 1477 arbitrandum
1060 1419 1108 1474 est
1121 1409 1239 1472 dixisse

146 1517 337 1596 Apostolum,
353 1518 475 1581 ideirco
489 1535 635 1598 pugnare
654 1517 805 1598 spiritam
826 1516 984 1578 adversus
999 1529 1129 1576 carnem
1144 1518 1205 1574 eto.
1224 1528 1240 1566 s

210 1618 249 1682 Et
269 1620 347 1699 qnid
364 1620 444 1681 isaeo
461 1619 635 1684 conterunt
657 1619 812 1682 mentium
832 1615 1073 1682 evolationibus
1094 1613 1133 1676 de
1148 1613 1240 1676 coelo

144 1721 170 1781 in
188 1730 304 1783 terram
324 1731 357 1782 et
379 1721 537 1796 vicissim,
560 1737 619 1783 neo
648 1737 712 1783 non
731 1737 846 1781 earnm
868 1720 899 1780 in
921 1733 1060 1797 corporo
1082 1715 1239 1789 vinculis,

146 1823 184 1882 nti
201 1822 401 1884 arbitrantur
422 1822 571 1886 docuisse
591 1817 794 1902 Origenem?
814 1819 1052 1900 Respondeant,
1067 1818 1124 1898 qni
1144 1832 1240 1880 aonu-

145 1930 202 1984 rste
229 1933 458 2002 argumentum
486 1922 699 2003 expenderint
730 1923 762 1984 in
783 1922 858 1986 loeo
886 1921 996 1984 citato.
1019 1917 1103 1984 Sane
1133 1919 1258 1992 anim‚'

144 2033 300 2104 postquam
321 2024 433 2105 plnres
455 2023 582 2089 bnotor
601 2024 743 2088 exsolvit
763 2022 968 2086 dibionltatos
989 2019 1166 2083 doanimae
1188 2035 1241 2080 na·

145 2135 226 2201 tara,
246 2126 286 2189 iis
305 2143 440 2206 quoque
460 2125 679 2207 respondens,
699 2127 839 2188 animam
864 2139 1055 2204 corpoream
1077 2130 1110 2185 et
1129 2139 1171 2184 es
1191 2139 1240 2182 se·

144 2227 222 2290 nisis
249 2226 386 2290 traduce
407 2236 591 2307 generatam
618 2226 925 2308 praetendentibus,
947 2224 1092 2306 eiusdem
1116 2224 1241 2286 animae

145 2329 205 2404 (aee
217 2347 294 2392 sane
307 2328 349 2391 de
361 2329 455 2392 coelo
470 2328 688 2392 descendentis
703 2345 762 2391 neo
775 2329 856 2391 illue
872 2335 1030 2408 perpetuo
1046 2326 1180 2406 periodo
1191 2343 1241 2388 aa·

143 2429 303 2505 maeatis)
316 2428 469 2509 expendit
481 2437 602 2492 statum
617 2430 649 2492 in
668 2446 820 2509 corpora,
835 2429 941 2508 deque
958 2446 1018 2492 sno
1039 2446 1113 2492 oum
1128 2427 1240 2491 nodam

143 2547 268 2610 corpore
288 2548 402 2609 agone.
426 2527 468 2594 Ει
487 2532 555 2606 ιιι,
584 2530 858 2611 quemadmodum
883 2530 1091 2611 supradixi,
1116 2530 1241 2608 putarit

143 2629 287 2710 Origenes
308 2631 429 2694 bonnm
452 2632 522 2695 lore
541 2634 678 2706 animae,
694 2651 868 2713 quonaone
889 2632 959 2696 lieri
982 2633 1091 2711 possit,
1112 2634 1240 2712 spiritui

143 2731 169 2792 ia
186 2731 246 2796 boe
264 2733 378 2796 seculo
398 2733 577 2796 adhaerere
598 2741 635 2795 ut
655 2733 816 2796 ellieiatnr
834 2732 997 2813 spiritalis.
1026 2732 1058 2796 st
1079 2740 1187 2798 antem
1209 2733 1239 2794 id

142 2829 201 2894 lieri
215 2833 340 2913 nequit,
362 2832 478 2897 melius
498 2834 528 2896 ei
547 2834 730 2897 carnalibus
754 2835 836 2898 vitiis
851 2837 991 2897 saturari
1014 2852 1117 2915 nsque
1134 2814 1240 2913 salde3

142 2933 215 2998 unda
234 2934 430 3015 sperandum
452 2936 538 2999 ioret
558 2937 703 2999 eamdem
725 2937 864 3016 deniqne
885 2937 924 3000 ab
945 2937 981 3000 iis
1001 2936 1177 3017 fatigatam,
1200 2937 1238 2998 ad

143 3029 237 3098 ιιιιιιιι
258 3038 417 3112 contenti,
435 3056 534 3118 qnam
550 3038 589 3099 in
601 3039 668 3100 suis
683 3039 819 3118 positam
835 3038 1068 3112 voluntatibus,
1095 3037 1241 3100 animalis

142 3135 328 3200 irrationalis
340 3146 461 3201 statum
482 3139 659 3218 continere3
675 3142 707 3203 in
727 3158 795 3220 qno
808 3140 932 3203 seilicet
953 3140 1103 3218 propriae
1117 3139 1240 3203 solnm·

141 3237 227 3300 nodo
249 3237 409 3301 voluntati
423 3239 635 3319 obsequatur,
659 3259 717 3303 noe
732 3241 818 3303 ultra
840 3259 915 3303 cnm
931 3241 1046 3319 spiritu
1069 3256 1127 3301 nen
1143 3257 1240 3302 earne

141 3334 322 3419 dbaeptsnss
346 3361 363 3398 s
385 3338 474 3404 llaec
494 3349 617 3416 antem,
640 3343 755 3422 inquit,
772 3343 995 3416 tractavimus,
1021 3341 1164 3404 solentes
1177 3342 1240 3403 sin·

141 3439 284 3514 griseam
298 3444 513 3506 assertionum
524 3443 684 3506 disserere
704 3445 883 3523 opiniones,
900 3443 1051 3523 ampliori
1071 3460 1168 3522 qnam
1186 3460 1240 3506 so-

142 3536 251 3604 inimus
273 3543 325 3604 nsi
346 3561 505 3618 excursu,
527 3545 572 3605 nti
595 3561 633 3605 ne
655 3544 758 3607 latore
780 3562 836 3607 nos
866 3552 1062 3625 putarentur
1082 3563 1132 3618 ea,
1155 3559 1240 3624 qnae

142 3641 255 3705 moveri
276 3643 382 3706 solent
403 3645 443 3705 ab
464 3645 525 3720 bis,
541 3646 794 3724 qniqnaernnt‚
816 3653 926 3707 utrum
948 3645 988 3707 sit
1003 3645 1067 3707 alia
1088 3646 1193 3707 anima
1209 3646 1240 3707 in

142 3740 222 3804 nobis
242 3753 376 3821 praeter
397 3744 479 3807 bano
499 3744 670 3807 coelestem
687 3755 717 3806 ot
741 3745 977 3818 rationabilem,
989 3753 1075 3826 qnae
1097 3748 1171 3810 buin
1186 3765 1240 3809 na·

144 3843 289 3907 turaliter
307 3845 515 3918 adversetur,
528 3856 562 3910 et
585 3856 720 3910 sonetur
742 3849 793 3912 sel
814 3865 905 3923 earo,
929 3848 981 3911 ιιι
995 3851 1148 3928 sapientia
1171 3867 1241 3912 car·

142 3939 194 4018 nis,
216 3943 269 4006 sel
289 3945 396 4007 anima
417 3949 532 4009 earnis.
555 3966 572 4002 a
594 3945 746 4012 Ceterum
769 3949 842 4012 bino
857 3966 989 4029 qnoque
1014 3948 1120 4011 videas
1142 3949 1240 4030 buius

141 4037 331 4106 Periorcboss
343 4033 549 4112 discussionis
567 4049 748 4129 analogiam
766 4067 840 4112 cnm
864 4051 902 4112 iis
922 4066 1007 4129 qnae
1027 4066 1124 4128 supra
1141 4069 1183 4112 ea
1205 4051 1241 4111 li-

140 4139 258 4208 broile
281 4145 432 4210 Οιιιιίιιιιι
451 4153 738 4229 pertractarique
761 4161 797 4216 nt
819 4162 934 4216 mutuo
955 4159 1144 4231 argumenta
1167 4151 1240 4214 illu·

141 4250 289 4324 strentnr,
311 4257 345 4312 ιι
364 4251 566 4331 propositum
587 4252 745 4316 lsrmetnr.

211 4348 338 4414 interea
361 4355 480 4417 mirum
499 4373 575 4416 sano
597 4362 667 4431 est,
689 4355 775 4434 qnod
797 4354 976 4420 adversarii
1002 4354 1150 4434 origenis
1170 4372 1240 4418 sen-

140 4459 203 4508 tntn
223 4451 409 4529 ignorantes
422 4452 462 4515 de
483 4455 544 4516 boo
557 4457 738 4519 animarum
758 4457 954 4520 desecasset
973 4475 1118 4533 escensu,
1133 4460 1238 4520 eonati

140 4543 209 4625 siot',
229 4571 256 4614 s.
281 4551 492 4620 Athanasium
515 4573 647 4637 qnoque
667 4556 813 4638 ejusdem
840 4558 963 4622 erroris
984 4568 1165 4624 consortem
1191 4577 1239 4622 re·
