3375 5567
438 696 482 763 'lb

900 794 1039 867 cuent
1067 794 1105 863 X.

441 997 593 1079 Oripessis
604 1009 793 1080 orpumento
802 1003 1028 1084 proferentur,
1043 998 1156 1083 qulbus
1170 996 1362 1079 apertissime
1372 998 1496 1081 empsim
1508 998 1554 1061 lto·

478 1098 802 1183 mimrpue‘reprobor
821 1101 1022 1184 sempiternis
1042 1122 1081 1165 oe
1101 1118 1267 1182 nunquern
1288 1099 1440 1163 desituris
1455 1098 1555 1181 poenis

482 1202 571 1280 opud
589 1199 710 1281 inseror
730 1203 883 1267 mulctari
903 1204 998 1267 deret.
1021 1202 1077 1283 ll).

442 1444 497 1565 Iu
517 1504 725 1584 expendenda
748 1504 911 1586 cujusque
932 1505 1097 1569 christiani
1128 1504 1464 1579 unctorisdoctrinn,
1485 1502 1556 1565 nibil

441 1606 551 1683 spitus
571 1614 604 1668 et
623 1605 855 1685 congruentius
877 1612 1063 1685 reputetur,
1083 1622 1182 1685 quem
1204 1604 1350 1684 ejusdem
1363 1604 1504 1669 sectoris
1523 1601 1554 1663 o-

442 1705 494 1766 dei
516 1704 747 1785 professionem
768 1722 941 1783 quaerere,
965 1706 1125 1768 torentem
1146 1704 1262 1767 sedulo
1283 1705 1495 1784 perscrutari,
1516 1702 1557 1764 di·

442 1806 566 1869 stiones
586 1806 780 1887 ponderare,
797 1812 834 1868 ut
854 1805 927 1868 iude
948 1806 1044 1868 licent
1066 1805 1106 1869 de
1128 1807 1230 1886 ipsius
1246 1804 1399 1886 dogmate
1421 1814 1507 1869 recto
1522 1803 1558 1865 si·

445 1922 485 1967 ve
499 1904 612 1977 dubio,
627 1907 698 1969 siro
712 1903 794 1968 inlso
809 1906 1028 1985 pronunciare
1042 1908 1242 1970 sententium.
1256 1904 1469 1988 Quapropter
1487 1902 1557 1984 quid

444 2004 485 2067 de
499 2008 690 2069 aeternitate
702 2023 880 2086 poenorum
895 2006 1032 2069 senserit
1047 2023 1086 2069 nc
1101 2007 1251 2071 docuerit
1261 2007 1434 2087 Origenes,
1445 2003 1555 2085 disqui-

445 2122 540 2178 reos,
560 2104 829 2182 obtestationem,
852 2121 950 2183 quum
982 2101 1179 2170 Proeta'tioni
1205 2103 1383 2169 Librorum
1406 2104 1449 2168 ils
1470 2100 1556 2169 Prin·

446 2203 542 2285 cs'piis
562 2224 592 2267 u.
613 2203 643 2269 2.
666 2206 839 2286 inscripsit,
862 2222 941 2286 pree
962 2206 1066 2271 oculis
1087 2224 1214 2287 ponere,
1228 2206 1341 2284 stetui,
1367 2207 1467 2270 veluti
1488 2221 1560 2269 sure

446 2306 520 2369 tidei
542 2314 695 2370 tesseram
717 2306 757 2369 do
777 2308 827 2382 iis,
850 2324 935 2386 quoe
956 2314 1066 2387 postes
1091 2310 1179 2371 sorio
1200 2312 1342 2388 suscepit
1357 2306 1555 2390 disputando,

445 2414 558 2471 contre
581 2408 762 2472 haereticos
786 2414 820 2471 ιι
850 2406 995 2471 infideles
1014 2424 1075 2489 pro
1107 2410 1243 2473 veritote
1278 2410 1459 2473 decertans.
1481 2406 1559 2471 llicit

446 2508 556 2572 enim:
580 2529 596 2567 ι
618 2506 780 2585 Quoniam
794 2526 873 2589 ergo
895 2508 989 2572 multi
1010 2526 1053 2571 ex
1068 2509 1129 2585 bis,
1151 2510 1208 2590 qui
1225 2508 1357 2577 Christo
1378 2510 1511 2576 credere
1528 2524 1559 2569 se

445 2608 727 2692 profitentur,noo
741 2610 848 2674 solnm
866 2610 897 2670 iu
909 2608 1016 2691 porris
1030 2619 1063 2672 nt
1081 2612 1218 2675 minimis
1236 2612 1437 2690 discordent,
1454 2626 1558 2675 rorum

446 2715 543 2775 etism
565 2712 596 2773 iu
618 2712 741 2791 mugnis
761 2719 794 2774 et
815 2711 986 2790 ιιιιιίιιιίις
1008 2710 1090 2789 idest
1114 2712 1154 2775 de
1177 2710 1270 2787 Deo,
1292 2713 1345 2777 rel
1368 2714 1411 2778 de
1432 2712 1559 2775 llomino

445 2812 526 2877 lesu
543 2812 684 2887 Christo,
709 2813 760 2875 rel
775 2814 815 2876 de
828 2811 952 2891 Spiritu
966 2812 1083 2879 Sancto
1092 2833 1104 2893 3
1119 2832 1184 2878 oon
1205 2816 1313 2879 solum
1329 2824 1442 2879 nutem
1463 2815 1502 2877 de
1515 2814 1559 2887 iis,

446 2915 502 2979 sed
519 2925 551 2979 et
566 2916 605 2978 de
619 2916 691 2979 aliis
711 2916 885 2989 creaturis,
902 2913 985 2977 idest
999 2914 1038 2977 de
1061 2911 1352 2996 Domiurtionibns,
1373 2918 1424 2981 rel
1441 2916 1480 2980 de
1495 2914 1560 2977 Vir·

448 3016 571 3080 tutibus
585 3018 724 3094 sanctis3
741 3022 878 3095 propter
899 3015 960 3078 ltoc
974 3018 1190 3081 necessarium
1209 3016 1339 3081 ridetur
1354 3021 1447 3099 prius
1465 3019 1504 3081 de
1518 3018 1561 3079 bis

446 3116 581 3196 singulis
600 3125 724 3179 certam
739 3116 870 3191 lineum,
888 3114 1156 3197 mnuiiestnmque
1176 3118 1324 3197 regulam
1347 3138 1482 3200 ponere,
1498 3127 1559 3180 tum

447 3215 562 3279 deinde
590 3217 686 3279 etiem
719 3216 759 3277 do
779 3217 896 3278 ceteris
924 3233 1094 3296 quaerere.
1118 3217 1210 3283 Sicut
1240 3219 1324 3281 roim
1348 3221 1462 3287 multis
1482 3216 1560 3299 apud

447 3334 581 3397 graecos
601 3325 635 3379 et
656 3317 812 3379 borbnros
833 3316 1061 3395 pollicentibus
1086 3318 1268 3394 veritatem,
1284 3318 1462 3384 desivimus
1482 3314 1561 3397 apud

448 3435 558 3482 omnes
578 3436 649 3480 euro
671 3434 845 3496 quaerere,
861 3418 919 3497 qui
940 3433 1010 3479 enm
1034 3416 1123 3479 tolsis
1146 3418 1350 3498 opinionibus
1369 3421 1561 3489 asserebant,

448 3528 658 3601 posteaquem
673 3517 869 3581 credidimus
892 3515 915 3579 F
920 3518 1010 3579 ilium
1032 3516 1088 3579 llei
1104 3536 1174 3582 esse
1188 3518 1367 3595 Christum,
1386 3529 1419 3584 et
1439 3521 1480 3581 nb
1500 3520 1563 3597 ipso

447 3620 538 3684 nobis
561 3621 643 3683 bone
663 3617 845 3682 discendnm
868 3636 936 3681 esse
957 3620 1200 3698 persuasimus:
1221 3621 1264 3683 ite
1286 3638 1361 3684 com
1379 3622 1474 3687 molti
1494 3621 1563 3691 siot,

449 3724 505 3803 qui
527 3740 561 3785 se
581 3730 697 3801 putent
715 3721 837 3784 sentire
858 3738 944 3800 quoe
970 3719 1089 3783 Christi
1110 3730 1206 3793 sunt,
1230 3730 1262 3785 et
1284 3724 1433 3787 nonnulli
1455 3736 1564 3785 eorum

447 3823 574 3886 diversa
595 3840 613 3885 n
629 3823 793 3902 prioribus
806 3822 963 3899 seutinn13
976 3832 1129 3885 serretur
1143 3842 1221 3885 roro
1236 3824 1455 3888 ecclesiusticn
1480 3840 1565 3903 pree-

444 3927 563 3989 dicstio
586 3943 645 4004 per
663 3925 874 3988 successionis
895 3923 1041 3986 ordinem
1066 3923 1107 3984 nb
1130 3923 1294 4004 Apostolis
1317 3925 1449 4001 traditu,
1466 3935 1497 3987 et
1517 3940 1566 3987 ns·

447 4045 513 4107 que
533 4026 572 4088 nd
594 4043 745 4106 praesens
774 4026 806 4088 in
827 4024 972 4088 ecclesiis
993 4032 1195 4103 permaneus.
1235 4023 1293 4087 lile
1315 4026 1384 4089 sols
1409 4024 1563 4090 credonis

447 4135 496 4192 est
519 4127 649 4202 teritos,
663 4144 748 4205 quse
765 4126 796 4187 io
811 4124 905 4189 nullo
920 4123 960 4186 nb
974 4122 1191 4189 ecclesiastice
1207 4132 1241 4189 et
1260 4127 1439 4206 apostolico
1452 4126 1568 4191 discor·

448 4229 505 4292 dot
526 4228 698 4292 traditione
720 4246 749 4289 ι.

518 4448 556 4521 (Ι)
575 4448 707 4522 origenis
725 4447 817 4520 Opere
833 4448 927 4503 omniu
944 4452 998 4503 ete.
1019 4446 1119 4507 Studio
1136 4450 1249 4509 Domini
1267 4452 1359 4511 Ceroli
1373 4452 1492 4510 Dolores
1508 4448 1569 4505 Pre-

446 4541 552 4614 sbytori
570 4546 600 4596 ιι
617 4538 748 4597 Monechi
766 4539 941 4597 Benediomi
959 4546 1013 4597 etc.
1032 4540 1145 4599 Periclis
1163 4542 1242 4600 1738.
