3375 5567
571 816 711 885 esent
733 819 790 885 lll.

156 1006 277 1089 origenis
293 1016 443 1083 doctrino
471 1023 629 1087 recutitur
649 1028 737 1089 circa
764 1024 851 1090 Verls'
871 1029 1089 1109 diuinitatem,
1120 1034 1245 1119 ejusque

179 1130 239 1175 ress
251 1112 345 1178 Putre
364 1121 738 1199 conuenientissimum,
755 1126 886 1193 intentis
901 1132 1101 1211 praesertin,
1114 1154 1191 1217 quoe
1209 1137 1245 1201 s'o

184 1214 343 1297 lleusyclio
362 1220 410 1286 cit
427 1221 540 1289 Jecur:
562 1228 660 1292 Peter
681 1230 786 1312 major
806 1250 858 1297 me
879 1241 936 1297 est.

115 1574 121 1588 ·
150 1480 184 1595 P
185 1548 318 1619 urgentes
334 1539 367 1602 iu
381 1542 564 1604 institutum
580 1546 741 1615 nostrum,
757 1552 980 1621 comparantes
995 1544 1118 1607 scilicet
1137 1545 1241 1607 sarias

149 1639 321 1704 Periureien
345 1644 507 1706 versiones
528 1644 615 1705 cirea
638 1643 837 1706 divinitrtem
860 1644 981 1721 Verbi,
1004 1648 1242 1725 comperimus,

147 1744 297 1806 renotem
320 1743 523 1820 displicuisse
543 1742 726 1824 Theophilo
749 1746 995 1831 Alexandrino,
1027 1745 1239 1829 Hieronymo,

147 1854 171 1903 et
187 1842 314 1907 doctori
333 1842 498 1926 Epistolae
518 1844 558 1906 ad
582 1843 732 1907 llleunem
759 1854 910 1925 tunquam
939 1846 1079 1926 dogmati
1107 1846 1243 1908 catholi-

148 1962 177 2005 eo
193 1946 319 2019 lsostile,
343 1947 431 2025 quod
453 1946 548 2009 docet
567 1944 723 2025 Origenes
744 1948 775 2008 in
798 1945 897 2009 Libro
912 1944 965 2009 lv.
991 1945 1033 2008 De
1051 1943 1238 2025 Principiis,

146 2062 168 2103 a.
189 2042 234 2107 35.
254 2066 297 2107 ex
327 2042 519 2131 Hieronymi
549 2048 815 2127 interpretatione
841 2050 885 2109 ita
908 2064 1041 2111 sonans:
1063 2066 1078 2103 a
1101 2044 1134 2109 Si
1155 2047 1240 2110 enlm

147 2142 440 2227 lutrem'cognoscit
462 2146 576 2224 Filius,
594 2150 725 2212 ridetur
744 2150 776 2211 iu
796 2167 849 2223 eo,
873 2148 960 2229 quod
987 2150 1076 2211 novit
1099 2146 1240 2221 Patrem,

146 2266 219 2325 posse
243 2268 321 2313 eum
342 2250 636 2329 comprehendere:
670 2260 707 2313 nt
726 2253 753 2313 si
774 2251 910 2313 dicimus
938 2250 1071 2314 artillcis
1100 2252 1243 2315 animum

145 2349 305 2414 conscire
327 2367 524 2413 mensuram.
549 2347 615 2412 Nec
636 2350 784 2426 dubium,
800 2351 891 2431 quin,
910 2353 935 2414 si
960 2350 1056 2414 Pater
1075 2354 1116 2417 sit
1136 2352 1167 2412 iu
1191 2346 1243 2411 Fi·

143 2447 188 2520 lio,
205 2458 235 2511 et
253 2449 553 2530 comprehendatur
572 2449 614 2510 ab
635 2467 698 2525 eo,
721 2451 752 2511 in
772 2469 840 2530 qoo
861 2460 918 2515 est.
949 2450 1002 2516 Sin
1024 2461 1133 2515 antem
1156 2468 1243 2514 com·

144 2550 370 2627 protensionem
391 2568 462 2615 eam
485 2550 633 2626 dicimus,
657 2558 692 2614 ut
714 2570 777 2613 nou
798 2553 905 2615 solum
926 2572 1022 2615 sensu
1041 2556 1115 2633 quis
1136 2561 1168 2616 et
1194 2562 1243 2616 ta·

143 2652 239 2728 pientia
260 2652 539 2734 comprelaendat,
568 2652 623 2715 aed
645 2660 678 2716 et
701 2654 821 2716 virtute
842 2659 876 2716 et
897 2655 1036 2735 potentia
1060 2662 1176 2717 cuncta
1200 2660 1244 2717 tc-

143 2762 210 2825 nest,
229 2755 286 2834 qui
309 2754 474 2833 cognorit:
497 2770 559 2817 non
581 2771 753 2835 possumus
775 2752 899 2829 dicere,
922 2754 1009 2834 quod
1032 2756 1244 2835 comprehen-

142 2851 184 2913 det
201 2853 302 2919 lilius
320 2853 461 2918 Patrem.
488 2854 584 2919 l’ater
601 2874 679 2917 sero
699 2856 806 2917 omnia
829 2855 1083 2934 comprehcndit.
1109 2856 1244 2919 lutern-

142 2955 207 3016 unia
227 2966 339 3021 autem
360 2965 393 3018 et
410 2955 512 3020 Filius
533 2964 594 3030 cst,
617 2964 742 3036 ergoet
764 2954 886 3019 Filium
908 2955 1161 3035 comprehendit.
1179 2955 1243 3021 Cu·

142 3056 229 3120 riosus
241 3058 351 3121 lector
364 3058 520 3138 inquirat,
536 3064 647 3121 utrum
670 3059 714 3119 ita
729 3075 747 3120 a
762 3059 934 3138 semetipso
952 3066 1167 3136 cognoscatur
1183 3055 1242 3121 Pa·

144 3162 191 3229 ter,
206 3158 372 3237 quomodo
385 3159 624 3238 cognoscitura
643 3155 748 3236 Filio,
765 3159 934 3239 sciensque
950 3155 1045 3233 illud,
1062 3157 1149 3237 quod
1165 3158 1244 3221 scri·

143 3264 217 3330 ptum
236 3269 307 3321 est:
324 3258 495 3340 Puter'qui
515 3258 600 3321 misit
619 3277 678 3334 mc,
700 3257 802 3338 major
820 3266 877 3335 est,
902 3260 931 3319 in
954 3258 1101 3321 omnibus
1126 3276 1240 3321 verum

142 3370 196 3417 csse
214 3357 408 3434 contendet,
437 3367 473 3422 ut
493 3360 579 3421 dicat
600 3367 634 3421 et
653 3361 685 3421 in
707 3358 889 3438 cognitione
918 3356 1002 3421 Filio
1027 3356 1153 3421 Putrem
1175 3376 1244 3421 esse

143 3457 294 3536 maiorem,
318 3463 396 3523 dnm
419 3461 594 3541 perfectius
610 3469 642 3522 et
663 3460 780 3541 purius
794 3479 811 3522 a
827 3461 1000 3540 semetipso
1022 3462 1241 3540 cognoscitur,

143 3574 222 3634 curm
237 3579 255 3623 a
273 3560 369 3627 Filio.
388 3560 471 3625 Hinc
492 3564 637 3635 eruitur,
657 3564 819 3643 inquiunt,
840 3579 879 3624 ne
901 3561 1044 3642 perlecta
1065 3562 1195 3643 quidem
1211 3572 1242 3625 et

143 3657 218 3732 plene
241 3660 406 3724 Patrema
432 3661 515 3725 Filio
536 3665 646 3734 nosci,
671 3665 766 3727 sicuti
792 3681 810 3726 a
838 3664 944 3742 seipso
968 3663 1113 3726 uoscltor
1136 3660 1243 3737 Pater,

142 3762 350 3844 minoremque
371 3782 440 3827 esse
461 3766 675 3842 cognitionem
696 3764 769 3827 Filii
792 3782 890 3845 qnam
906 3762 1011 3827 Patris
1026 3776 1087 3827 etc.
1104 3784 1120 3821 n
1138 3761 1242 3829 Verba
1311 3832 1313 3837 ,

143 3877 226 3933 porro
247 3864 414 3946 Epistulae
429 3865 467 3929 ad
485 3864 634 3928 Hennam
653 3866 753 3944 paulo
767 3867 885 3929 distant
906 3866 947 3928 ab
968 3885 1019 3939 eo,
1036 3866 1122 3946 quod
1150 3867 1245 3928 vertit

144 3956 356 4050 Hieronymus.
373 3968 595 4031 diversimode
612 3985 689 4030 vero
704 3966 822 4031 incedit
834 3966 952 4030 Rollini
968 3968 1146 4041 translatio,
1159 3983 1244 4048 quae

144 4067 228 4126 totam
248 4052 439 4153 Hieronymi
455 4070 753 4148 interpretationem
767 4069 814 4132 sic
829 4070 974 4132 breviter
985 4067 1243 4147 comprehendit:

145 4160 222 4226 sllla
237 4170 322 4229 euim
345 4178 461 4231 natura
484 4166 579 4247 (Dei)
600 4170 661 4231 soli
676 4170 735 4233 sibi
758 4171 883 4249 cognita
898 4154 963 4233 est.
989 4167 1085 4232 Solus
1106 4186 1246 4249 namque

147 4259 227 4328 later
240 4271 331 4331 norit
343 4266 477 4348 Filium3
493 4278 526 4332 et
545 4270 635 4332 solus
648 4268 751 4333 Filius
763 4270 853 4332 uerit
868 4269 1007 4343 Patrem,
1021 4276 1052 4331 et
1072 4269 1162 4331 solus
1177 4267 1245 4349 Spi-

145 4364 212 4428 ritus
230 4366 366 4431 Sauctos
389 4379 616 4450 perscrutatur
633 4370 732 4433 etiam
754 4372 818 4434 alta
841 4369 941 4433 Dei.»
959 4369 993 4433 lu
1023 4370 1143 4451 quibus
1167 4370 1246 4434 nihil

148 4464 263 4531 ridetur
279 4471 526 4549 reprehensione
547 4472 691 4552 dignum.
708 4471 939 4537 Verumtamen
955 4473 1102 4553 quaestio
1125 4474 1247 4553 praeci·

145 4581 209 4640 pua,
224 4571 318 4634 sicuti
333 4573 374 4633 de
389 4573 766 4653 ceterisdispntavimus,
784 4575 814 4636 iu
832 4569 932 4637 d'nbio
951 4584 1113 4649 versatur,
1135 4582 1248 4638 ulrum

148 4671 271 4741 genuina
294 4674 402 4737 versio
424 4672 561 4753 llnllini,
583 4694 623 4738 un
645 4676 748 4740 altera
771 4672 959 4760 Hieronymi
983 4675 1116 4738 tenenda
1137 4676 1188 4739 sit.

1183 727 1352 801 lll·
