3375 5567
444 786 566 840 terram
589 759 740 859 tauquam
761 779 942 844 sensibilem
958 784 990 841 et
1011 779 1200 843 rationalem
1216 779 1293 843 dicit
1314 780 1541 844 communicare

443 879 680 948 habitatoribus
700 881 767 942 suis
787 881 855 942 sive
877 881 968 943 bonis
988 882 1056 942 sive
1078 881 1188 955 malis,
1213 881 1412 962 proindeque
1433 883 1541 944 hornan

444 983 596 1059 praemiis
610 988 667 1043 ant
689 982 797 1058 poenis
809 1003 820 1060 ;
834 1001 896 1046 uon
915 983 1009 1064 juxta
1027 1000 1125 1062 opera
1141 1002 1212 1056 soa,
1230 984 1324 1045 sicuti
1341 983 1475 1045 arbitrio
1488 1000 1543 1044 suo

444 1092 649 1162 perpetrata,
673 1084 734 1145 boe
754 1085 797 1145 ait
807 1103 820 1162 3
842 1094 890 1146 ast
908 1085 1129 1148 tautummodo
1151 1085 1231 1148 illud
1254 1086 1313 1147 sibi
1340 1085 1411 1148 suit
1431 1085 1470 1147 de
1490 1093 1545 1146 ter·

443 1201 477 1245 ra
499 1185 636 1264 passive,
658 1185 727 1246 sive
747 1185 884 1248 relative
906 1187 1131 1261 animadverti,
1154 1187 1429 1266 quemadmodum
1449 1191 1544 1266 pater,

443 1286 498 1365 qui
520 1284 560 1348 de
582 1285 648 1348 tllio
669 1304 731 1348 suo
753 1287 855 1366 probo
879 1287 928 1349 sel
952 1304 1053 1365 praru
1084 1291 1228 1351 laetetur
1247 1289 1315 1351 sire
1345 1289 1456 1350 dolete
1477 1288 1547 1366 quin

442 1387 563 1450 scilicet
586 1395 672 1449 terra
694 1388 874 1450 actionibus
898 1387 1109 1450 habitantium
1131 1396 1348 1468 cooperetur,
1373 1388 1475 1452 veluti
1496 1405 1547 1450 nec

442 1497 536 1567 pater
556 1487 698 1550 illiorum
721 1488 853 1550 bonitati
877 1489 1109 1562 communicat,
1122 1507 1191 1551 nec
1212 1504 1327 1551 eorum
1350 1490 1512 1567 pravitati.

525 1587 719 1667 itemquae
739 1589 937 1651 manilestlns
952 1591 1152 1672 propositum
1171 1591 1286 1672 jurant
1301 1590 1389 1652 circs
1411 1589 1548 1654 substau-

446 1692 505 1750 tias
533 1690 716 1753 materiales
739 1690 808 1752 sire
828 1690 985 1754 coelestes
1012 1694 1081 1754 sive
1104 1698 1286 1766 terrestres,
1306 1691 1338 1752 iu
1362 1689 1547 1769 obsequium

443 1807 540 1854 sunm
555 1807 573 1853 a
589 1789 657 1852 lieo
680 1799 826 1866 vocatas,
843 1809 881 1854 ac
903 1791 975 1854 idco
997 1794 1121 1854 ratione
1141 1793 1210 1854 sive
1231 1791 1443 1871 intelligentia
1466 1805 1549 1870 prae·

444 1891 538 1965 ditas,
554 1909 596 1952 ex
618 1910 684 1970 qno
712 1908 835 1954 morem
859 1891 906 1953 illi
932 1902 1062 1971 gerunt,
1081 1909 1119 1954 ac
1142 1891 1291 1953 mandata
1319 1896 1547 1964 serenantem

445 1975 551 2056 tamen
572 2010 631 2055 nec
647 2010 762 2056 resera
778 1997 928 2067 sentiant,
946 2011 1005 2055 nec
1024 1993 1203 2074 intelligant
1218 2011 1323 2073 neque
1338 1991 1477 2054 arbitrio
1495 2007 1548 2053 suo

444 2099 592 2169 utantur,
607 2094 837 2173 expenduntur
850 2095 890 2155 ab
912 2093 1059 2157 Auctore
1072 2113 1113 2157 ex
1129 2092 1219 2158 Seria
1238 2092 1546 2160 Commentariorum

443 2193 480 2256 ia
502 2193 713 2275 bonocellum
737 2193 892 2259 Monoeci
913 2213 942 2256 u.
964 2192 1022 2262 50:
1047 2217 1064 2254 u
1088 2194 1128 2258 Et
1147 2214 1286 2276 corpus,
1309 2195 1370 2269 sit,
1393 2192 1481 2274 quod
1500 2209 1547 2254 aa·

444 2297 545 2377 acepit
565 2295 604 2358 de
627 2299 748 2358 virtute
765 2294 931 2370 ditissimi,
954 2305 986 2358 et
1001 2297 1041 2358 de
1055 2295 1186 2377 Virgine
1208 2295 1396 2377 hujusmodi
1417 2294 1549 2358 ministe-

445 2397 529 2459 rium
552 2396 763 2469 ministrante,
786 2397 923 2460 debebat
944 2397 1111 2472 honorari,
1128 2406 1163 2460 ut
1184 2405 1217 2459 et
1236 2414 1338 2477 super
1358 2397 1476 2460 talibus
1496 2411 1548 2456 uu·

448 2495 542 2558 bibus
564 2497 706 2557 veniret:
732 2483 865 2558 forsitan
886 2513 986 2576 snper
1006 2496 1146 2559 nubibus
1167 2497 1315 2559 animatis
1336 2503 1369 2560 et
1390 2492 1546 2558 rationali·

445 2598 517 2669 bus,
540 2602 576 2658 nt
590 2613 630 2656 ne
649 2597 718 2658 siue
736 2597 855 2669 anima,
878 2603 910 2658 et
931 2596 1153 2660 irrationabile
1173 2604 1257 2660 essot
1273 2597 1458 2659 vehiculum
1483 2589 1547 2656 ltttt

444 2698 582 2763 bominis
602 2696 786 2777 gloriticati,
808 2700 894 2761 sieut
915 2699 977 2761 luit
997 2700 1064 2762 sine
1085 2701 1189 2761 anima
1211 2716 1352 2772 currus,
1375 2707 1408 2760 et
1427 2695 1545 2759 irratio

370 2843 380 2854 ·
444 2800 568 2881 nablies
588 2801 685 2879 equi,
718 2799 891 2879 inquibus
914 2800 999 2863 visus
1031 2808 1079 2864 est
1107 2799 1226 2863 assumi
1259 2797 1346 2861 Elias
1377 2795 1545 2860 secuudum

446 2904 647 2982 Scriptorum
661 2902 819 2964 dicentem
828 2922 838 2963 ε
847 2910 879 2963 at
890 2919 954 2964 ecca
968 2919 1082 2966 carras
1095 2902 1220 2982 ipanus,
1229 2908 1258 2961 et
1271 2900 1344 2982 eqni
1359 2898 1455 2980 ipat's.
1469 2895 1547 2973 Quo·

447 3006 533 3066 niam
548 3010 658 3066 autem
671 3005 830 3064 animatae
845 3012 875 3066 et
892 3003 1097 3066 rationabiles
1113 3003 1213 3066 nubes
1227 3009 1336 3075 erunt,
1353 3018 1438 3081 qnae
1460 3005 1546 3060 eruut

447 3104 634 3168 vehiculum
657 3100 730 3167 Filii
745 3101 815 3178 Dei,
838 3104 1035 3184 proterimus
1050 3104 1191 3183 exempli
1207 3121 1303 3166 causa
1319 3101 1408 3181 quod
1424 3101 1543 3165 dicitur:

445 3216 474 3269 tt
491 3190 607 3268 ueritas
628 3213 685 3267 tun
705 3223 801 3286 sasque
821 3207 864 3267 ed
884 3206 988 3268 nabes.
1012 3205 1052 3268 Et
1074 3208 1220 3269 iterum:
1252 3203 1408 3266 motato
1427 3199 1547 3264 nubilata

445 3325 485 3370 tat
501 3308 618 3388 pluunt
632 3324 728 3386 super
746 3307 852 3382 illem,
866 3306 1022 3387 pluuium.
1046 3305 1188 3369 ldarime
1203 3313 1312 3368 autem
1334 3323 1376 3366 ex
1398 3323 1449 3376 eo,
1471 3299 1545 3382 quod

446 3409 587 3472 dicitur:
620 3416 649 3469 et
668 3425 733 3470 acca
752 3406 849 3470 nabar
870 3406 978 3470 lucido
998 3406 1191 3469 obumbravit
1210 3425 1277 3476 eos,
1307 3415 1336 3468 et
1355 3423 1421 3467 eece
1441 3423 1498 3466 oon
1516 3401 1546 3461 dt

444 3510 526 3574 aute
545 3509 662 3572 diretta.
685 3507 758 3572 Non
782 3512 858 3589 quia
882 3509 982 3572 nubes
1005 3508 1077 3571 Filii
1094 3517 1163 3571 erat
1187 3507 1294 3579 Pater,
1316 3506 1371 3570 aed
1399 3514 1435 3569 ut
1456 3503 1546 3567 itadi·

446 3629 517 3673 eam
539 3618 600 3672 etc.
625 3627 641 3666 s
665 3610 894 3678 Animaduerte
915 3627 993 3689 ergo
1015 3609 1180 3690 quomodo
1202 3611 1374 3671 animatam
1397 3608 1478 3672 dicat
1497 3621 1545 3666 nu·

448 3712 519 3774 bem
540 3719 573 3774 et
594 3710 808 3784 rationalem,
831 3712 862 3772 in
885 3728 948 3790 qua
973 3692 1152 3772 vehebatur
1175 3707 1264 3770 illius
1286 3709 1436 3779 hominis,
1457 3721 1546 3785 equos

449 3829 526 3874 soro
548 3813 657 3889 igneos
677 3810 882 3872 irrationales
913 3816 1077 3890 nuncupet
1106 3817 1138 3871 et
1160 3826 1295 3872 currum
1328 3809 1544 3871 inanimatum.

447 3915 479 3972 in
500 3929 567 3991 quo
586 3911 736 3974 sublatus
756 3916 805 3972 est
826 3909 935 3986 Elias,
966 3919 999 3972 et
1020 3908 1185 3990 quomodo
1199 3909 1325 3974 nubem
1347 3905 1546 3972 animantibus

446 4013 610 4092 praeierat
631 4015 664 4074 in
686 4011 914 4073 rationalitate.
937 4009 1028 4074 Unde
1048 4012 1174 4090 liquet,
1205 4011 1382 4090 improprie
1404 4009 1445 4073 ibi
1465 4003 1543 4084 loqui

445 4113 632 4191 origenem,
647 4114 748 4192 posita
772 4113 831 4174 ista
854 4111 1057 4175 distinctione
1072 4114 1155 4175 inter
1168 4130 1269 4191 equos
1285 4121 1318 4174 et
1333 4129 1449 4174 currus
1472 4110 1544 4167 irra-

445 4215 579 4277 tionales
600 4222 633 4274 et
647 4215 731 4276 inter
752 4214 870 4275 unbem
894 4214 1096 4287 rationalem,
1114 4231 1151 4277 ao
1174 4213 1309 4278 relative
1333 4207 1539 4276 tautummodo

444 4317 600 4376 rationem
623 4315 801 4377 concedere
822 4314 981 4384 nubibus,
1005 4331 1068 4393 qua
1091 4315 1273 4377 necessario
1294 4327 1473 4394 supremam
1496 4325 1541 4368 ro·

447 4417 613 4478 luntstutu
634 4416 806 4494 explorent
828 4431 904 4494 erpa
930 4413 1050 4479 Filium
1074 4413 1143 4479 bet.
