3375 5567
459 785 567 862 occet,
584 788 616 849 in
635 787 834 869 perlectionc
851 789 981 855 virtutis
995 806 1013 853 a
1029 788 1168 855 mortuis
1182 797 1479 874 remrpeutesperes
1492 808 1536 855 so·

459 887 539 965 pelis
558 887 641 952 fieri.
664 888 820 954 Similiter
837 892 1072 973 interpretatur
1096 892 1132 954 is
1158 891 1330 973 Epictetum
1348 894 1390 957 ud
1409 890 1542 956 itm

459 984 527 1050 tto.
550 987 590 1052 Χ.
606 1009 639 1052 ιι.
660 988 692 1055 1.
713 992 861 1073 iuquiens
877 1010 1010 1074 regnum
1034 992 1104 1068 liei,
1121 1003 1255 1075 propter
1274 994 1362 1076 quoti
1381 995 1541 1056 leborsuus

456 1088 807 1173 elocutionemque
826 1110 887 1173 per
905 1110 994 1157 escae
1016 1101 1176 1171 constare,
1198 1112 1259 1159 uec
1276 1112 1335 1174 per
1355 1101 1479 1174 poiuuc
1497 1092 1540 1157 rel

456 1188 561 1251 aliens
582 1208 620 1253 en
641 1208 748 1255 esses
771 1211 871 1273 reguo
892 1191 968 1270 liei,
988 1202 1020 1257 et
1039 1194 1081 1257 ali
1095 1196 1149 1259 illa
1172 1196 1537 1259 couversationelntore:

460 1310 476 1347 e
502 1289 547 1353 ilii
568 1292 665 1368 enim,
686 1295 772 1358 sicot
791 1312 899 1375 neque
919 1296 1064 1371 nubunt,
1086 1312 1193 1376 oeque
1213 1294 1400 1371 nubentur,
1417 1294 1468 1359 setl
1485 1302 1545 1359 sust

457 1392 542 1455 sicut
561 1394 667 1473 angeli
680 1390 751 1469 llet,
772 1395 818 1457 sic
832 1414 939 1475 neque
960 1412 1078 1471 escunt,
1094 1413 1200 1477 neque
1221 1402 1335 1477 potum
1357 1392 1545 1467 sonunt,sei

457 1499 535 1555 snut
552 1493 637 1558 sicut
657 1496 762 1574 augeli
784 1494 888 1559 liet.»
913 1494 947 1557 lo
964 1513 1029 1576 qun
1050 1497 1250 1578 expositione
1271 1514 1332 1561 eeu
1351 1506 1441 1559 recto
1456 1495 1544 1561 sensui

455 1599 488 1655 et
511 1595 800 1673 comminuimus,
822 1615 898 1660 cum
914 1598 1000 1663 houd
1022 1598 1119 1662 aliter
1138 1606 1256 1679 putore
1276 1598 1383 1679 putuit
1395 1595 1543 1676 oseem,

456 1694 715 1760 concludendum
728 1706 777 1761 est
789 1707 940 1779 tauquam
952 1700 1101 1779 spurium
1113 1699 1222 1761 haberi
1238 1692 1545 1776 commentumque

454 1798 485 1859 ei
502 1796 639 1861 credidit
658 1796 878 1882 Epiphanius,
891 1808 948 1863 sut
964 1800 1162 1875 lietbertho,
1183 1802 1252 1863 sive
1272 1801 1420 1881 quisquis
1440 1797 1543 1875 inerim

455 1904 489 1960 et
509 1898 541 1960 iu
570 1917 638 1979 quo
659 1918 720 1991 per
738 1918 777 1964 eu
800 1902 897 1966 rerba
925 1912 1018 1967 erunt
1036 1900 1121 1965 metti
1146 1900 1255 1981 «noeti
1273 1898 1311 1965 t'rt
1331 1902 1425 1975 ereio,
1445 1908 1547 1963 statne·

454 1997 552 2061 betur
565 2016 623 2061 non
642 2002 676 2061 in
696 2003 950 2077 resurrectione,
964 2019 1039 2067 cum
1054 2006 1235 2067 ”cessario
1259 2003 1383 2083 angelis
1402 1999 1542 2081 amuleti

453 2100 641 2176 erimus,atl
660 2102 811 2165 eumdem
826 2104 960 2169 molum
980 2104 1162 2167 necessario
1187 2120 1284 2168 carne
1304 2102 1543 2167 criminose.

531 2200 686 2282 Spurium
700 2212 919 2269 commentum
934 2205 1014 2281 dixi,
1033 2222 1107 2270 cuns
1122 2206 1241 2271 centier
1263 2203 1325 2267 hoc
1338 2211 1549 2283 argumentum

454 2304 676 2382 pertractarit,
692 2315 791 2385 atque
804 2314 916 2369 contro
937 2315 1178 2385 praesumptam
1199 2306 1494 2385 interpretationem
1506 2316 1549 2362 or·

454 2403 597 2468 tlsoeexe
610 2405 735 2484 docuit,
755 2408 915 2473 homiuem
936 2410 969 2470 in
987 2409 1225 2473 rerurrectione
1249 2424 1392 2487 corpore
1411 2405 1477 2471 sire
1489 2420 1547 2469 car·

451 2520 493 2567 ue
513 2504 728 2571 retormntum
749 2511 802 2585 iri,
823 2507 1003 2575 nullimode
1025 2526 1104 2572 rere
1124 2509 1253 2573 nudari.
1275 2507 1323 2573 Ac
1348 2508 1479 2573 demum
1499 2506 1548 2567 loc

449 2604 644 2671 &remmia
671 2611 773 2689 ipsius
802 2611 926 2676 (lictum
957 2628 1129 2693 possumus
1160 2609 1315 2691 objicere,
1341 2609 1433 2690 quoti
1454 2604 1550 2671 iloni·

450 2705 494 2768 lta
521 2704 640 2773 XVlll.
670 2706 704 2776 i.
725 2711 762 2774 s'o
790 2710 980 2776 Hieremiam
1010 2710 1149 2792 protulit
1168 2727 1210 2774 ex
1232 2707 1418 2788 Prophetae
1439 2706 1550 2771 seriis:

449 2808 480 2869 ri
498 2811 653 2887 quomedo
672 2812 880 2902 fipuiusiste,
898 2824 1086 2894 respuere
1105 2814 1210 2894 secere
1228 2829 1296 2885 uos,
1317 2810 1432 2875 dem
1454 2808 1552 2881 lueri,

449 2907 530 2974 eiicir
544 2909 709 2976 Moser.
733 2912 768 2976 lu
795 2916 914 2995 quihus
928 2916 1065 2978 miretur
1085 2913 1332 2978 rerurrectionis
1354 2921 1484 2977 mirae
1497 2926 1552 2992 mp-

448 3012 586 3075 sterinm
599 3014 716 3094 inquit.
734 3036 752 3073 s
766 3015 799 3081 Si
813 3018 897 3081 euim
916 3033 971 3079 ras
984 3016 1110 3079 luteum
1125 3012 1278 3078 ceciderit
1293 3014 1333 3077 (ie
1349 3029 1450 3077 manu
1464 3008 1553 3091 troii

446 3108 509 3182 stri
531 3107 596 3184 irre'
616 3114 678 3195 τῆς
695 3111 889 3198 ὠκῆςῦλης
910 3116 968 3185 riu
989 3114 1094 3196 nulio
1113 3111 1170 3183 τὸυ
1191 3110 1288 3185 octo
1307 3115 1396 3185 uocis
1415 3103 1493 3183 dono*
1508 3108 1555 3199 lp·

446 3218 535 3311 pter
557 3216 671 3317 ἕτερον,
693 3224 789 3286 etiam
811 3240 853 3286 es
868 3224 980 3287 calam
996 3222 1141 3302 eiusdem
1154 3224 1214 3287 loti
1230 3223 1364 3285 muteris
1381 3223 1487 3301 ipsum
1507 3232 1553 3279 tit

447 3322 537 3384 atine
552 3321 642 3398 tecit,
656 3324 742 3391 sient
756 3324 918 3406 placuerit
931 3326 963 3388 in
985 3332 1160 3407 conspecto
1181 3340 1252 3391 ruo.
1270 3322 1383 3385 Potest
1395 3319 1554 3385 necnee

448 3438 568 3500 porum
580 3431 767 3489 nostrorum
783 3426 918 3507 figulus,
932 3435 965 3490 et
984 3433 1172 3491 structurae
1189 3432 1319 3489 nostroe
1340 3422 1467 3504 opiter,
1481 3425 1556 3501 peti·

449 3536 549 3601 quam
571 3524 633 3586 ltoc
653 3524 819 3602 ceciderit,
840 3534 874 3591 et
894 3544 1102 3607 quecumque
1115 3526 1156 3589 oe
1175 3543 1273 3589 mura
1293 3524 1474 3588 contritum
1494 3519 1554 3581 ioe-

448 3624 505 3701 rit,
527 3641 694 3688 resumere
708 3625 791 3689 illutl
813 3644 851 3691 sc
866 3642 1037 3705 ructare,
1059 3628 1220 3692 sciscere
1240 3627 1321 3691 illud
1345 3624 1553 3707 praestantius

454 3726 684 3804 resilierunt,
707 3738 807 3809 prout
824 3726 986 3809 placuerit
1008 3733 1041 3795 in
1061 3738 1234 3810 compecto
1256 3746 1328 3793 suo.
1353 3748 1372 3787 s

525 3828 679 3895 Ceterum
700 3834 733 3895 io
747 3829 808 3895 liae
822 3832 1011 3912 quaestione
1023 3832 1065 3895 ie
1079 3831 1196 3897 Christi
1218 3848 1389 3895 somnone:
1407 3827 1444 3893 iri
1458 3842 1554 3891 resur·

449 3932 702 4016 rectioremque
730 3932 868 4009 orclem,
889 3950 987 4014 repere
1007 3932 1190 4005 nubentur,
1217 3932 1285 3995 (luo
1307 3930 1388 3994 vidit
1407 3930 1556 4009 Origene

449 4042 561 4100 contra
577 4054 610 4099 se
633 4036 758 4110 venire,
772 4043 805 4098 ei
823 4036 959 4099 illorum
980 4036 1104 4099 scilieet
1116 4033 1319 4106 sententiam,
1342 4033 1472 4113 penitus
1492 4046 1557 4093 ocr-

449 4152 584 4218 poream
605 4138 877 4201 resurrectionem
898 4136 1152 4210 sustolleutlum,
1174 4141 1208 4197 et
1223 4133 1366 4196 oliorum
1387 4130 1558 4196 direntium

448 4240 480 4301 in
502 4238 617 4302 loturo
636 4238 750 4303 seculo
770 4239 915 4301 nomines
936 4237 1208 4311 monimntum,
1232 4234 1405 4307 bibituros,
1428 4246 1556 4311 opera·

450 4340 548 4405 luisse
567 4340 705 4405 laturos
725 4340 911 4404 carnalibus
931 4339 1060 4418 nuptiis.
1079 4338 1114 4400 lu
1135 4354 1198 4418 quo
1221 4354 1257 4399 re
1277 4334 1422 4399 medinm
1445 4332 1557 4399 ham

448 4442 513 4505 iter
533 4442 672 4519 luctor,
692 4450 726 4507 et
745 4443 894 4523 corporis
916 4442 1019 4505 tenuit
1038 4440 1195 4503 adversor
1224 4438 1346 4520 primm
1365 4436 1491 4499 realem
1512 4446 1558 4495 re-

447 4546 706 4626 surrectionem
722 4552 754 4609 et
767 4546 926 4610 adsumus
938 4541 1098 4609 secundos
1110 4539 1192 4607 illud
1207 4538 1359 4623 prolturit
1373 4550 1497 4617 cerpus
1511 4548 1557 4597 rr-
