<?xml version="1.0" encoding="UTF-8"?>
<!DOCTYPE html PUBLIC "-//W3C//DTD XHTML 1.0 Transitional//EN"
    "http://www.w3.org/TR/xhtml1/DTD/xhtml1-transitional.dtd">
<html xmlns="http://www.w3.org/1999/xhtml" xml:lang="en" lang="en">
 <head>
  <title>
</title>
<meta http-equiv="Content-Type" content="text/html;charset=utf-8" />
  <meta name='ocr-system' content='tesseract 3.04.00' />
  <meta name='ocr-capabilities' content='ocr_page ocr_carea ocr_par ocr_line ocrx_word'/>
</head>
<body>
  <div class='ocr_page' id='page_1' title='image "./insgregoriinyss02vincgoog/insgregoriinyss02vincgoog_0339.png"; bbox 0 0 3375 5567; ppageno 0'>
   <div class='ocr_carea' id='block_1_1' title="bbox 163 709 1232 2183">
    <p class='ocr_par' dir='ltr' id='par_1_1' title="bbox 164 709 1232 1653">
     <span class='ocr_line' id='line_1_1' title="bbox 1141 709 1225 762; baseline 0.036 -3"><span class='ocrx_word' id='word_1_1' title='bbox 1141 709 1225 762; x_wconf 82' lang='lat' dir='ltr'><strong>xxm</strong></span> 
     </span>
     <span class='ocr_line' id='line_1_2' title="bbox 169 812 1224 912; baseline 0.004 -25"><span class='ocrx_word' id='word_1_2' title='bbox 169 814 318 888; x_wconf 86' lang='lat' dir='ltr'><strong>calumnia</strong></span> <span class='ocrx_word' id='word_1_3' title='bbox 336 815 516 912; x_wconf 83' lang='lat' dir='ltr'><strong>pateliat3</strong></span> <span class='ocrx_word' id='word_1_4' title='bbox 543 829 581 888; x_wconf 92' lang='lat' dir='ltr'><strong>et</strong></span> <span class='ocrx_word' id='word_1_5' title='bbox 598 812 828 911; x_wconf 75' lang='lat' dir='ltr'><strong>origenianae</strong></span> <span class='ocrx_word' id='word_1_6' title='bbox 858 812 1013 909; x_wconf 89' lang='lat' dir='ltr'><strong>undique</strong></span> <span class='ocrx_word' id='word_1_7' title='bbox 1033 814 1224 909; x_wconf 77' lang='lat' dir='ltr'>splendeat</span> 
     </span>
     <span class='ocr_line' id='line_1_3' title="bbox 169 938 1226 1039; baseline 0.004 -26"><span class='ocrx_word' id='word_1_8' title='bbox 169 941 326 1017; x_wconf 88' lang='lat' dir='ltr'><strong>doctrinas</strong></span> <span class='ocrx_word' id='word_1_9' title='bbox 340 942 544 1039; x_wconf 75' lang='lat' dir='ltr'>integritas.</span> <span class='ocrx_word' id='word_1_10' title='bbox 561 939 609 1016; x_wconf 87' lang='lat' dir='ltr'><strong>Et</strong></span> <span class='ocrx_word' id='word_1_11' title='bbox 627 942 693 1026; x_wconf 89' lang='lat' dir='ltr'><strong>sic,</strong></span> <span class='ocrx_word' id='word_1_12' title='bbox 707 941 803 1039; x_wconf 90' lang='lat' dir='ltr'><strong>quod</strong></span> <span class='ocrx_word' id='word_1_13' title='bbox 820 938 975 1037; x_wconf 87' lang='lat' dir='ltr'><strong>amplius</strong></span> <span class='ocrx_word' id='word_1_14' title='bbox 992 953 1166 1035; x_wconf 76' lang='lat' dir='ltr'><strong>praestat,</strong></span> <span class='ocrx_word' id='word_1_15' title='bbox 1177 942 1226 1017; x_wconf 86' lang='lat' dir='ltr'><strong>la·</strong></span> 
     </span>
     <span class='ocr_line' id='line_1_4' title="bbox 167 1066 1226 1165; baseline 0.002 -24"><span class='ocrx_word' id='word_1_16' title='bbox 167 1090 230 1142; x_wconf 88' lang='lat' dir='ltr'><strong>mae</strong></span> <span class='ocrx_word' id='word_1_17' title='bbox 257 1068 399 1143; x_wconf 91' lang='lat' dir='ltr'><strong>illorum</strong></span> <span class='ocrx_word' id='word_1_18' title='bbox 436 1070 573 1165; x_wconf 87' lang='lat' dir='ltr'><strong>pariter</strong></span> <span class='ocrx_word' id='word_1_19' title='bbox 601 1067 891 1143; x_wconf 87' lang='lat' dir='ltr'><strong>consuluerimus</strong></span> <span class='ocrx_word' id='word_1_20' title='bbox 924 1066 1226 1163; x_wconf 88' lang='lat' dir='ltr'><strong>irreprehensibi-</strong></span> 
     </span>
     <span class='ocr_line' id='line_1_5' title="bbox 166 1193 1226 1289; baseline 0.006 -24"><span class='ocrx_word' id='word_1_21' title='bbox 166 1194 235 1269; x_wconf 83' lang='lat' dir='ltr'><strong>lium</strong></span> <span class='ocrx_word' id='word_1_22' title='bbox 260 1208 296 1269; x_wconf 90' lang='lat' dir='ltr'><strong>st</strong></span> <span class='ocrx_word' id='word_1_23' title='bbox 322 1195 635 1270; x_wconf 89' lang='lat' dir='ltr'><strong>sanctissimorum</strong></span> <span class='ocrx_word' id='word_1_24' title='bbox 666 1196 838 1279; x_wconf 86' lang='lat' dir='ltr'><strong>virorum,</strong></span> <span class='ocrx_word' id='word_1_25' title='bbox 860 1194 1020 1289; x_wconf 85' lang='lat' dir='ltr'><strong>pictatis,</strong></span> <span class='ocrx_word' id='word_1_26' title='bbox 1041 1193 1226 1272; x_wconf 88' lang='lat' dir='ltr'><strong>doctrinae</strong></span> 
     </span>
     <span class='ocr_line' id='line_1_6' title="bbox 165 1320 1232 1421; baseline 0.002 -25"><span class='ocrx_word' id='word_1_27' title='bbox 165 1339 194 1396; x_wconf 87' lang='lat' dir='ltr'><strong>ct</strong></span> <span class='ocrx_word' id='word_1_28' title='bbox 214 1324 370 1397; x_wconf 91' lang='lat' dir='ltr'><strong>omnium</strong></span> <span class='ocrx_word' id='word_1_29' title='bbox 400 1323 651 1421; x_wconf 78' lang='lat' dir='ltr'><strong>praebentium</strong></span> <span class='ocrx_word' id='word_1_30' title='bbox 680 1324 716 1396; x_wconf 92' lang='lat' dir='ltr'><strong>in</strong></span> <span class='ocrx_word' id='word_1_31' title='bbox 746 1322 907 1397; x_wconf 78' lang='lat' dir='ltr'><strong>Ecclesia</strong></span> <span class='ocrx_word' id='word_1_32' title='bbox 936 1320 1072 1397; x_wconf 79' lang='lat' dir='ltr'><strong>Christi</strong></span> <span class='ocrx_word' id='word_1_33' title='bbox 1106 1346 1232 1399; x_wconf 86' lang='lat' dir='ltr'><strong>exem·</strong></span> 
     </span>
     <span class='ocr_line' id='line_1_7' title="bbox 164 1447 1230 1549; baseline 0.007 -30"><span class='ocrx_word' id='word_1_34' title='bbox 164 1448 210 1545; x_wconf 85' lang='lat' dir='ltr'><strong>pla</strong></span> <span class='ocrx_word' id='word_1_35' title='bbox 234 1452 423 1538; x_wconf 83' lang='lat' dir='ltr'><strong>uirtutum3</strong></span> <span class='ocrx_word' id='word_1_36' title='bbox 448 1451 509 1549; x_wconf 89' lang='lat' dir='ltr'><strong>qui</strong></span> <span class='ocrx_word' id='word_1_37' title='bbox 538 1450 586 1525; x_wconf 93' lang='lat' dir='ltr'><strong>ob</strong></span> <span class='ocrx_word' id='word_1_38' title='bbox 604 1449 771 1547; x_wconf 80' lang='lat' dir='ltr'><strong>Origenis</strong></span> <span class='ocrx_word' id='word_1_39' title='bbox 791 1447 980 1524; x_wconf 78' lang='lat' dir='ltr'><strong>tuitionem</strong></span> <span class='ocrx_word' id='word_1_40' title='bbox 1004 1450 1039 1523; x_wconf 92' lang='lat' dir='ltr'><strong>in</strong></span> <span class='ocrx_word' id='word_1_41' title='bbox 1060 1450 1230 1547; x_wconf 89' lang='lat' dir='ltr'><strong>suspicio·</strong></span> 
     </span>
     <span class='ocr_line' id='line_1_8' title="bbox 165 1577 742 1653; baseline 0.003 -6"><span class='ocrx_word' id='word_1_42' title='bbox 165 1598 229 1649; x_wconf 88' lang='lat' dir='ltr'><strong>nem</strong></span> <span class='ocrx_word' id='word_1_43' title='bbox 253 1578 398 1653; x_wconf 90' lang='lat' dir='ltr'><strong>deducti</strong></span> <span class='ocrx_word' id='word_1_44' title='bbox 424 1590 511 1652; x_wconf 90' lang='lat' dir='ltr'><strong>sunt</strong></span> <span class='ocrx_word' id='word_1_45' title='bbox 536 1577 742 1653; x_wconf 88' lang='lat' dir='ltr'><strong>haereseos.</strong></span> 
     </span>
    </p>

    <p class='ocr_par' dir='ltr' id='par_1_2' title="bbox 163 1702 1232 2183">
     <span class='ocr_line' id='line_1_9' title="bbox 248 1702 1230 1801; baseline 0.005 -24"><span class='ocrx_word' id='word_1_46' title='bbox 248 1702 468 1791; x_wconf 74' lang='lat' dir='ltr'><strong>durissimo,</strong></span> <span class='ocrx_word' id='word_1_47' title='bbox 495 1728 579 1779; x_wconf 91' lang='lat' dir='ltr'><strong>cum</strong></span> <span class='ocrx_word' id='word_1_48' title='bbox 607 1705 752 1801; x_wconf 90' lang='lat' dir='ltr'><strong>saepius</strong></span> <span class='ocrx_word' id='word_1_49' title='bbox 780 1704 815 1775; x_wconf 91' lang='lat' dir='ltr'><strong>in</strong></span> <span class='ocrx_word' id='word_1_50' title='bbox 845 1704 901 1777; x_wconf 91' lang='lat' dir='ltr'><strong>his</strong></span> <span class='ocrx_word' id='word_1_51' title='bbox 928 1704 1230 1791; x_wconf 79' lang='lat' dir='ltr'><strong>discussionibus,</strong></span> 
     </span>
     <span class='ocr_line' id='line_1_10' title="bbox 164 1818 1232 1931; baseline 0.005 -29"><span class='ocrx_word' id='word_1_52' title='bbox 164 1831 240 1905; x_wconf 88' lang='lat' dir='ltr'><strong>sicut</strong></span> <span class='ocrx_word' id='word_1_53' title='bbox 263 1846 388 1918; x_wconf 80' lang='lat' dir='ltr'><strong>ames,</strong></span> <span class='ocrx_word' id='word_1_54' title='bbox 416 1818 566 1907; x_wconf 88' lang='lat' dir='ltr'><strong>necesse</strong></span> <span class='ocrx_word' id='word_1_55' title='bbox 594 1832 645 1906; x_wconf 90' lang='lat' dir='ltr'><strong>sit</strong></span> <span class='ocrx_word' id='word_1_56' title='bbox 672 1842 837 1906; x_wconf 85' lang='lat' dir='ltr'><strong>ueterum</strong></span> <span class='ocrx_word' id='word_1_57' title='bbox 867 1829 1051 1907; x_wconf 81' lang='lat' dir='ltr'><strong>Ecclesiae</strong></span> <span class='ocrx_word' id='word_1_58' title='bbox 1066 1830 1232 1931; x_wconf 90' lang='lat' dir='ltr'><strong>Scripto-</strong></span> 
     </span>
     <span class='ocr_line' id='line_1_11' title="bbox 163 1955 1228 2056; baseline 0.005 -29"><span class='ocrx_word' id='word_1_59' title='bbox 163 1978 239 2040; x_wconf 89' lang='lat' dir='ltr'><strong>mm,</strong></span> <span class='ocrx_word' id='word_1_60' title='bbox 264 1972 374 2056; x_wconf 86' lang='lat' dir='ltr'><strong>atque</strong></span> <span class='ocrx_word' id='word_1_61' title='bbox 395 1958 507 2032; x_wconf 88' lang='lat' dir='ltr'><strong>etiam</strong></span> <span class='ocrx_word' id='word_1_62' title='bbox 535 1973 744 2033; x_wconf 86' lang='lat' dir='ltr'><strong>sanctorum</strong></span> <span class='ocrx_word' id='word_1_63' title='bbox 766 1955 916 2030; x_wconf 84' lang='lat' dir='ltr'><strong>Petrum</strong></span> <span class='ocrx_word' id='word_1_64' title='bbox 944 1960 1097 2031; x_wconf 88' lang='lat' dir='ltr'><strong>scrutari</strong></span> <span class='ocrx_word' id='word_1_65' title='bbox 1117 1958 1228 2044; x_wconf 87' lang='lat' dir='ltr'><strong>dicta,</strong></span> 
     </span>
     <span class='ocr_line' id='line_1_12' title="bbox 165 2082 1232 2183; baseline 0.007 -30"><span class='ocrx_word' id='word_1_66' title='bbox 165 2082 272 2180; x_wconf 87' lang='lat' dir='ltr'><strong>hisque</strong></span> <span class='ocrx_word' id='word_1_67' title='bbox 299 2084 412 2159; x_wconf 85' lang='lat' dir='ltr'><strong>iidem</strong></span> <span class='ocrx_word' id='word_1_68' title='bbox 439 2085 613 2183; x_wconf 76' lang='lat' dir='ltr'><strong>derogare</strong></span> <span class='ocrx_word' id='word_1_69' title='bbox 639 2084 687 2158; x_wconf 94' lang='lat' dir='ltr'><strong>oh</strong></span> <span class='ocrx_word' id='word_1_70' title='bbox 714 2108 771 2171; x_wconf 87' lang='lat' dir='ltr'><strong>oa,</strong></span> <span class='ocrx_word' id='word_1_71' title='bbox 789 2108 883 2182; x_wconf 88' lang='lat' dir='ltr'><strong>quae</strong></span> <span class='ocrx_word' id='word_1_72' title='bbox 911 2086 1085 2159; x_wconf 84' lang='lat' dir='ltr'><strong>aduersus</strong></span> <span class='ocrx_word' id='word_1_73' title='bbox 1104 2084 1232 2181; x_wconf 78' lang='lat' dir='ltr'><strong>Orige-</strong></span> 
     </span>
    </p>
   </div>
   <div class='ocr_carea' id='block_1_2' title="bbox 164 2210 1233 2436">
    <p class='ocr_par' dir='ltr' id='par_1_3' title="bbox 98 2210 1233 2446">
     <span class='ocr_line' id='line_1_13' title="bbox 165 2210 1230 2308; baseline -0.021 -3.42"><span class='ocrx_word' id='word_1_74' title='bbox 165 2231 231 2281; x_wconf 81' lang='lat' dir='ltr'><strong>uem</strong></span> <span class='ocrx_word' id='word_1_75' title='bbox 258 2224 596 2308; x_wconf 82' lang='lat' dir='ltr'><strong>praesumpserunt,</strong></span> <span class='ocrx_word' id='word_1_76' title='bbox 623 2211 685 2285; x_wconf 91' lang='lat' dir='ltr'><strong>alii</strong></span> <span class='ocrx_word' id='word_1_77' title='bbox 714 2210 760 2284; x_wconf 89' lang='lat' dir='ltr'><strong>ab</strong></span> <span class='ocrx_word' id='word_1_78' title='bbox 787 2210 868 2283; x_wconf 89' lang='lat' dir='ltr'><strong>aliis</strong></span> <span class='ocrx_word' id='word_1_79' title='bbox 896 2210 1016 2284; x_wconf 87' lang='lat' dir='ltr'><strong>minus</strong></span> <span class='ocrx_word' id='word_1_80' title='bbox 1043 2225 1149 2285; x_wconf 89' lang='lat' dir='ltr'><strong>caute</strong></span> <span class='ocrx_word' id='word_1_81' title='bbox 1171 2211 1230 2285; x_wconf 90' lang='lat' dir='ltr'><strong>di-</strong></span> 
     </span>
     <span class='ocr_line' id='line_1_14' title="bbox 164 2337 1233 2436; baseline 0.003 -25.826"><span class='ocrx_word' id='word_1_82' title='bbox 164 2349 208 2409; x_wconf 90' lang='lat' dir='ltr'><strong>cta</strong></span> <span class='ocrx_word' id='word_1_83' title='bbox 232 2339 466 2436; x_wconf 83' lang='lat' dir='ltr'><strong>recipientes,</strong></span> <span class='ocrx_word' id='word_1_84' title='bbox 505 2338 749 2436; x_wconf 76' lang='lat' dir='ltr'><strong>neglectisque</strong></span> <span class='ocrx_word' id='word_1_85' title='bbox 778 2338 951 2423; x_wconf 87' lang='lat' dir='ltr'><strong>fontibus,</strong></span> <span class='ocrx_word' id='word_1_86' title='bbox 980 2337 1076 2413; x_wconf 91' lang='lat' dir='ltr'><strong>unde</strong></span> <span class='ocrx_word' id='word_1_87' title='bbox 1107 2339 1233 2432; x_wconf 76' lang='lat' dir='ltr'><strong>huius·</strong></span> 
     </span>
    </p>
   </div>
   <div class='ocr_carea' id='block_1_3' title="bbox 164 2452 1244 2543">
    <p class='ocr_par' dir='ltr' id='par_1_4' title="bbox 164 2452 1244 2543">
     <span class='ocr_line' id='line_1_15' title="bbox 164 2452 1244 2543; baseline 0.006 -6"><span class='ocrx_word' id='word_1_88' title='bbox 164 2466 243 2537; x_wconf 90' lang='lat' dir='ltr'><strong>modi</strong></span> <span class='ocrx_word' id='word_1_89' title='bbox 283 2480 504 2541; x_wconf 87' lang='lat' dir='ltr'><strong>emanarunt</strong></span> <span class='ocrx_word' id='word_1_90' title='bbox 530 2466 826 2541; x_wconf 84' lang='lat' dir='ltr'><strong>criminationes:</strong></span> <span class='ocrx_word' id='word_1_91' title='bbox 869 2466 951 2540; x_wconf 92' lang='lat' dir='ltr'><strong>ideo</strong></span> <span class='ocrx_word' id='word_1_92' title='bbox 978 2490 1048 2539; x_wconf 91' lang='lat' dir='ltr'><strong>non</strong></span> <span class='ocrx_word' id='word_1_93' title='bbox 1091 2464 1156 2541; x_wconf 89' lang='lat' dir='ltr'><strong>abs</strong></span> <span class='ocrx_word' id='word_1_94' title='bbox 1192 2452 1244 2543; x_wconf 85' lang='lat' dir='ltr'><strong>re</strong></span> 
     </span>
    </p>
   </div>
   <div class='ocr_carea' id='block_1_4' title="bbox 98 2578 1236 2676">
    <p class='ocr_par' dir='ltr' id='par_1_5' title="bbox 98 2578 1236 2676">
     <span class='ocr_line' id='line_1_16' title="bbox 98 2578 1236 2676; baseline 0.005 -12"><span class='ocrx_word' id='word_1_95' title='bbox 98 2595 100 2654; x_wconf 75' lang='grc' dir='ltr'><strong>ἓ</strong></span> <span class='ocrx_word' id='word_1_96' title='bbox 163 2578 390 2676; x_wconf 72' lang='lat' dir='ltr'><strong>scitharum</strong></span> <span class='ocrx_word' id='word_1_97' title='bbox 423 2593 569 2668; x_wconf 92' lang='lat' dir='ltr'><strong>nomina</strong></span> <span class='ocrx_word' id='word_1_98' title='bbox 598 2593 658 2667; x_wconf 92' lang='lat' dir='ltr'><strong>hlc</strong></span> <span class='ocrx_word' id='word_1_99' title='bbox 688 2616 902 2668; x_wconf 83' lang='lat' dir='ltr'><strong>recensere:</strong></span> <span class='ocrx_word' id='word_1_100' title='bbox 932 2593 1072 2668; x_wconf 91' lang='lat' dir='ltr'><strong>seilicet</strong></span> <span class='ocrx_word' id='word_1_101' title='bbox 1099 2618 1130 2668; x_wconf 84' lang='lat' dir='ltr'><strong>s.</strong></span> <span class='ocrx_word' id='word_1_102' title='bbox 1158 2593 1236 2670; x_wconf 87' lang='lat' dir='ltr'><strong>hle-</strong></span> 
     </span>
    </p>
   </div>
   <div class='ocr_carea' id='block_1_5' title="bbox 160 2714 1238 3447">
    <p class='ocr_par' dir='ltr' id='par_1_6' title="bbox 160 2714 1238 3447">
     <span class='ocr_line' id='line_1_17' title="bbox 163 2714 1228 2817; baseline 0.006 -27"><span class='ocrx_word' id='word_1_103' title='bbox 163 2717 259 2791; x_wconf 87' lang='lat' dir='ltr'><strong>tbodii</strong></span> <span class='ocrx_word' id='word_1_104' title='bbox 279 2716 467 2814; x_wconf 79' lang='lat' dir='ltr'><strong>Martyris,</strong></span> <span class='ocrx_word' id='word_1_105' title='bbox 486 2742 519 2791; x_wconf 91' lang='lat' dir='ltr'><strong>s.</strong></span> <span class='ocrx_word' id='word_1_106' title='bbox 541 2717 732 2817; x_wconf 91' lang='lat' dir='ltr'><strong>Epiphanii</strong></span> <span class='ocrx_word' id='word_1_107' title='bbox 751 2732 878 2792; x_wconf 88' lang='lat' dir='ltr'><strong>contra</strong></span> <span class='ocrx_word' id='word_1_108' title='bbox 899 2718 1085 2793; x_wconf 84' lang='lat' dir='ltr'><strong>Hacresim</strong></span> <span class='ocrx_word' id='word_1_109' title='bbox 1107 2744 1142 2793; x_wconf 91' lang='lat' dir='ltr'><strong>n.</strong></span> <span class='ocrx_word' id='word_1_110' title='bbox 1162 2714 1228 2796; x_wconf 75' lang='lat' dir='ltr'><strong>bd.</strong></span> 
     </span>
     <span class='ocr_line' id='line_1_18' title="bbox 162 2842 1232 2945; baseline 0.005 -30"><span class='ocrx_word' id='word_1_111' title='bbox 162 2856 192 2917; x_wconf 88' lang='lat' dir='ltr'><strong>st</strong></span> <span class='ocrx_word' id='word_1_112' title='bbox 213 2844 429 2942; x_wconf 90' lang='lat' dir='ltr'><strong>praesertim</strong></span> <span class='ocrx_word' id='word_1_113' title='bbox 462 2845 499 2916; x_wconf 89' lang='lat' dir='ltr'><strong>in</strong></span> <span class='ocrx_word' id='word_1_114' title='bbox 543 2843 705 2942; x_wconf 92' lang='lat' dir='ltr'><strong>Epistola</strong></span> <span class='ocrx_word' id='word_1_115' title='bbox 747 2846 792 2919; x_wconf 91' lang='lat' dir='ltr'><strong>ad</strong></span> <span class='ocrx_word' id='word_1_116' title='bbox 819 2844 996 2919; x_wconf 78' lang='lat' dir='ltr'><strong>loannem</strong></span> <span class='ocrx_word' id='word_1_117' title='bbox 1029 2842 1232 2945; x_wconf 85' lang='lat' dir='ltr'><strong>Hierosoly-</strong></span> 
     </span>
     <span class='ocr_line' id='line_1_19' title="bbox 162 2968 1233 3069; baseline 0.007 -28"><span class='ocrx_word' id='word_1_118' title='bbox 162 2969 355 3056; x_wconf 85' lang='lat' dir='ltr'><strong>mitannun,</strong></span> <span class='ocrx_word' id='word_1_119' title='bbox 383 2968 574 3069; x_wconf 82' lang='lat' dir='ltr'><strong>Theophili</strong></span> <span class='ocrx_word' id='word_1_120' title='bbox 602 2972 761 3067; x_wconf 88' lang='lat' dir='ltr'><strong>episcopi</strong></span> <span class='ocrx_word' id='word_1_121' title='bbox 790 2970 1017 3044; x_wconf 85' lang='lat' dir='ltr'><strong>alexandrini</strong></span> <span class='ocrx_word' id='word_1_122' title='bbox 1044 2972 1079 3043; x_wconf 92' lang='lat' dir='ltr'><strong>in</strong></span> <span class='ocrx_word' id='word_1_123' title='bbox 1117 2972 1233 3069; x_wconf 79' lang='lat' dir='ltr'><strong>Syno-</strong></span> 
     </span>
     <span class='ocr_line' id='line_1_20' title="bbox 160 3095 1234 3195; baseline 0.005 -28"><span class='ocrx_word' id='word_1_124' title='bbox 160 3095 226 3169; x_wconf 82' lang='lat' dir='ltr'><strong>dics</strong></span> <span class='ocrx_word' id='word_1_125' title='bbox 252 3112 292 3174; x_wconf 84' lang='lat' dir='ltr'><strong>et</strong></span> <span class='ocrx_word' id='word_1_126' title='bbox 321 3097 359 3171; x_wconf 93' lang='lat' dir='ltr'><strong>in</strong></span> <span class='ocrx_word' id='word_1_127' title='bbox 387 3097 528 3173; x_wconf 85' lang='lat' dir='ltr'><strong>duabus</strong></span> <span class='ocrx_word' id='word_1_128' title='bbox 556 3096 731 3195; x_wconf 89' lang='lat' dir='ltr'><strong>Epistolis</strong></span> <span class='ocrx_word' id='word_1_129' title='bbox 760 3096 1019 3183; x_wconf 83' lang='lat' dir='ltr'><strong>Paschalibus3</strong></span> <span class='ocrx_word' id='word_1_130' title='bbox 1047 3122 1077 3170; x_wconf 90' lang='lat' dir='ltr'><strong>s.</strong></span> <span class='ocrx_word' id='word_1_131' title='bbox 1107 3096 1234 3173; x_wconf 87' lang='lat' dir='ltr'><strong>Hiero·</strong></span> 
     </span>
     <span class='ocr_line' id='line_1_21' title="bbox 160 3221 1235 3321; baseline 0.007 -28"><span class='ocrx_word' id='word_1_132' title='bbox 160 3226 243 3318; x_wconf 76' lang='lat' dir='ltr'><strong>uymi</strong></span> <span class='ocrx_word' id='word_1_133' title='bbox 273 3226 309 3298; x_wconf 92' lang='lat' dir='ltr'><strong>in</strong></span> <span class='ocrx_word' id='word_1_134' title='bbox 332 3224 450 3299; x_wconf 84' lang='lat' dir='ltr'><strong>Libris</strong></span> <span class='ocrx_word' id='word_1_135' title='bbox 477 3226 653 3312; x_wconf 82' lang='lat' dir='ltr'><strong>adversus</strong></span> <span class='ocrx_word' id='word_1_136' title='bbox 674 3224 859 3299; x_wconf 84' lang='lat' dir='ltr'><strong>Ruffinum</strong></span> <span class='ocrx_word' id='word_1_137' title='bbox 889 3238 926 3298; x_wconf 91' lang='lat' dir='ltr'><strong>et</strong></span> <span class='ocrx_word' id='word_1_138' title='bbox 942 3225 977 3297; x_wconf 93' lang='lat' dir='ltr'><strong>in</strong></span> <span class='ocrx_word' id='word_1_139' title='bbox 1003 3221 1169 3321; x_wconf 59' lang='lat' dir='ltr'><strong>,Epistola</strong></span> <span class='ocrx_word' id='word_1_140' title='bbox 1190 3228 1235 3300; x_wconf 92' lang='lat' dir='ltr'><strong>ad</strong></span> 
     </span>
     <span class='ocr_line' id='line_1_22' title="bbox 161 3348 1238 3447; baseline 0.006 -27"><span class='ocrx_word' id='word_1_141' title='bbox 161 3349 297 3425; x_wconf 76' lang='lat' dir='ltr'><strong>Auitum</strong></span> <span class='ocrx_word' id='word_1_142' title='bbox 327 3367 367 3426; x_wconf 90' lang='lat' dir='ltr'><strong>et</strong></span> <span class='ocrx_word' id='word_1_143' title='bbox 394 3351 481 3424; x_wconf 87' lang='lat' dir='ltr'><strong>alibi</strong></span> <span class='ocrx_word' id='word_1_144' title='bbox 496 3374 510 3437; x_wconf 84' lang='lat'>3</span> <span class='ocrx_word' id='word_1_145' title='bbox 537 3348 718 3447; x_wconf 79' lang='lat' dir='ltr'><strong>Antipatri</strong></span> <span class='ocrx_word' id='word_1_146' title='bbox 747 3352 784 3423; x_wconf 91' lang='lat' dir='ltr'><strong>in</strong></span> <span class='ocrx_word' id='word_1_147' title='bbox 812 3348 966 3434; x_wconf 84' lang='lat' dir='ltr'><strong>Libello,</strong></span> <span class='ocrx_word' id='word_1_148' title='bbox 993 3372 1101 3447; x_wconf 85' lang='lat' dir='ltr'><strong>quern</strong></span> <span class='ocrx_word' id='word_1_149' title='bbox 1130 3351 1238 3426; x_wconf 85' lang='lat' dir='ltr'><strong>obtu-</strong></span> 
     </span>
    </p>
   </div>
   <div class='ocr_carea' id='block_1_6' title="bbox 97 3474 1277 3597">
    <p class='ocr_par' dir='ltr' id='par_1_7' title="bbox 97 3474 1277 3597">
     <span class='ocr_line' id='line_1_23' title="bbox 97 3474 1277 3597; baseline 0.013 -59"><span class='ocrx_word' id='word_1_150' title='bbox 97 3491 99 3538; x_wconf 78' lang='lat' dir='ltr'><strong>l</strong></span> <span class='ocrx_word' id='word_1_151' title='bbox 162 3474 196 3547; x_wconf 84' lang='lat' dir='ltr'><strong>lit</strong></span> <span class='ocrx_word' id='word_1_152' title='bbox 219 3476 428 3574; x_wconf 89' lang='lat' dir='ltr'><strong>Ephraemn</strong></span> <span class='ocrx_word' id='word_1_153' title='bbox 455 3476 710 3561; x_wconf 78' lang='lat' dir='ltr'><strong>Antiochsmo,</strong></span> <span class='ocrx_word' id='word_1_154' title='bbox 730 3490 769 3551; x_wconf 92' lang='lat' dir='ltr'><strong>et</strong></span> <span class='ocrx_word' id='word_1_155' title='bbox 795 3476 989 3549; x_wconf 76' lang='lat' dir='ltr'><strong>iustiniani</strong></span> <span class='ocrx_word' id='word_1_156' title='bbox 1014 3478 1049 3550; x_wconf 90' lang='lat' dir='ltr'><strong>in</strong></span> <span class='ocrx_word' id='word_1_157' title='bbox 1077 3476 1239 3575; x_wconf 90' lang='lat' dir='ltr'><strong>Epistola</strong></span> <span class='ocrx_word' id='word_1_158' title='bbox 1267 3570 1277 3597; x_wconf 82' lang='lat'><strong>.</strong></span> 
     </span>
    </p>
   </div>
   <div class='ocr_carea' id='block_1_7' title="bbox 160 3602 1236 3700">
    <p class='ocr_par' dir='ltr' id='par_1_8' title="bbox 160 3602 1236 3700">
     <span class='ocr_line' id='line_1_24' title="bbox 160 3602 1236 3700; baseline 0.007 -29"><span class='ocrx_word' id='word_1_159' title='bbox 160 3602 198 3673; x_wconf 89' lang='lat' dir='ltr'><strong>ad</strong></span> <span class='ocrx_word' id='word_1_160' title='bbox 235 3604 421 3678; x_wconf 76' lang='lat' dir='ltr'><strong>Mannum.</strong></span> <span class='ocrx_word' id='word_1_161' title='bbox 465 3603 528 3676; x_wconf 89' lang='lat' dir='ltr'><strong>lsti</strong></span> <span class='ocrx_word' id='word_1_162' title='bbox 577 3626 642 3699; x_wconf 92' lang='lat' dir='ltr'><strong>per</strong></span> <span class='ocrx_word' id='word_1_163' title='bbox 688 3603 925 3700; x_wconf 76' lang='lat' dir='ltr'><strong>scripturus</strong></span> <span class='ocrx_word' id='word_1_164' title='bbox 969 3602 1134 3699; x_wconf 79' lang='lat' dir='ltr'><strong>Origenis</strong></span> <span class='ocrx_word' id='word_1_165' title='bbox 1175 3628 1236 3679; x_wconf 89' lang='lat' dir='ltr'><strong>re·</strong></span> 
     </span>
    </p>
   </div>
   <div class='ocr_carea' id='block_1_8' title="bbox 98 3726 1237 3955">
    <p class='ocr_par' dir='ltr' id='par_1_9' title="bbox 98 3726 1237 3955">
     <span class='ocr_line' id='line_1_25' title="bbox 98 3726 1237 3828; baseline 0.006 -31"><span class='ocrx_word' id='word_1_166' title='bbox 98 3747 99 3828; x_wconf 67' lang='lat' dir='ltr'><strong>j</strong></span> <span class='ocrx_word' id='word_1_167' title='bbox 161 3726 317 3805; x_wconf 89' lang='lat' dir='ltr'><strong>lutarunt</strong></span> <span class='ocrx_word' id='word_1_168' title='bbox 343 3752 501 3814; x_wconf 85' lang='lat' dir='ltr'><strong>errores,</strong></span> <span class='ocrx_word' id='word_1_169' title='bbox 529 3753 685 3826; x_wconf 87' lang='lat' dir='ltr'><strong>eumque</strong></span> <span class='ocrx_word' id='word_1_170' title='bbox 719 3729 943 3802; x_wconf 89' lang='lat' dir='ltr'><strong>haereticum</strong></span> <span class='ocrx_word' id='word_1_171' title='bbox 983 3728 1237 3805; x_wconf 88' lang='lat' dir='ltr'><strong>inclamarunt.</strong></span> 
     </span>
     <span class='ocr_line' id='line_1_26' title="bbox 98 3852 1237 3955; baseline 0.008 -30"><span class='ocrx_word' id='word_1_172' title='bbox 98 3853 99 3860; x_wconf 76' lang='grc'>’</span> <span class='ocrx_word' id='word_1_173' title='bbox 161 3852 314 3933; x_wconf 78' lang='lat' dir='ltr'><strong>Tametsi</strong></span> <span class='ocrx_word' id='word_1_174' title='bbox 338 3856 543 3934; x_wconf 76' lang='lat' dir='ltr'><strong>Methodins</strong></span> <span class='ocrx_word' id='word_1_175' title='bbox 561 3871 601 3931; x_wconf 87' lang='lat' dir='ltr'><strong>ct</strong></span> <span class='ocrx_word' id='word_1_176' title='bbox 619 3856 843 3955; x_wconf 83' lang='lat' dir='ltr'><strong>Epiphanius</strong></span> <span class='ocrx_word' id='word_1_177' title='bbox 867 3857 983 3931; x_wconf 92' lang='lat' dir='ltr'><strong>serius</strong></span> <span class='ocrx_word' id='word_1_178' title='bbox 1012 3870 1237 3955; x_wconf 88' lang='lat' dir='ltr'><strong>temperasse</strong></span> 
     </span>
    </p>
   </div>
   <div class='ocr_carea' id='block_1_9' title="bbox 163 3984 1243 4590">
    <p class='ocr_par' dir='ltr' id='par_1_10' title="bbox 163 3984 1240 4210">
     <span class='ocr_line' id='line_1_27' title="bbox 163 3984 1240 4082; baseline 0.006 -29"><span class='ocrx_word' id='word_1_179' title='bbox 163 3985 229 4058; x_wconf 87' lang='lat' dir='ltr'><strong>sire</strong></span> <span class='ocrx_word' id='word_1_180' title='bbox 257 4000 477 4060; x_wconf 88' lang='lat' dir='ltr'><strong>retractasse</strong></span> <span class='ocrx_word' id='word_1_181' title='bbox 498 3985 564 4057; x_wconf 83' lang='lat' dir='ltr'><strong>risi</strong></span> <span class='ocrx_word' id='word_1_182' title='bbox 592 3997 678 4059; x_wconf 89' lang='lat' dir='ltr'><strong>sunt</strong></span> <span class='ocrx_word' id='word_1_183' title='bbox 704 3986 896 4059; x_wconf 84' lang='lat' dir='ltr'><strong>aduersam</strong></span> <span class='ocrx_word' id='word_1_184' title='bbox 923 3985 968 4057; x_wconf 89' lang='lat' dir='ltr'><strong>de</strong></span> <span class='ocrx_word' id='word_1_185' title='bbox 996 3984 1162 4082; x_wconf 78' lang='lat' dir='ltr'><strong>Origenis</strong></span> <span class='ocrx_word' id='word_1_186' title='bbox 1181 3986 1240 4060; x_wconf 94' lang='lat' dir='ltr'><strong>do·</strong></span> 
     </span>
     <span class='ocr_line' id='line_1_28' title="bbox 165 4113 521 4210; baseline 0.008 -27"><span class='ocrx_word' id='word_1_187' title='bbox 165 4113 269 4186; x_wconf 89' lang='lat' dir='ltr'><strong>ctrina</strong></span> <span class='ocrx_word' id='word_1_188' title='bbox 299 4113 521 4210; x_wconf 89' lang='lat' dir='ltr'><strong>opinionem.</strong></span> 
     </span>
    </p>

    <p class='ocr_par' dir='ltr' id='par_1_11' title="bbox 165 4237 1243 4590">
     <span class='ocr_line' id='line_1_29' title="bbox 261 4237 1240 4337; baseline -0.002 -24"><span class='ocrx_word' id='word_1_189' title='bbox 261 4238 312 4313; x_wconf 91' lang='lat' dir='ltr'><strong>Et</strong></span> <span class='ocrx_word' id='word_1_190' title='bbox 337 4240 484 4337; x_wconf 87' lang='lat' dir='ltr'><strong>quidem</strong></span> <span class='ocrx_word' id='word_1_191' title='bbox 512 4241 548 4312; x_wconf 93' lang='lat' dir='ltr'><strong>in</strong></span> <span class='ocrx_word' id='word_1_192' title='bbox 578 4239 634 4313; x_wconf 90' lang='lat' dir='ltr'><strong>his</strong></span> <span class='ocrx_word' id='word_1_193' title='bbox 661 4239 785 4313; x_wconf 89' lang='lat' dir='ltr'><strong>mirari</strong></span> <span class='ocrx_word' id='word_1_194' title='bbox 813 4262 883 4313; x_wconf 93' lang='lat' dir='ltr'><strong>non</strong></span> <span class='ocrx_word' id='word_1_195' title='bbox 913 4237 1073 4313; x_wconf 89' lang='lat' dir='ltr'><strong>desinam</strong></span> <span class='ocrx_word' id='word_1_196' title='bbox 1102 4238 1240 4325; x_wconf 85' lang='lat' dir='ltr'><strong>lidum,</strong></span> 
     </span>
     <span class='ocr_line' id='line_1_30' title="bbox 165 4364 1239 4462; baseline 0.005 -27"><span class='ocrx_word' id='word_1_197' title='bbox 165 4365 359 4451; x_wconf 69' lang='lat' dir='ltr'><strong>annnam,</strong></span> <span class='ocrx_word' id='word_1_198' title='bbox 374 4365 494 4439; x_wconf 87' lang='lat' dir='ltr'><strong>aslum</strong></span> <span class='ocrx_word' id='word_1_199' title='bbox 521 4367 557 4437; x_wconf 93' lang='lat' dir='ltr'><strong>in</strong></span> <span class='ocrx_word' id='word_1_200' title='bbox 576 4366 746 4462; x_wconf 77' lang='lat' dir='ltr'><strong>dogmate</strong></span> <span class='ocrx_word' id='word_1_201' title='bbox 773 4364 953 4439; x_wconf 88' lang='lat' dir='ltr'><strong>catholico</strong></span> <span class='ocrx_word' id='word_1_202' title='bbox 966 4366 1239 4461; x_wconf 78' lang='lat' dir='ltr'><strong>propugnand03</strong></span> 
     </span>
     <span class='ocr_line' id='line_1_31' title="bbox 168 4487 1243 4590; baseline 0.008 -32"><span class='ocrx_word' id='word_1_203' title='bbox 168 4487 262 4566; x_wconf 88' lang='lat' dir='ltr'><strong>sicuti</strong></span> <span class='ocrx_word' id='word_1_204' title='bbox 293 4492 519 4569; x_wconf 89' lang='lat' dir='ltr'><strong>tantumdem</strong></span> <span class='ocrx_word' id='word_1_205' title='bbox 548 4490 792 4578; x_wconf 87' lang='lat' dir='ltr'><strong>inllethodio‚</strong></span> <span class='ocrx_word' id='word_1_206' title='bbox 822 4492 856 4565; x_wconf 90' lang='lat' dir='ltr'><strong>in</strong></span> <span class='ocrx_word' id='word_1_207' title='bbox 878 4490 1080 4590; x_wconf 88' lang='lat' dir='ltr'><strong>Epiphanio</strong></span> <span class='ocrx_word' id='word_1_208' title='bbox 1108 4506 1146 4568; x_wconf 88' lang='lat' dir='ltr'><strong>et</strong></span> <span class='ocrx_word' id='word_1_209' title='bbox 1164 4492 1243 4567; x_wconf 86' lang='lat' dir='ltr'><strong>llic·</strong></span> 
     </span>
    </p>
   </div>
   <div class='ocr_carea' id='block_1_10' title="bbox 0 0 1695 5567">
    <p class='ocr_par' dir='ltr' id='par_1_12' title="bbox 0 0 1695 5567">
     <span class='ocr_line' id='line_1_32' title="bbox 0 0 1695 5567; baseline 0 0"><span class='ocrx_word' id='word_1_210' title='bbox 0 0 1695 5567; x_wconf 95' lang='lat' dir='ltr'><strong> </strong></span> 
     </span>
    </p>
   </div>
  </div>
 </body>
</html>
