3375 5567
448 661 543 832 eatwad
567 767 824 835 interficiendum
844 772 938 837 loona
958 772 1123 838 teluiaaet.
1143 775 1174 838 Si
1197 783 1360 854 precanter
1373 777 1534 851 turonium,

447 872 527 935 nihil
548 881 661 938 eontra
683 872 757 936 ltloa
778 872 907 938 effluere
922 875 1088 954 potniaeet.
1110 871 1170 940 Sed
1187 894 1261 940 enm
1283 879 1535 957 opportunitatem

446 984 561 1040 uaetne
583 975 709 1050 tutaret,
730 974 925 1055 praevaluit.
948 972 1063 1050 Qualia
1083 985 1193 1042 autem
1214 981 1341 1044 oouuaio
1354 987 1386 1042 et
1400 989 1537 1060 opportu-

446 1081 527 1142 nitaa
549 1075 636 1142 tuit?
658 1077 758 1141 Potua
778 1085 848 1142 erat
860 1100 871 1157 ς
894 1081 1079 1142 convitium
1101 1089 1182 1143 erat.
1206 1101 1223 1139 a

523 1178 678 1241 Similiter
699 1179 905 1256 reprehendit
925 1178 1100 1259 Origeuem
1123 1180 1314 1248 Eustathlua
1335 1185 1419 1265 quod
1439 1187 1469 1246 iu
1487 1186 1538 1246 ltoo

445 1278 687 1344 Commentario
714 1279 802 1342 laod
830 1278 1034 1361 fortitudinis
1064 1283 1165 1346 enimi
1191 1287 1338 1366 exemplu
1367 1285 1538 1349 deerrllrret.

446 1383 596 1447 attamen
618 1382 649 1442 iu
669 1381 790 1446 eleatem
811 1377 938 1446 Seleeta‘a
959 1402 1000 1447 oa
1022 1403 1050 1447 o.
1074 1382 1161 1448 XlX.
1184 1389 1327 1468 legitur:
1352 1408 1369 1445 a
1392 1385 1539 1452 Perteetne

444 1483 703 1559 autumnitatem,
725 1483 849 1548 lraotua
870 1485 947 1549 lieet
966 1494 999 1549 et
1021 1486 1186 1568 latigatna,
1204 1491 1301 1553 rerba
1324 1491 1539 1572 aaperiorapa·

447 1588 563 1650 tienter
583 1585 657 1648 lert.
679 1583 917 1650 Contumeliam
940 1605 1017 1650 roro
1041 1589 1197 1654 tollerare
1213 1593 1317 1672 magni
1337 1600 1386 1656 eat
1406 1593 1479 1671 riri5
1494 1609 1539 1655 un·

445 1689 486 1752 tle
506 1695 540 1751 et
560 1686 738 1768 Apostolus
757 1689 887 1768 egregia
908 1706 967 1752 oue
990 1689 1133 1754 laolnora
1155 1711 1425 1770 commemorans,
1440 1694 1540 1773 iuquit,

446 1789 600 1854 eonrieiia
619 1787 741 1865 allecti,
763 1790 997 1868 beoadiuimua,
1020 1791 1164 1856 infamati
1186 1813 1372 1874 precamur.
1394 1793 1441 1858 Ao
1459 1794 1543 1874 paulo

447 1899 519 1974 poet
532 1890 682 1971 deinceps
696 1891 785 1964 uiuit,
801 1900 935 1972 propter
949 1891 1044 1956 illude
1059 1913 1221 1975 nequaqam
1235 1895 1428 1960 laborioaum
1439 1893 1545 1976 samoe

445 1991 587 2057 opimum
606 1986 728 2056 maora?
751 1989 879 2069 Vineae,
900 1989 965 2056 Job
985 2002 1045 2057 eet:
1068 1996 1163 2076 enine
1184 1998 1282 2060 etiam
1304 1995 1404 2060 Liber
1424 1996 1496 2060 nihil
1517 2011 1544 2055 a·

445 2095 515 2160 liul
537 2095 713 2176 praecipue
726 2094 881 2169 eontinet,
904 2111 1002 2173 quam
1019 2097 1122 2159 robur
1143 2103 1176 2159 et
1192 2097 1411 2162 tollerantiam
1432 2096 1543 2161 illine·

525 2193 615 2260 Haeo
635 2195 743 2260 omnia
763 2193 916 2273 decerpta
947 2212 989 2257 ex
1011 2191 1138 2258 Saleetia
1159 2194 1195 2259 ia
1213 2194 1269 2260 loll
1299 2199 1407 2279 (quae
1427 2197 1546 2278 genuina

445 2295 593 2378 Origeoia
621 2295 804 2377 probantur
831 2297 975 2376 acriptal
1008 2296 1148 2361 ludioaut
1176 2299 1352 2374 eumdem,
1378 2301 1498 2378 quotiea
1520 2297 1545 2358 il

444 2398 628 2479 postularet
646 2404 890 2476 argumentum,
911 2416 972 2461 neu
991 2397 1077 2462 tlieta
1099 2415 1204 2478 neque
1226 2398 1310 2463 laeta
1333 2400 1433 2480 ipatus
1451 2397 1546 2463 lolliu

446 2499 637 2579 allegoriam
654 2498 800 2572 vertiam,
811 2499 868 2561 eeo
883 2498 1026 2563 litterum
1049 2499 1143 2580 plane
1158 2517 1228 2563 ease
1247 2509 1412 2564 aeoutum.
1428 2497 1547 2563 Verum·

446 2606 553 2664 umen
566 2608 693 2663 eeteroa
713 2616 847 2679 quoqne
862 2599 1006 2681 ejusdem
1027 2600 1129 2664 libros
1144 2617 1393 2680 percurramus
1415 2601 1468 2666 ubi
1481 2601 1547 2663 haee

446 2699 559 2763 eadem
579 2699 693 2764 atatuit
717 2706 785 2763 tum
806 2699 847 2762 tle
870 2717 1006 2779 peraoua
1029 2701 1129 2781 ipsine
1145 2701 1311 2778 laiatorioa,
1337 2712 1406 2766 tum
1420 2702 1459 2764 tle
1477 2701 1549 2780 ejus·

447 2801 521 2864 dem
541 2801 650 2881 gestia,
673 2800 729 2864 ulti
749 2817 808 2867 ana
830 2800 961 2864 elucent
983 2803 1140 2880 probitaa,
1163 2802 1364 2878 tollerantia‚
1389 2805 1484 2884 pietas
1497 2809 1546 2864 etr.

446 2904 488 2964 ala
508 2900 649 2982 Origene
668 2901 812 2964 diaeuasa
830 2900 926 2982 juata
948 2903 1105 2982 propositi
1126 2904 1294 2968 rationem.
1322 2903 1387 2970 Ra.
1403 2923 1432 2984 g.
1454 2901 1549 2966 llomi·

446 3004 490 3066 lia
512 3000 569 3066 tv.
591 3005 627 3066 io
658 3000 849 3066 Ezechielem
869 3021 1001 3068 cenaene
1031 3002 1235 3070 Patriarolaaa
1258 3013 1399 3082 reterea,
1426 3001 1550 3069 meminit

446 3102 532 3180 loo,
554 3107 612 3185 qui
635 3104 834 3185 temporibus
857 3103 962 3191 Moysi
978 3106 1094 3169 vixisse
1116 3107 1330 3188 perhibetur:
1355 3129 1373 3168 e
1396 3105 1547 3171 floreniu

450 3216 591 3288 tempus,
611 3209 669 3282 ait,
687 3208 867 3270 inreuimua
889 3209 975 3271 vitae
989 3205 1064 3272 Job.
1082 3207 1241 3272 »Pariter
1262 3207 1406 3273 Homilia
1423 3205 1502 3272 xlv.
1522 3203 1550 3268 ia

449 3305 568 3372 Luem
588 3307 628 3372 de
649 3308 866 3388 parvolorum
881 3309 1052 3388 baptismo,
1065 3310 1122 3388 qui
1139 3308 1347 3389 baptizantur
1361 3313 1393 3375 in
1408 3307 1549 3372 remmio·

448 3425 521 3473 uem
541 3415 765 3490 peecatorumt
796 3429 813 3468 e
835 3407 999 3484 Quorum,
1023 3410 1138 3489 inquit,
1162 3418 1374 3490 peecatorum
1389 3409 1407 3474 'l
1428 3409 1476 3471 rel
1495 3423 1550 3485 qno

451 3515 597 3588 tempore
619 3505 868 3590 peecaverunt?
891 3507 958 3574 Ant
979 3509 1146 3588 quomodo
1167 3517 1273 3591 puteat
1295 3510 1364 3573 ulla
1390 3508 1506 3574 taraeri
1524 3505 1549 3564 la

451 3610 598 3689 parrulia
619 3610 705 3673 ratio
724 3610 924 3684 unitiatem,
947 3610 1005 3672 aial
1028 3609 1124 3690 juata
1147 3609 1241 3673 illum
1262 3626 1419 3684 aeneum,
1440 3609 1479 3671 tle
1497 3620 1553 3686 quo

449 3709 550 3790 paulo
570 3717 644 3771 aute
664 3709 817 3772 diximus:
834 3709 948 3770 mallee
969 3709 1104 3771 mundus
1118 3728 1140 3770 u
1158 3708 1262 3784 eorda,
1280 3727 1337 3772 aaa
1353 3706 1385 3770 ae'
1398 3709 1490 3772 maine
1502 3699 1554 3766 atel

449 3809 576 3893 quirem
594 3810 694 3890 {mete
714 3808 782 3874 olto
801 3811 870 3891 ajon
889 3829 984 3891 reaper
1003 3808 1147 3874 tanum?
1167 3829 1184 3869 o

531 3913 611 3976 ltem
633 3915 664 3976 in
687 3910 785 3976 Libro
801 3911 845 3976 De
868 3909 1021 3976 mertone
1042 3931 1072 3975 u.
1087 3908 1137 3980 30.
1151 3912 1215 3976 lob
1226 3912 1388 3994 juatitiam
1410 3929 1447 3974 ao
1466 3903 1550 3972 aimul

448 4017 549 4096 ipaiua
563 4017 749 4096 patientiam
765 4015 940 4091 extollens,
956 4015 1082 4093 iuquit:
1099 4035 1116 4074 a
1134 4012 1199 4078 lob
1219 4014 1373 4077 liberarit
1388 4011 1485 4084 Deua,
1499 4023 1552 4070 nou

449 4115 538 4197 quoti
560 4115 657 4181 Satan
669 4115 834 4178 lieentiam
857 4133 920 4179 non
934 4117 1097 4195 acceperit
1119 4116 1150 4178 iu
1169 4134 1244 4179 enm
1260 4115 1317 4178 taaa
1330 4123 1391 4178 ant
1405 4113 1476 4175 illae
1496 4115 1553 4171 ten·

450 4216 586 4281 tationes
607 4214 769 4296 injicienrli
782 4220 793 4295 t
804 4215 932 4295 aeoepit
949 4213 1054 4293 euim)
1069 4215 1124 4278 aeti
1146 4215 1234 4296 quoti
1257 4215 1290 4276 in
1307 4213 1554 4289 onninamente

451 4317 500 4380 illl
521 4317 657 4382 atrorea
673 4315 891 4394 contigerunt,
908 4315 987 4378 nihii
1009 4315 1193 4395 peccaverit
1214 4330 1325 4379 eoram
1341 4312 1423 4388 Deo,
1439 4309 1491 4374 aed
1508 4307 1553 4388 ju·

451 4426 521 4483 atne
540 4419 741 4503 apparuerit.
758 4415 822 4492 Qui
843 4418 927 4480 enim
948 4415 1098 4480 dixerat:
1117 4433 1193 4479 mem
1212 4415 1315 4496 pretia
1334 4412 1391 4478 Iol
1410 4405 1552 4475 uolatile

451 4513 607 4590 mirem?
628 4561 743 4580 .....
756 4515 887 4584 Pudore
908 4525 1043 4598 opertui
1057 4525 1106 4583 eat
1128 4515 1249 4596 (Satan)
1266 4526 1302 4583 ut
1316 4517 1372 4598 qui
1389 4523 1462 4580 tuae
1481 4523 1552 4590 quo·
