3375 5567
448 792 653 857 mutabiliter
674 794 704 854 iu
726 810 767 857 eo
782 810 1004 876 perseverare.
1030 794 1076 858 tte
1091 813 1156 874 qus
1180 814 1216 861 rc
1236 794 1408 860 admodum
1430 812 1540 860 reroea·

451 912 487 957 re
505 894 601 975 jurat
624 893 711 973 quod
734 901 845 957 contra
871 891 1106 959 Heracleensem
1130 896 1329 961 haereticum
1357 893 1447 959 Libro
1466 894 1540 959 lllll.

452 1012 483 1057 n.
505 992 557 1059 59.
573 992 610 1057 s'n
628 992 782 1059 Ioannem
805 997 960 1059 elauriter
980 998 1092 1061 scribit
1114 998 1202 1061 iltius
1223 998 1430 1061 temeritatem
1451 1004 1480 1059 et
1497 997 1543 1058 int·

450 1096 602 1177 pietatem
624 1096 790 1173 reielleus,
807 1116 882 1159 cnm
905 1099 1090 1178 evangelicu
1109 1099 1206 1161 rerba
1228 1096 1360 1161 credidit
1379 1096 1440 1178 ipsc
1458 1106 1483 1159 ct
1495 1096 1544 1158 tte

449 1216 520 1261 snus
538 1196 605 1278 ejus
625 1206 702 1273 totu,
716 1206 954 1261 commentatus
974 1200 1015 1261 sit
1028 1199 1067 1261 de
1081 1200 1274 1280 angelornm
1289 1200 1412 1262 ordine.
1428 1194 1544 1273 Quando

452 1299 493 1362 de
507 1300 645 1363 istorum
666 1300 874 1379 quibusdam,
889 1298 1051 1379 inquirere
1071 1298 1151 1363 dicit
1169 1310 1278 1363 utrum
1303 1316 1358 1360 nec
1379 1316 1416 1360 ns
1435 1299 1546 1360 solutes

453 1400 653 1463 consecuturi
671 1398 750 1477 sint,
763 1400 820 1482 qui
831 1400 983 1465 nimirum
996 1403 1221 1465 descenderunt
1235 1403 1279 1465 nd
1292 1400 1380 1482 filius
1393 1398 1545 1461 dominun:

451 1522 537 1583 quae
558 1513 592 1567 et
612 1505 676 1566 alia
699 1504 797 1584 buius
819 1506 944 1585 generis
965 1502 1121 1584 Origenes
1144 1511 1238 1567 ruent
1258 1501 1398 1564 uudncio
1417 1510 1444 1563 et
1463 1496 1547 1578 inpio

456 1604 663 1670 Heraeteonts
682 1614 866 1669 commento.

529 1706 693 1773 litantem
707 1708 847 1788 amplius
862 1728 904 1771 ex
921 1708 968 1769 bis
978 1707 1127 1787 Origeuis
1143 1714 1279 1770 mentem
1296 1705 1381 1769 baud
1393 1705 1464 1768 setis
1477 1720 1548 1766 com·

455 1810 661 1890 prehendisse
687 1809 849 1890 cujusque
875 1812 988 1872 astutis
1011 1810 1230 1889 interpretes,
1255 1809 1410 1889 patebat,
1433 1825 1469 1870 ac
1491 1804 1550 1869 ideo

456 1914 543 1994 quod
565 1912 633 1992 ipse
653 1930 716 1974 uon
737 1912 892 1984 senserit,
913 1912 1009 1973 aliter
1028 1912 1229 1991 exposuisse,
1254 1911 1462 1974 couterentur
1480 1924 1550 1989 quse

459 2016 505 2078 ait
519 2012 588 2076 Lib.
603 2010 633 2077 l.
648 2034 676 2076 c.
690 2011 778 2077 Vlll.
789 2010 819 2077 3.
834 2014 874 2075 de
887 2013 1052 2076 rationalis
1066 2020 1238 2075 creaturae
1256 2012 1405 2088 arbitrio,
1422 2008 1552 2091 proinde·

459 2135 524 2197 qne
539 2117 578 2179 de
591 2116 664 2179 boni
686 2115 829 2195 malique
843 2113 989 2195 ejusdem
1004 2113 1294 2193 capacissimum
1312 2120 1349 2177 nt
1362 2122 1395 2177 et
1415 2114 1477 2191 ipse
1491 2108 1553 2171 doe·

458 2234 532 2279 mon
554 2223 628 2279 ente
642 2217 769 2296 lspsum
789 2215 937 2295 suijuris
959 2232 1107 2293 compos,
1123 2214 1162 2276 ed
1180 2233 1280 2279 unum
1295 2234 1354 2279 sen
1375 2214 1415 2278 ad
1430 2214 1553 2278 alterum

458 2318 623 2381 divertere
642 2323 772 2397 posset:
795 2338 812 2375 s
834 2316 1020 2381 Secundum
1042 2334 1111 2392 nos,
1134 2316 1250 2397 iuquit,
1274 2335 1313 2380 ne
1328 2317 1475 2381 diabolus
1493 2312 1552 2395 qui·

459 2418 533 2482 dem
555 2418 621 2499 ipse
649 2418 783 2497 incapax
802 2416 871 2480 init
892 2416 986 2481 boui:
1011 2435 1074 2480 uon
1097 2424 1202 2480 tamen
1224 2418 1345 2482 idcireo
1369 2418 1446 2499 quia
1466 2412 1556 2497 potuit

461 2520 608 2600 recipere
629 2518 773 2593 bonnm,
795 2518 892 2582 etium
916 2516 1042 2594 soluit,
1065 2535 1124 2581 seu
1147 2518 1259 2581 virtuti
1280 2536 1413 2601 operum
1439 2516 1554 2580 dedit.»

464 2619 558 2697 Quse
571 2639 647 2685 saue
663 2620 761 2684 rerba
784 2638 891 2703 perse
913 2627 1033 2701 putent.
1049 2620 1200 2683 Attamen
1218 2618 1439 2703 Hieronymus
1451 2621 1481 2683 iu
1495 2616 1557 2697 Epi·

459 2724 543 2786 stols
564 2723 604 2785 ad
622 2723 768 2799 Avitum,
791 2724 888 2786 ulitur
902 2740 939 2785 eu
962 2724 1194 2803 interpretatus
1216 2728 1265 2785 est
1278 2721 1320 2784 ab
1340 2740 1393 2797 eo,
1416 2719 1498 2803 quod
1511 2736 1557 2782 ex·

462 2828 572 2907 posuit
596 2824 755 2889 Ilulliuus.
784 2824 837 2890 Sic
858 2826 942 2887 euim
964 2824 1131 2888 transtulit
1152 2822 1395 2907 Hieronymus:
1418 2820 1558 2885 diabolum

460 2945 524 2991 uon
536 2926 717 3007 incupucem
735 2944 797 2989 esss
820 2925 963 3001 uirtutis,
978 2933 1008 2987 ct
1026 2932 1131 2987 lumen
1145 2926 1275 2987 neodem
1290 2925 1368 2986 uelle
1382 2940 1488 3002 cupere
1505 2918 1559 2983 ris·

460 3037 568 3091 roten.
585 3027 681 3104 Quod
694 3029 825 3108 quidem
845 3035 949 3092 totum
965 3045 1093 3091 sensum
1116 3028 1287 3107 pervertit,
1304 3028 1480 3106 praeterito
1494 3032 1560 3087 tem·

461 3148 542 3212 pore
563 3129 595 3191 iu
610 3147 761 3210 prseseus
786 3130 951 3204 resoluto,
969 3130 1050 3192 idest
1069 3146 1132 3191 esse
1144 3128 1219 3193 luco
1235 3124 1333 3207 luisse
1350 3130 1502 3201 translato
1511 3144 1521 3203 ς
1534 3130 1560 3186 et

459 3234 507 3297 sic
531 3230 573 3294 de
592 3231 815 3311 sequentibusc
837 3238 866 3293 et
885 3238 989 3293 tomen
1010 3230 1141 3293 necdum
1160 3231 1237 3293 celle
1263 3248 1371 3310 cupere
1399 3228 1560 3297 virtutem

462 3331 550 3414 quod
572 3332 703 3396 omniuo
723 3332 882 3395 abborret
902 3330 941 3395 ab
957 3332 1223 3411 interpretetiooe
1247 3330 1379 3411 llndloi5
1402 3350 1484 3412 quse
1497 3328 1562 3392 setis

463 3434 632 3497 contextui
652 3433 828 3496 conformis
849 3432 981 3506 incedit,
1003 3433 1168 3512 mentique
1189 3430 1337 3513 Origenis
1358 3430 1562 3505 connectitur,

460 3534 510 3599 nti
529 3554 548 3597 e
568 3535 803 3613 posterioribus
824 3536 1005 3614 probatur:
1022 3554 1039 3595 s
1054 3534 1145 3601 Siout
1159 3534 1256 3610 enim,
1272 3534 1372 3611 addit,
1397 3552 1456 3615 per
1482 3532 1562 3601 baec,

461 3652 546 3717 quae
567 3634 607 3698 de
629 3636 794 3717 propbetis
818 3637 969 3716 exemplu
991 3636 1210 3717 protulimus,
1233 3636 1403 3710 edocetur,
1426 3632 1565 3697 diabolus

462 3736 526 3801 luit
544 3727 722 3818 aliquando
743 3737 845 3800 bouus
867 3755 941 3801 cnm
963 3738 994 3799 iu
1016 3738 1166 3817 paradiso
1188 3734 1246 3799 Dei
1269 3738 1300 3800 iu
1323 3736 1430 3800 medio
1452 3735 1566 3799 Cheru·

461 3839 526 3903 blm
550 3847 746 3903 versaretur.
763 3837 856 3903 Slcut
875 3858 953 3920 ergo
969 3840 1028 3904 iste
1051 3839 1164 3904 babuit
1179 3838 1309 3920 quidem
1331 3840 1362 3901 iu
1387 3858 1422 3903 se
1446 3838 1496 3901 rel
1512 3838 1567 3899 rir-

463 3940 540 4005 intis
562 3940 777 4021 recipiendus,
793 3959 854 4004 seu
870 3942 1011 4005 malitiae
1027 3941 1240 4021 lacultstem3
1256 3948 1320 4004 ets
1345 3936 1568 4014 virtutedeeli·

461 4060 540 4105 naus
568 4048 633 4105 tots
657 4060 692 4105 se
719 4049 826 4105 mente
851 4044 1013 4107 convertit
1035 4042 1074 4105 ud
1102 4044 1224 4106 malum
1250 4050 1311 4106 etc.
1329 4061 1347 4100 n
1362 4040 1447 4107 Cum
1469 4041 1570 4119 itaque

462 4144 525 4207 boc
545 4146 578 4208 in
593 4144 667 4207 loeo
687 4160 750 4206 unu
774 4160 817 4205 ex
840 4150 933 4207 textu
948 4160 1066 4223 graeco
1088 4144 1163 4225 (qni
1179 4144 1289 4220 deest)
1304 4160 1446 4223 arguere
1466 4141 1569 4211 liceri,

464 4245 550 4308 unde
568 4246 637 4310 late
665 4251 796 4326 poteret
825 4261 960 4322 sensns,
988 4244 1198 4309 nibilominus
1222 4245 1372 4325 exempla
1394 4244 1570 4323 Scriptoru-

463 4363 537 4411 rnm
558 4346 602 4408 ibi
623 4346 702 4409 citat
720 4342 878 4425 Origenes
892 4345 1017 4421 eudem,
1033 4344 1333 4425 quibusindubinm
1353 4352 1385 4408 et
1402 4344 1570 4425 probatum

462 4446 596 4512 tradidit
623 4448 690 4528 ipse
711 4446 802 4509 nobis
827 4462 908 4511 sune
928 4445 1001 4509 lidei
1030 4448 1247 4512 testimouium
1278 4449 1363 4511 circs
1387 4452 1572 4525 perpetuam

462 4546 628 4615 doemonis
638 4566 678 4614 au
688 4548 854 4615 sociorum
868 4566 1007 4615 suornm
1028 4549 1250 4633 perditionem.
1269 4546 1360 4625 Quos
1375 4546 1458 4612 sdeo
1472 4546 1574 4625 tspscs
