3375 5567
1181 689 1244 772 bib

155 793 240 856 lilino
259 795 526 876 philosophorum
546 795 756 864 commenta?
786 796 916 876 qnando
939 797 1007 878 ipse
1028 804 1139 867 contra
1163 797 1243 864 haer

154 892 236 959 relati
256 898 465 978 praecipuum
493 915 628 976 scopum
653 899 796 965 sanitae
817 904 961 978 pugnat,
989 897 1070 960 aliae
1097 913 1243 962 asserem

151 995 381 1060 cbristianorom
401 998 632 1072 institutiones,
652 1017 751 1081 quam
764 1001 872 1080 graeci
896 997 1042 1062 tenebant
1052 1017 1063 1077 ;
1086 1015 1124 1062 se
1144 1016 1244 1079 super

149 1099 239 1161 onnia
258 1103 399 1178 gentium
419 1102 539 1178 studia,
563 1100 730 1182 Evangelii
751 1101 913 1165 extollens
927 1101 1077 1180 dogmata
1098 1101 1138 1166 de
1159 1099 1241 1176 lieo,

148 1201 179 1262 le
195 1202 322 1281 angelis,
344 1212 377 1266 et
397 1203 437 1265 de
458 1202 670 1268 hominibusi
692 1203 852 1284 liquibus
874 1206 1023 1269 omnibns
1044 1205 1076 1266 ia
1091 1219 1240 1284 praesen·
1317 1189 1323 1196 ’

149 1304 167 1362 ti
183 1306 361 1382 quaestione
382 1304 463 1366 illud
486 1322 588 1368 onum
607 1303 784 1382 sufficeret,
804 1305 894 1385 qnod
915 1307 984 1379 ait,
1004 1305 1168 1368 timess
1188 1302 1246 1366 ba·

146 1403 262 1466 niuibss
282 1402 472 1484 imperantes
492 1422 559 1468 teon
578 1423 640 1468 esse
660 1403 787 1468 animos
807 1404 977 1469 barachos.

210 1503 365 1582 Quamvis
386 1525 498 1587 porro,
521 1517 559 1573 ut
580 1508 662 1572 inira
684 1509 824 1579 dicetur,
841 1507 1004 1586 quandam
1026 1525 1086 1586 pro
1107 1523 1168 1572 auo
1189 1523 1242 1569 ar·

147 1615 281 1682 ramento
301 1610 543 1674 similitudinem
564 1610 624 1672 sibi
645 1619 813 1689 comparet
826 1605 980 1672 Titianus
1000 1607 1096 1672 aienti
1117 1615 1149 1670 et
1172 1604 1244 1669 Pla-

148 1719 191 1788 to;
210 1719 313 1772 tamen
335 1713 466 1774 omnino
481 1713 578 1774 unius
599 1729 687 1774 caeca
707 1713 740 1773 io
755 1711 817 1774 hoo
837 1710 879 1772 ab
900 1710 1005 1772 altero
1028 1710 1143 1772 variat.
1160 1706 1246 1772 Dicit

146 1812 214 1872 enim
233 1829 263 1873 n.
276 1808 341 1878 20:
366 1831 383 1871 a
406 1813 507 1892 Atqui
523 1813 662 1875 mundns
683 1810 723 1875 ad
744 1830 780 1874 ae
800 1829 859 1874 nos
873 1809 1032 1888 detrahit3
1055 1817 1087 1872 et
1109 1817 1244 1890 propter

146 1910 345 1976 infirmitatem
367 1914 482 1976 meotis
502 1913 670 1976 materiam
691 1913 891 1991 quaerimus.
914 1910 965 1974 hb
986 1912 1076 1974 initio
1097 1910 1242 1990 quidem,

145 2012 271 2090 perlecto
289 2014 433 2092 spirita,
454 2015 558 2076 anima
582 2024 735 2094 tanquam
756 2013 818 2076 alis
838 2013 1045 2092 erigebatur:
1069 2011 1188 2092 quibua
1208 2030 1243 2074 a,

145 2113 231 2176 missis
243 2117 368 2194 peccati
387 2113 500 2193 culpa,
515 2115 597 2193 pulli
619 2116 720 2177 instar
736 2114 870 2188 volarit,
892 2120 925 2176 et
946 2113 1112 2192 humipela
1128 2113 1240 2174 erasit.

146 2210 178 2274 111
195 2234 266 2280 cum
285 2235 306 2278 e
323 2214 432 2278 divina
454 2215 674 2281 familiaritate
694 2216 894 2288 decessisset,
919 2213 1111 2278 inferiorum
1133 2231 1245 2277 rerum

144 2313 324 2379 desiderarit
343 2319 586 2382 commercium.
610 2316 788 2380 Daemones
805 2317 1031 2394 emigraruntr
1054 2312 1148 2395 electi
1170 2323 1244 2378 suut

145 2416 224 2492 primi
238 2418 365 2495 generis
382 2417 514 2479 humani
529 2425 690 2496 parentes:
704 2416 752 2478 illi
767 2415 807 2479 de
823 2415 917 2478 coelo
939 2415 1035 2494 polet,
1059 2412 1092 2476 hi
1108 2433 1125 2476 e
1142 2423 1243 2486 terra,

144 2533 195 2580 aon
212 2519 250 2579 ab
270 2519 334 2582 hac
354 2520 508 2598 quidem,
530 2519 586 2584 sed
606 2519 649 2581 ab
669 2520 752 2591 alia,
775 2519 832 2581 ubi
856 2519 951 2580 silam
974 2516 1131 2596 degebant
1151 2532 1245 2594 pras-

144 2621 329 2684 stantiorem.
353 2617 510 2698 Deiectus
531 2621 633 2700 igitur
649 2628 780 2700 oportet
797 2635 869 2694 uos,
892 2617 1125 2698 impedimentis
1145 2617 1247 2679 omol-

145 2720 192 2782 bns
209 2721 361 2803 rejectis,
391 2723 559 2801 pristinam
579 2720 797 2786 conditionem
827 2738 943 2800 magno
972 2720 1133 2784 desiderio
1153 2735 1246 2798 repe·

146 2827 249 2885 lere.»

209 2921 290 2989 vide
311 2942 391 3005 ergo
410 2925 653 2989 similitudinem
675 2925 813 3006 ejusque
834 2923 1080 3005 applicationem
1088 2942 1099 3000 3
1120 2937 1158 2984 ao
1180 2938 1243 2983 nna

144 3025 253 3090 cornito
272 3028 469 3106 angelorum
480 3036 514 3090 et
537 3029 704 3090 hominurn
719 3029 863 3107 eulpam,
886 3028 1077 3106 clipeorum
1094 3039 1241 3103 poenam.

147 3121 187 3186 1111
205 3129 243 3192 dc
262 3129 361 3191 coelo
382 3128 466 3206 pulsi
486 3129 569 3190 idest
589 3129 694 3206 angeli
715 3135 899 3206 apostatae:
924 3125 975 3187 isti
996 3125 1078 3186 idest
1100 3121 1244 3183 homines

143 3242 195 3288 uon
213 3247 254 3292 ex
275 3228 385 3303 coelo,
407 3228 462 3291 aed
483 3229 523 3291 de
546 3239 632 3292 terra
653 3227 844 3308 eiecticiae
866 3225 905 3287 de
928 3225 1078 3305 paradiso
1095 3222 1244 3300 volupta-

144 3325 184 3386 tis.
204 3327 314 3408 Atque
334 3329 408 3391 hinc
428 3329 599 3408 intelligito
626 3329 750 3406 tropice
774 3328 897 3391 dictum
918 3325 1044 3388 animos
1062 3321 1202 3385 uolutant
1226 3338 1244 3382 a
1307 3347 1310 3354 ‚

141 3423 237 3490 diriao
257 3431 445 3504 consortio,
468 3437 500 3491 et
522 3439 670 3493 terrenae
697 3429 978 3508 concupiscentiae
1005 3422 1245 3506 quodammodo

143 3525 303 3605 alligatae,
325 3533 404 3609 quin
427 3540 532 3593 tamen
554 3533 680 3610 penitus
701 3532 866 3592 amitteret
887 3527 1014 3590 divinae
1035 3513 1246 3604 comprehen-

142 3627 224 3692 sionis
235 3629 423 3692 scintillam.
444 3628 632 3710 Propterea,
648 3632 742 3694 sicuti
758 3628 898 3704 Tatiani,
913 3631 955 3691 ita
971 3637 1003 3691 el
1016 3627 1165 3707 Origenis
1180 3642 1246 3689 ma·

143 3726 329 3794 niiestiorem
348 3747 478 3792 sensum
501 3733 658 3810 percipito
666 3751 678 3810 3
710 3749 777 3810 quo
799 3741 940 3810 nterqoe
962 3738 1050 3792 recta
1073 3728 1245 3800 inccdens,

146 3843 276 3909 veraque
298 3831 477 3911 protessus,
493 3832 577 3893 aiter
598 3833 732 3892 alterius
755 3841 938 3909 propugnat
959 3828 1055 3892 fldem
1074 3829 1244 3890 sinceram.

144 3923 318 4000 Quinimmo
339 3929 495 4010 Origenes
518 3930 603 3993 haud
625 3932 752 3993 nescius
774 3930 915 3992 Platonis
938 3930 1045 4008 placiti
1067 3928 1107 3989 de
1129 3928 1244 3989 misera

143 4030 255 4093 animae
277 4033 439 4095 humanae
459 4034 641 4094 conditione
664 4033 695 4092 in
717 4034 779 4094 hoc
802 4031 941 4104 mendo,
964 4029 1033 4090 aliti
1055 4029 1246 4108 aequipara·

144 4133 186 4203 b,
206 4150 290 4212 quae
311 4135 435 4195 amissis
455 4133 528 4208 alis,
552 4133 584 4194 io
606 4143 726 4194 terram
748 4132 888 4206 decidit,
913 4131 1065 4194 historiae
1087 4127 1245 4190 mosaicae

145 4235 237 4293 tamen
256 4234 388 4296 mavult
407 4234 543 4297 credere
564 4235 741 4316 mysterio,
765 4232 880 4296 hdami
901 4241 934 4294 et
955 4229 1043 4294 Evae
1064 4231 1244 4293 enarrantis

144 4345 158 4388 t
176 4337 322 4409 paradiso
343 4336 547 4419 ejectionem,
561 4354 660 4416 quam
676 4355 693 4398 a
708 4333 801 4398 ioris
817 4336 926 4408 horto,
939 4335 978 4396 de
992 4349 1059 4426 quo
1075 4330 1243 4393 fabulatur

146 4424 359 4515 Philosophus.
385 4436 419 4496 ln
442 4434 540 4499 Libro
556 4433 612 4498 tv.
635 4455 665 4496 o.
680 4432 730 4502 bi).
754 4446 868 4499 eontra
884 4432 1030 4508 Celsum,
1045 4433 1112 4494 ait:
1130 4452 1147 4490 a
1164 4429 1244 4494 item

144 4533 220 4605 qood
241 4535 393 4698 13301011
414 4538 572 4601 muliere
593 4537 742 4616 paradiso
763 4537 859 4616 ejecti
879 4542 970 4613 sunt,
993 4534 1105 4700 induti1
1108 4533 1242 4698 {unicas
