3375 5567
420 791 513 854 cibus
533 791 574 853 ab
594 789 670 870 ipslr
690 788 846 853 consultis
869 787 954 851 haud
976 788 1174 868 inscriptam.
1200 785 1311 852 lertio
1333 789 1509 854 luculentius

420 892 619 973 explumatur
638 906 741 970 quare
761 888 844 953 illud
865 890 989 970 notarit
1008 907 1033 952 s.
1051 887 1192 972 llartyr,
1214 907 1251 952 uc
1265 891 1363 955 umal
1383 893 1453 970 quid
1465 893 1512 954 sili

421 993 502 1056 velit
520 990 677 1072 Origenes
698 992 731 1052 in
750 1008 792 1053 oo
811 990 913 1054 dubio
934 989 1155 1070 proponendo:
1178 991 1435 1071 quandoquidem
1453 993 1512 1066 iste,

420 1093 498 1158 dicit
518 1093 719 1173 Pamphilus,
740 1092 952 1172 apostolicam
971 1091 1175 1156 traditionem
1195 1099 1337 1157 sectatus
1359 1093 1515 1156 rectissime

420 1213 459 1259 ae
480 1195 738 1275 praeclarissime
757 1194 856 1258 sensit
876 1191 917 1256 de
936 1193 1105 1256 divinitate
1122 1189 1233 1269 Verbi,
1255 1191 1459 1275 ejusdemque
1478 1194 1516 1254 in·

420 1297 624 1370 curuatioue,
646 1311 706 1357 uec
725 1311 790 1356 uon
808 1293 850 1357 de
871 1293 1010 1374 Spiritus
1031 1291 1137 1357 Sancti
1169 1294 1293 1357 mucre
1311 1311 1351 1358 ac
1382 1293 1518 1372 dignitate

424 1393 512 1459 Patri
526 1403 560 1458 et
582 1393 666 1457 Filio
681 1395 765 1474 prri3
787 1394 846 1458 uisi
859 1393 948 1474 qnod
968 1393 1137 1474 adiecerit,
1150 1411 1214 1476 non
1234 1393 1403 1458 muniturus
1417 1393 1520 1456 discer-

421 1497 453 1557 ni
473 1503 582 1558 utrum
601 1493 658 1557 ille
677 1491 816 1573 Spiritus
836 1503 935 1560 natur
953 1512 998 1558 uu
1017 1494 1153 1560 iuuatur
1174 1493 1226 1558 rit.
1249 1491 1345 1570 Quod
1369 1503 1469 1558 umen
1484 1493 1522 1556 ait

422 1597 651 1676 inquirendum
665 1613 736 1660 esse
751 1612 812 1676 pro
829 1596 984 1660 ririltuae
1000 1615 1113 1660 sacrae
1126 1596 1316 1677 Scriptum
1334 1595 1520 1660 testimoniis·

497 1695 708 1778 Quapropter
721 1697 822 1778 paulo
836 1706 909 1777 port
922 1699 955 1760 in
965 1695 1064 1760 Libro
1077 1697 1100 1760 l.
1118 1717 1146 1762 c.
1159 1696 1217 1762 lll.
1234 1715 1266 1762 u.
1278 1696 1308 1762 3.
1322 1697 1454 1778 speciali
1466 1705 1524 1759 stu·

422 1799 477 1862 dio
491 1798 531 1862 de
545 1791 670 1879 Spiritu
690 1797 809 1863 Sancto
829 1815 938 1877 agens,
962 1799 1037 1862 talia
1054 1799 1217 1878 loquitur,
1233 1809 1270 1864 nt
1292 1801 1393 1879 magis
1408 1797 1526 1880 patefiat

426 1910 494 1964 tum
507 1899 696 1983 llierouymi
711 1901 833 1976 illusio,
845 1919 912 1980 qua
934 1903 1061 1980 putavit
1080 1900 1272 1976 Auctorem,
1290 1901 1446 1981 Spiritum
1460 1899 1528 1962 San·

423 2010 513 2065 etum
528 2001 651 2066 lactum
665 2019 735 2064 esse
747 2000 909 2076 docuisse,
925 2009 993 2067 tum
1008 2003 1093 2066 dictu
1111 2002 1208 2066 verbs
1223 2003 1271 2066 orl
1286 1999 1392 2064 Filius
1406 1999 1467 2081 iper
1479 1997 1527 2062 ttst

424 2102 586 2166 dedendus
603 2100 647 2164 rit
666 2117 725 2162 occ
744 2117 796 2175 ue,
816 2119 836 2164 a
859 2108 952 2164 textu
972 2120 998 2165 s.
1025 2101 1183 2182 Pamphili
1205 2101 1359 2166 tramlatr
1383 2100 1478 2164 luisse
1502 2100 1529 2160 iu

425 2210 553 2265 textum
580 2201 731 2282 origenis
751 2210 863 2266 eontra
893 2203 993 2282 ipsius
1016 2212 1164 2266 ruentem.
1196 2201 1322 2282 lietpse
1346 2203 1392 2264 ita
1422 2201 1530 2264 ibidem

366 2317 373 2332 ·
424 2305 482 2365 ait:
506 2323 523 2363 u
544 2299 779 2365 Verumtamen
801 2302 967 2382 usquead
990 2319 1141 2382 praesens
1161 2302 1291 2368 nullum
1311 2320 1491 2367 sermonem
1504 2301 1531 2362 in

425 2401 558 2481 Scriptis
578 2402 697 2465 sanctia
716 2403 862 2465 invenire
884 2403 1072 2482 potuimus,
1095 2420 1273 2483 perquem
1294 2402 1437 2483 Spiritus
1465 2403 1534 2466 San·

425 2511 498 2564 ctus
517 2501 646 2564 lactura
666 2517 736 2565 esse
759 2502 811 2564 vel
830 2510 984 2566 creatura
1005 2501 1184 2580 diceretur,
1206 2521 1246 2568 ne
1267 2521 1307 2567 co
1327 2505 1460 2583 quidem
1474 2519 1533 2562 mo·

425 2601 490 2680 do,
513 2621 580 2683 quo
601 2603 642 2666 de
662 2601 824 2682 Sapientia
847 2603 972 2666 referre
993 2603 1200 2668 Salomonem
1222 2621 1322 2684 cupra
1344 2586 1533 2673 docuimus,

429 2702 481 2764 rel
501 2721 587 2781 quae
608 2703 648 2766 de
670 2701 765 2778 Vita,
790 2704 842 2766 rel
865 2701 994 2779 Verbo,
1016 2704 1154 2784 aliisque
1179 2704 1453 2785 appellationibus
1470 2701 1534 2764 Filii

427 2800 487 2872 liei
506 2804 712 2882 intelligenda
734 2821 804 2868 erse
825 2805 1081 2868 tractavimus.»
1103 2802 1194 2868 Unde
1214 2804 1404 2881 concludas,
1422 2804 1536 2867 Aucto

425 2920 497 2966 rem
516 2904 557 2966 de
576 2913 656 2966 noto
672 2913 706 2968 et
723 2904 838 2968 inmo
859 2905 1091 2984 requirentem,
1114 2922 1174 2970 neo
1193 2907 1409 2985 ignorantiam
1438 2912 1537 2968 usten-

430 3013 513 3080 tare,
527 3003 755 3084 numSpiritus
768 3005 906 3070 Sanctus
926 3013 1079 3070 creatura
1092 3007 1133 3069 sit
1153 3013 1186 3070 et
1199 3006 1327 3070 dicatur
1336 3026 1348 3084 ;
1363 3023 1474 3086 neque
1485 3005 1538 3067 du·

427 3102 544 3168 bitume
565 3114 677 3167 utrum
698 3104 783 3168 idem
804 3103 945 3184 Spiritus
966 3113 999 3168 et
1020 3107 1087 3185 ipse
1110 3104 1212 3170 Filius
1234 3102 1292 3168 Dei
1308 3105 1538 3186 nuncupandus

424 3205 477 3266 sit.
500 3202 678 3283 Nunquam
696 3221 789 3284 erpo,
809 3203 920 3270 subdit
942 3202 1139 3270 Prudentius
1161 3203 1288 3280 llarau,
1311 3207 1475 3284 ignoravit
1500 3202 1539 3266 (l

428 3303 572 3386 ripense,
595 3312 708 3368 utrum
729 3303 869 3383 Spiritus
889 3303 1026 3370 Sanctus
1046 3314 1130 3370 esset
1158 3323 1218 3370 uec
1238 3323 1278 3369 ue
1298 3315 1468 3380 creatura,
1493 3322 1539 3366 ve·

428 3403 490 3466 luti
506 3405 611 3466 miuus
631 3413 786 3468 accurate
800 3406 928 3484 putavit
948 3423 974 3468 s.
993 3403 1225 3488 Hieronymum
1250 3405 1350 3470 «Neo
1366 3406 1473 3470 multo
1491 3406 1542 3466 mi·

431 3521 492 3566 nus
512 3503 686 3579 dubitarit,
709 3506 788 3583 quin
808 3505 948 3584 Spiritus
969 3506 1107 3570 Sanetus
1130 3525 1192 3572 una
1212 3508 1255 3568 sit
1275 3525 1318 3569 ex
1340 3507 1446 3572 tribus
1467 3505 1541 3566 diri·

427 3605 476 3666 nis
498 3602 664 3680 Perennis,
681 3605 828 3683 aeqmtts
844 3604 931 3668 Patri
952 3615 985 3670 et
999 3605 1107 3685 Filio,
1127 3607 1182 3672 sed
1201 3625 1275 3670 oum
1297 3607 1369 3687 ejus
1384 3605 1544 3686 processio

429 3721 492 3766 nou
515 3711 581 3769 tam
601 3704 750 3767 distincte
771 3705 803 3766 in
823 3703 1001 3786 Scripturia
1022 3709 1142 3787 exponi
1161 3709 1222 3770 silai
1245 3707 1429 3780 videretur,
1449 3723 1543 3784 quarn

429 3805 597 3882 peroratio
618 3802 710 3880 Filii,
733 3823 867 3883 operam
889 3806 949 3872 hac
971 3807 1003 3868 in
1023 3824 1060 3872 re
1081 3807 1299 3886 investiganda
1324 3807 1544 3873 insumendam

429 3923 498 3968 esse
519 3904 668 3969 ducebat.
692 3926 708 3961 n

510 4003 662 4068 Attamen
678 4023 742 4068 non
762 4005 878 4070 derunt
898 4009 928 4070 in
950 4009 1041 4070 libris
1061 4008 1211 4087 Oripeuis
1225 4015 1258 4070 et
1279 4007 1363 4070 ulier
1377 4008 1544 4074 dictiones,

429 4105 549 4182 unibus
569 4105 682 4168 ollousi
704 4117 780 4170 aunt
803 4116 872 4171 tum
898 4119 1022 4174 veteres
1046 4116 1113 4172 lum
1135 4109 1345 4180 recentiores,
1362 4109 1546 4170 existiman·

431 4213 478 4268 tos
498 4205 605 4284 ipsum
627 4205 713 4268 haud
735 4215 823 4269 reeta
846 4209 980 4273 sensisse
1001 4209 1040 4270 de
1062 4208 1171 4270 diviuo
1191 4206 1333 4285 Spiritu,
1350 4225 1388 4270 ao
1401 4223 1546 4284 praeser-

432 4306 489 4368 tim
502 4306 544 4368 ob
559 4324 611 4382 oa,
626 4325 712 4386 quae
727 4309 906 4385 rarituodo,
924 4311 1023 4373 veluti
1039 4309 1194 4384 incertus,
1210 4309 1340 4387 scripsit
1356 4309 1385 4370 in
1398 4311 1470 4370 auia
1487 4317 1548 4368 tra·

431 4405 582 4470 ctatibus.
607 4405 728 4474 Verum
749 4411 782 4470 iu
803 4409 864 4472 lrac
885 4411 1073 4488 quaestione
1092 4419 1185 4474 enter
1208 4409 1335 4473 noricas
1361 4409 1479 4488 jurat:
1504 4407 1547 4470 nti

433 4504 473 4568 de
490 4503 572 4568 Filio
587 4507 763 4572 iudicatum
777 4515 826 4573 ort
846 4505 954 4588 quoad
969 4509 1115 4574 diversos
1136 4509 1281 4589 struem
1298 4509 1407 4572 titulos
1431 4529 1451 4572 e
1468 4508 1549 4574 Scri·
