3375 5567
423 647 485 720 lllll

768 805 772 813 .
862 750 1003 821 catut
1024 751 1095 816 XX.

424 957 586 1022 l’cculinrc
614 958 754 1022 eurtum
774 957 959 1026 itutituitur
978 957 1067 1020 circa
1087 955 1244 1037 duplicem
1268 957 1411 1022 vocabuli
1429 959 1531 1040 praeci

466 1058 673 1158 uoeroeptrirmg
690 1063 859 1128 beatitudo
870 1059 1134 1142 clarificationem
1145 1061 1315 1126 secusdum
1330 1071 1465 1128 amemur
1479 1061 1532 1126 ilc-

462 1166 574 1230 cleaiac
598 1165 730 1230 Petrum
751 1162 920 1228 notionem.

423 1409 603 1560 Quamvis
619 1473 768 1552 superins
790 1471 890 1552 hujus
907 1474 993 1540 rucis
1013 1468 1171 1534 beatitudo
1184 1472 1320 1552 sparsim
1332 1487 1462 1532 sensnm
1476 1488 1530 1531 ex·

423 1573 608 1653 pendimus:
632 1582 772 1635 attamen
794 1574 841 1634 rei
864 1573 1006 1638 utilitate
1025 1576 1187 1652 inspecta,
1212 1572 1297 1636 haud
1319 1570 1487 1652 displiceat
1506 1571 1531 1631 si

421 1674 529 1738 denuo
550 1675 631 1738 hane
651 1693 692 1739 ex
709 1672 831 1758 Nyssae
853 1675 994 1756 episcopi
1014 1683 1046 1738 et
1066 1675 1209 1738 aliorum
1232 1684 1378 1738 veterum
1398 1671 1531 1734 Petrum

421 1793 496 1851 usn,
512 1775 552 1839 ad
567 1794 702 1840 examen
725 1793 927 1839 revocemus.
941 1775 1078 1842 Sanetus
1100 1775 1278 1856 Gregorius
1290 1778 1320 1864 iu
1336 1771 1432 1836 Libro
1450 1771 1474 1836 l.
1492 1771 1532 1836 tte

420 1874 677 1941 beatitudinibus
698 1876 842 1940 distinxit
864 1895 949 1956 quae
973 1897 1047 1942 reru
1071 1877 1236 1942 beatitudo
1262 1887 1310 1939 est
1331 1885 1363 1939 et
1384 1875 1530 1938 absoluta

421 1980 461 2041 ab
482 1979 585 2042 altera
610 1979 765 2041 relativa:
789 1999 806 2038 r
830 1975 1015 2054 beatitudo,
1044 1980 1160 2060 inquit,
1184 1981 1288 2060 primo
1309 1979 1384 2042 loco
1404 1987 1456 2039 est
1478 1977 1530 2038 illa

422 2080 610 2160 incorrupta
630 2079 708 2154 rita,
722 2076 882 2142 inellabiie
899 2079 981 2142 illud
1004 2080 1123 2144 bonum
1145 2091 1177 2144 et
1192 2077 1528 2159 incomprehensibile,

421 2180 633 2261 pulchritudo
656 2177 879 2242 inenarrabilis
902 2181 968 2259 ipsa
992 2183 1094 2262 gratia
1116 2191 1149 2244 et
1169 2182 1338 2262 sapientia,
1357 2191 1390 2244 et
1413 2179 1530 2252 virtus,

420 2280 481 2345 lux
503 2299 593 2356 tera,
616 2281 719 2344 omnis
740 2280 891 2344 bonitatis
912 2281 983 2346 iens
1003 2292 1089 2348 etc..
1104 2328 1112 2344 .
1127 2329 1135 2344 .
1148 2281 1230 2348 Cum
1251 2292 1362 2346 antem
1383 2280 1454 2355 ille,
1477 2281 1531 2360 qni

420 2383 511 2448 tinxit
524 2383 697 2458 hominem,
719 2383 899 2448 seeundum
915 2384 1084 2466 imaginent
1101 2384 1159 2448 net
1175 2384 1251 2449 iecit
1265 2383 1372 2460 illurn,
1386 2384 1532 2446 secundo

417 2486 491 2550 loeo
509 2485 640 2550 beatum
657 2483 871 2566 judicandum
891 2487 955 2550 erit
969 2486 1065 2564 illud,
1088 2487 1175 2567 qnod
1197 2487 1240 2550 ob
1254 2485 1532 2567 perticipationem

420 2588 520 2663 illins,
542 2606 627 2668 qnae
649 2605 724 2650 vera
749 2587 884 2650 beatitas
904 2597 965 2665 est,
986 2589 1048 2652 snb
1072 2587 1144 2669 ejus
1164 2588 1301 2652 nominis
1331 2595 1407 2669 typo
1430 2587 1529 2649 venit.

417 2688 700 2767 Quemadmodum
715 2689 801 2752 enirn
816 2690 849 2752 iu
869 2692 1045 2770 praestanti
1054 2692 1202 2772 corporis
1224 2690 1340 2764 torma,
1354 2696 1530 2774 prototypa

419 2791 631 2874 pulchritudo
653 2793 684 2853 in
708 2791 825 2855 viventi
846 2811 886 2856 rc
909 2813 986 2857 rere
1005 2793 1190 2859 subsistenti
1213 2791 1295 2856 lacis
1314 2801 1376 2870 es13
1394 2800 1428 2854 et
1450 2791 1531 2853 atte-

420 2911 494 2956 rum
512 2893 624 2958 locum
646 2891 688 2954 ab
702 2890 763 2954 hac
783 2892 907 2958 obtinet
922 2894 1017 2970 illud,
1038 2893 1126 2974 quod
1142 2892 1185 2957 ad
1197 2893 1409 2956 imitationem
1422 2899 1530 2956 osten·

418 2993 508 3057 ditur
528 2993 559 3055 in
580 2992 726 3072 imagine.
751 2991 798 3059 lta
813 3002 846 3057 et
859 3001 978 3061 natura
1000 2995 1153 3068 humana,
1169 3012 1255 3075 qnae
1274 3011 1438 3076 supernae
1459 2992 1532 3054 ber-

418 3094 561 3160 titudinis
583 3094 689 3176 imago
709 3101 770 3170 est,
793 3094 861 3176 ipsa
882 3115 1016 3177 qnoque
1037 3095 1169 3177 pulchri
1190 3095 1316 3159 decoris
1337 3095 1531 3158 charactere

416 3197 617 3278 designatur,
639 3215 742 3278 quum
763 3197 794 3262 in
815 3217 851 3262 se
872 3198 1043 3264 beatorum
1065 3199 1214 3264 ostendat
1231 3199 1462 3262 characterum
1486 3216 1535 3262 re·

415 3300 699 3378 praesentationes.
721 3319 737 3357 a
757 3297 843 3363 Huic
864 3291 974 3368 antem
989 3300 1178 3364 beatitudini
1200 3301 1352 3380 opposuit
1365 3296 1532 3380 Npssenns

417 3401 615 3464 contrariam
628 3395 786 3480 betchar
804 3403 966 3468 miseriam
981 3420 1024 3464 ex
1038 3402 1144 3466 carnis
1158 3401 1416 3480 concupiscentia
1433 3419 1533 3464 exor-

418 3509 496 3576 tam,
510 3519 608 3581 quant
621 3501 697 3582 iure
718 3503 825 3583 graeci
840 3503 954 3566 dixero
974 3511 1143 3577 certamen,
1159 3503 1241 3566 idest
1256 3509 1392 3568 naturae
1415 3502 1531 3566 buma-

416 3617 477 3666 nae
490 3603 628 3676 tactam,
644 3621 708 3683 qna
725 3605 792 3684 ipsa
807 3623 894 3668 nnnc
910 3605 1065 3683 temporis
1082 3623 1158 3669 cum
1178 3604 1323 3667 tristibus
1338 3612 1371 3667 et
1384 3603 1532 3668 allectio·

418 3704 511 3766 nibus
532 3703 759 3770 involuntariis
781 3712 914 3786 pugnat,
933 3706 974 3770 ab
994 3706 1071 3787 ipsis
1091 3705 1307 3786 defatigatum
1322 3714 1385 3782 eta
1408 3705 1531 3784 quibus

283 3877 286 3888 Ι
415 3804 547 3868 dissolri
574 3807 673 3885 cupit.
697 3803 911 3886 Quapropter
940 3825 1014 3870 cnm
1038 3807 1080 3868 ita
1106 3808 1149 3870 sit
1168 3814 1202 3870 et
1229 3808 1531 3886 comprehendatur

371 3951 379 3966 .
418 3905 597 3982 beatitudo,
620 3907 659 3969 ad
681 3925 780 3988 qnam
802 3917 918 3971 natura
935 3909 1075 3971 hnmana
1097 3926 1212 3990 perse
1234 3907 1345 3982 tendit,
1361 3927 1532 3989 quamque

416 4007 503 4073 Dens
526 4008 622 4090 huius
644 4008 763 4072 artilex
787 4009 870 4085 vult,
892 4010 1013 4092 qnippe
1034 4019 1261 4092 cuncta‚qnao
1283 4009 1418 4084 lecerat,
1433 4020 1531 4074 crocet

414 4110 504 4173 ualde
524 4109 628 4189 bouo3
651 4111 832 4174 necessario
852 4111 1016 4192 seqnitur,
1034 4109 1132 4193 hujus
1153 4113 1279 4192 generis
1294 4112 1530 4174 beatitudinem

415 4229 621 4293 nequaquam
641 4211 701 4274 sibi
724 4211 807 4275 selle
828 4231 887 4276 nec
912 4214 993 4278 verti
1014 4213 1054 4276 ad
1077 4213 1136 4277 uei
1160 4216 1313 4279 visionem
1340 4213 1529 4277 intuitiram

415 4315 579 4380 incaelis:
600 4331 711 4378 verum
726 4314 908 4394 significare
930 4302 1153 4379 tantummodo
1168 4315 1398 4379 beatitudinem
1421 4314 1529 4382 illam.

414 4418 452 4481 ad
475 4435 573 4498 quarn
596 4435 654 4497 per
676 4419 953 4496 regenerationem
974 4418 1081 4482 denno
1096 4415 1341 4481 instaurandum
1362 4424 1410 4480 est
1424 4435 1531 4496 genus

416 4520 593 4584 humanum
606 4518 700 4599 juxta
724 4518 894 4600 pristinum
912 4521 995 4585 ritae
1009 4521 1268 4596 herenensium,
1284 4518 1389 4582 divina
1405 4519 1531 4582 virtute
