3375 5567
436 755 605 819 sanitatem
627 754 796 837 percipiat,
818 772 918 835 quam
938 761 976 820 ut
989 754 1131 819 celerius
1144 754 1370 819 convalescere
1385 754 1530 829 videatur,

438 864 548 938 postea
571 876 649 921 vero
671 859 702 919 in
723 858 875 921 morbum
897 857 1039 933 recidat,
1061 865 1095 921 et
1116 858 1311 939 temporarie
1340 858 1381 921 sit
1406 855 1533 920 celerior

437 957 494 1022 illu
510 959 647 1021 curatio.
664 956 735 1021 lloe
749 958 847 1022 modo
860 966 894 1021 et
916 956 1016 1033 Deus,
1038 960 1094 1039 qui
1116 958 1207 1021 norit
1225 958 1356 1021 occultu
1376 956 1488 1031 eordh,
1504 962 1532 1017 et

438 1056 549 1121 lutura
562 1059 742 1138 praevidet,
758 1076 816 1139 per
829 1059 1015 1139 patientiam
1029 1059 1113 1121 lorte
1127 1058 1286 1136 permittit
1295 1057 1365 1121 deri
1378 1056 1532 1138 quaedam:

437 1168 471 1223 et
490 1176 548 1238 per
566 1178 624 1233 ea,
646 1178 731 1241 quae
752 1162 955 1225 extrinsecus
974 1162 1141 1239 incidunt,
1165 1161 1334 1227 oecultum
1356 1159 1471 1222 malum
1489 1178 1535 1222 ea·

440 1260 551 1336 trahit,
574 1268 610 1324 ut
631 1269 792 1341 expurgat
813 1282 902 1339 anua,
924 1264 980 1343 qui
1002 1281 1062 1344 per
1081 1263 1308 1343 negligentiam
1329 1262 1447 1323 mmina
1469 1261 1535 1321 inse

439 1362 561 1441 peccati
577 1364 736 1443 receperit
745 1383 757 1442 ;
773 1374 875 1445 utque
889 1365 928 1439 is,
943 1382 1019 1427 eum
1035 1367 1114 1428 haee
1125 1365 1166 1427 ad
1176 1362 1384 1444 superficiem
1396 1363 1534 1435 venerint,

438 1470 471 1525 et
484 1479 521 1525 ea
536 1465 732 1539 evomuerit,
749 1464 825 1527 licet
845 1466 878 1525 in
900 1466 1095 1544 gravissimis
1117 1465 1210 1528 malis
1232 1464 1346 1536 inerit,
1367 1471 1473 1542 poster
1492 1460 1536 1521 ad·

438 1562 545 1625 hibitis
566 1566 726 1629 consuetis
748 1574 819 1645 post
841 1570 964 1646 peccati
986 1567 1137 1629 morbum
1160 1565 1323 1638 remediis,
1340 1565 1373 1625 iu
1389 1563 1536 1626 meliore!

296 1674 305 1682 ‘
438 1672 560 1727 statum
582 1666 707 1729 restitui
722 1668 830 1747 possit.
848 1664 936 1731 Deus
949 1670 1034 1732 enim
1047 1669 1169 1740 animes
1190 1676 1316 1729 nostras
1330 1682 1394 1728 uon
1409 1664 1538 1743 adquin
1594 1737 1595 1748 χ

437 1768 602 1845 quaginta,
626 1776 716 1847 puta,
738 1785 837 1830 anuos
861 1768 958 1849 huius
981 1770 1088 1847 vitee;
1109 1768 1166 1831 sed
1187 1768 1226 1828 ad
1249 1785 1369 1829 aevum
1388 1764 1537 1845 sempiter-

439 1883 516 1929 num
538 1866 708 1946 dispensat.
733 1866 1023 1949 incorruptibilem
1044 1870 1128 1932 euim
1148 1868 1224 1930 'iecit
1240 1876 1394 1929 naturam
1409 1865 1538 1943 intelligi·

441 1966 552 2041 bilem,
574 1968 700 2047 sibique
721 1977 917 2049 cognatam
938 1987 1045 2050 neque
1063 1987 1081 2032 a
1096 1970 1269 2033 curatione
1283 1969 1316 2029 in
1331 1968 1394 2029 hae
1411 1966 1483 2039 vita,
1497 1981 1538 2026 ra·

339 2082 340 2085 ’
441 2065 568 2129 tinnulis
588 2068 692 2129 anima
719 2069 955 2132 excluditur.»

519 2165 674 2247 Quisquis
694 2178 803 2232 autem
826 2170 906 2233 haee
926 2171 1042 2233 sedulo
1063 2178 1248 2250 percurret,
1271 2189 1335 2233 nou
1357 2179 1480 2232 tantum
1497 2184 1539 2229 ar·

441 2270 582 2347 gumeuti
599 2270 784 2350 principalis
798 2272 838 2334 de
857 2271 993 2334 hominis
1008 2272 1170 2336 arbitratu
1182 2272 1365 2351 analogium
1384 2271 1538 2352 perspiciet

440 2388 514 2433 euru
536 2371 586 2445 iis,
609 2389 694 2451 quae
715 2375 745 2435 in
761 2391 792 2435 u.
808 2371 859 2439 21.
881 2380 1037 2435 notantur
1056 2391 1074 2435 a
1091 2373 1167 2435 divo
1182 2370 1386 2456 Hieronymo
1400 2382 1431 2435 et
1444 2389 1461 2433 a
1474 2368 1540 2433 tint

439 2472 515 2544 duo,
540 2480 570 2531 et
583 2471 811 2535 desiderentur
824 2474 857 2533 in
874 2472 1075 2550 philocalia,
1095 2489 1208 2536 verum
1222 2473 1321 2533 etiem
1333 2473 1478 2535 eamdem
1492 2486 1540 2549 pu·

440 2573 519 2634 tabit
540 2574 760 2651 quaestionem
782 2574 869 2635 eirea
893 2571 949 2635 Dei
973 2573 1208 2653 providentium
1221 2592 1232 2651 ;
1253 2590 1340 2652 quae
1369 2582 1539 2651 peccatores

442 2672 474 2734 in
488 2672 615 2757 ¹malitia
638 2671 814 2751 aliquando
837 2674 972 2747 versari,
993 2674 1179 2752 persistere,
1195 2681 1227 2735 et
1240 2672 1333 2752 quasi
1347 2673 1458 2751 sopire
1469 2669 1540 2741 sinit,

442 2781 480 2836 ut
498 2774 637 2853 emptius
659 2775 690 2835 in
712 2773 831 2835 bonum
854 2775 991 2835 sentiant
1004 2774 1223 2837 conversionis
1237 2774 1461 2835 necessitatem
1475 2769 1541 2832 divi·

441 2891 582 2954 nemque
603 2875 827 2952 clementiam
843 2882 876 2937 et
892 2876 935 2936 ita
952 2877 1175 2956 resipiscentes
1190 2881 1398 2952 perseverent
1416 2870 1539 2935 inanimi

440 2975 634 3040 rectitudine
654 2985 686 3037 et
709 2976 837 3039 virtutis
858 2976 977 3040 studio.
994 2975 1234 3054 Argumentum
1250 2990 1351 3051 porro
1366 2975 1398 3037 in
1416 2981 1541 3053 utroque
1594 2999 1595 3016 ι

440 3078 645 3157 paragrapho
664 3074 709 3141 13.
722 3087 753 3140 et
771 3074 822 3143 21.
841 3085 906 3141 tam
920 3077 1134 3148 eonnectitur,
1152 3084 1189 3139 nt
1205 3075 1356 3136 videatur
1371 3093 1415 3137 ex
1439 3069 1540 3137 unoad

441 3179 583 3243 alterum
606 3180 758 3243 translata
774 3180 936 3259 quaestio,
953 3186 986 3242 et
1007 3180 1153 3257 exposita
1166 3176 1261 3257 juxte
1278 3176 1427 3239 ordinem
1444 3174 1542 3239 verito-
1594 3177 1595 3232 l

443 3297 515 3343 rum
538 3280 687 3345 eumdem
709 3288 741 3343 et
760 3298 906 3361 scopum.
932 3279 1070 3354 ideireo,
1092 3295 1177 3358 qnae
1199 3294 1312 3357 reapse
1324 3277 1356 3339 io
1383 3276 1540 3339 amborum
1594 3269 1595 3276 ’

442 3387 474 3443 ιιι
497 3379 685 3465 Hieronymi
707 3390 739 3445 et
762 3380 881 3445 Rudini
905 3381 1063 3455 versione,
1081 3379 1132 3441 vel
1146 3379 1307 3450 obseura,
1328 3396 1388 3441 sen
1416 3373 1540 3439 absurda

442 3499 576 3561 qnoque
597 3491 772 3562 apparent,
795 3476 993 3563 praesertim
1019 3482 1049 3542 in
1071 3480 1133 3543 line
1154 3479 1209 3542 ubi
1231 3478 1373 3542 dicitura
1399 3496 1468 3541 cuae
1494 3476 1541 3539 ias-
1594 3517 1595 3524 ι

441 3581 586 3645 mortalis
607 3583 650 3645 rit
670 3582 780 3647 anima
800 3592 828 3645 et
848 3584 892 3645 od
911 3580 1042 3662 infinito
1060 3580 1167 3642 recula
1183 3597 1412 3659 permansuro,
1431 3586 1485 3641 aut
1497 3593 1543 3656 ptr

386 3760 389 3766 Ι
443 3681 596 3749 immensu
609 3682 726 3764 spotia,
740 3692 928 3765 aeternaque
943 3681 1031 3745 nient
1042 3699 1060 3754 ,·
1080 3681 1106 3743 si
1128 3690 1235 3741 tameo
1257 3681 1316 3743 ista
1334 3679 1373 3740 iis
1392 3668 1541 3741 conierer-
1594 3717 1595 3742 ι

443 3790 510 3857 tur,
532 3802 616 3863 qnae
638 3786 668 3846 in
690 3803 720 3847 n.
742 3782 792 3849 13.
816 3784 958 3847 discussa
980 3789 1056 3845 suut
1076 3783 1117 3843 ab
1139 3780 1302 3854 duetore,
1324 3787 1358 3841 et
1378 3778 1541 3843 obscuritas
1594 3831 1595 3862 ,

444 3884 581 3947 tolletur
595 3892 626 3947 et
639 3892 810 3949 evanescet
824 3884 1002 3949 absurdum
1012 3902 1026 3963 ι
1037 3883 1261 3962 dogmatisque
1272 3882 1449 3961 origeniani
1463 3892 1540 3956 repr·

445 3986 573 4047 rabitur
593 3985 771 4049 sinceritas.

525 4084 607 4149 Cum
629 4086 738 4165 itaque
760 4087 790 4147 in
812 4084 1018 4167 paragrapho
1031 4081 1080 4151 tu
1096 4083 1258 4163 legimus,
1282 4082 1442 4161 patienter
1459 4092 1539 4157 agere

444 4184 549 4251 Deum
564 4204 641 4265 erga
656 4188 828 4251 nonnullos
844 4196 1043 4267 peccatores,
1055 4204 1177 4265 eosque
1191 4184 1264 4245 ideo
1275 4184 1425 4247 deserere
1439 4184 1469 4245 io
1480 4194 1540 4259 pec·

443 4288 543 4367 catis3
567 4289 640 4359 hoc,
663 4288 778 4367 inquit,
801 4306 864 4351 nou
884 4287 952 4351 siue
972 4286 1156 4367 expedienti
1184 4285 1273 4347 iacit.
1297 4282 1381 4347 Cum
1395 4282 1473 4345 eninr
1491 4279 1540 4337 iu·
1594 4361 1595 4368 ἵ

445 4388 590 4451 mortalis
609 4390 651 4451 sit
664 4390 768 4451 anima
784 4398 816 4451 et
828 4388 859 4449 in
873 4406 992 4451 aevum
1007 4387 1239 4467 sempiternum
1253 4384 1426 4457 duratura,
1439 4393 1536 4443 curru

445 4489 526 4553 hane
547 4490 628 4569 gerit
650 4488 736 4554 Dens
757 4489 787 4552 in
805 4490 865 4553 hac
883 4489 945 4551 vita
960 4488 1076 4552 salutis
1091 4486 1203 4567 ipsius,
1217 4502 1257 4547 ne
1275 4485 1308 4548 in
1321 4491 1480 4548 aeteruum
1493 4494 1536 4557 pe
