3375 5567
170 767 206 833 ‹ie
225 767 339 834 Christi
360 785 499 850 corpere
520 767 703 846 desideret,
734 787 806 840 reos
825 787 860 832 se
883 775 1033 850 putarent
1052 787 1162 834 eoram
1185 770 1264 836 Deo.

165 870 210 936 En
229 888 350 936 morem
371 873 402 934 in
424 871 567 936 Ecclesia
593 873 849 952 antiquissimum
871 874 985 937 divinis
1007 875 1172 938 assistendi
1192 893 1262 960 my·

164 975 276 1050 steriis,
285 975 353 1038 sive
362 973 480 1038 Missae
494 975 670 1049 Sacrificio,
680 975 775 1054 eique
786 977 1041 1040 communicandi
1054 975 1178 1039 muneri
1191 995 1264 1040 enn-

162 1085 284 1140 seerate.
307 1076 358 1140 En
378 1078 514 1141 hostiam
535 1077 782 1140 eucharisticam
790 1097 801 1155 3
818 1095 857 1139 en
879 1093 997 1156 agnum
1019 1078 1264 1141 immacutatum

164 1177 325 1243 Christum
347 1177 485 1257 Jesnm,
508 1180 564 1259 qni
584 1197 620 1241 se
643 1179 740 1240 otiert
760 1177 829 1241 lieo
852 1177 939 1240 Patri
961 1181 992 1240 in
1014 1181 1263 1256 redemptionem

164 1289 376 1360 peecatorum.
393 1281 455 1355 En,
473 1291 511 1344 nt
524 1283 566 1344 ibi
580 1282 730 1361 explicite
745 1283 790 1343 ait
803 1281 972 1360 Origenes,
988 1299 1028 1342 en
1041 1298 1155 1360 eorpus
1176 1279 1265 1344 cirt-

160 1381 210 1457 sti,
231 1401 271 1444 en
285 1401 400 1462 cerpus
421 1381 505 1446 Verbi
523 1382 606 1457 nete
621 1401 679 1446 nee
696 1401 774 1446 vero
787 1383 865 1444 dicit
886 1383 1035 1460 figuram,
1055 1391 1111 1446 ant
1132 1400 1261 1462 reprae-

159 1487 362 1548 sentationem
384 1483 692 1564 commiscerent,
722 1487 768 1548 nti
793 1485 912 1547 retient
934 1494 1079 1548 recentes
1101 1484 1264 1550 Ecclesiae

160 1583 409 1650 Reformatores.
432 1586 482 1650 En
509 1590 543 1649 in
575 1587 728 1667 praetatis
755 1587 922 1650 vocabulis
953 1603 1066 1665 serpes
1089 1584 1207 1650 carissi
1232 1599 1264 1652 et

159 1705 268 1769 sospes
295 1687 382 1752 Verbi
397 1689 466 1765 Dei,
489 1691 628 1752 divinam
657 1689 777 1755 Christi
796 1690 942 1772 ejusdem
963 1699 995 1752 et
1017 1690 1188 1754 humanam
1210 1709 1264 1754 ne

161 1798 275 1865 turem,
298 1810 396 1872 quam
419 1792 475 1855 Dei
497 1791 643 1857 Verbum
664 1794 836 1872 assumpsit
863 1792 1046 1855 inhumani
1069 1793 1195 1873 generis
1214 1812 1264 1857 re·

158 1893 430 1974 conciliationem
462 1913 496 1957 se
516 1911 550 1957 se
570 1894 823 1957 substantialiter
844 1903 877 1956 et
906 1892 1038 1955 realiter
1064 1893 1259 1957 abscondens

159 1993 215 2057 snb
235 1996 324 2074 panis
343 2003 377 2058 et
398 1997 462 2058 sini
482 1997 667 2074 speeiebns;
681 2003 722 2057 ›et
743 1994 984 2075 propterquod
1007 1992 1163 2074 Origenes
1185 2003 1261 2059 tnne

159 2095 403 2159 christianornm
426 2097 605 2160 extollebat
627 2097 841 2160 reverentiam
863 2106 895 2159 et
916 2096 1011 2159 iidem
1034 2113 1109 2176 erga
1132 2096 1193 2159 hnn
1211 2114 1262 2159 sa·

160 2205 367 2262 eramentnm.
389 2198 432 2263 Et
452 2215 491 2261 en
512 2198 643 2261 demam
663 2197 827 2277 quomode
858 2197 929 2260 tatis
946 2195 1098 2260 Auctoris
1119 2197 1261 2261 etaentin

159 2295 194 2361 ie
213 2299 430 2364 eucharistico
443 2302 597 2382 mysterio
610 2298 651 2360 ab
671 2317 708 2362 ea
733 2300 836 2361 veriet
857 2297 1134 2378 interpretatione,
1151 2297 1182 2359 in
1203 2298 1262 2361 ian·

155 2398 203 2480 jns
222 2398 343 2482 Capitis
363 2402 454 2464 initio
475 2403 593 2477 ettata,
616 2408 649 2464 et
668 2407 763 2463 ernta
784 2398 826 2462 ab
848 2397 992 2479 ejusdem
1007 2397 1154 2478 Origenis
1176 2415 1262 2464 cem·

160 2503 311 2568 tentatio
330 2501 368 2565 'is
386 2500 594 2580 Muttinem,
616 2505 736 2584 qnippe
756 2501 860 2564 attans
882 2517 979 2564 manu
1000 2499 1207 2580 interpolato.
1239 2563 1249 2586 ,
