3375 5567
441 779 626 842 madrerlas
647 777 724 842 baie
744 776 864 852 simile,
883 783 919 840 et
937 774 1070 858 qultlem
1088 776 1293 856 apamenum,
1314 781 1353 838 ni
1372 773 1449 838 mibi
1469 773 1544 838 sila·

442 887 497 944 tor
518 878 581 956 (sla
601 878 689 960 quod
719 879 798 942 nibil
827 879 860 940 iu
891 880 994 942 reteri
1027 875 1321 960 interpretatione)
1349 876 1542 940 nibilominus

444 982 500 1045 six
515 980 614 1061 buius
632 989 728 1044 notae
742 996 817 1043 oum
832 978 1099 1058 praecedentibus
1114 979 1234 1043 vileris
1253 994 1385 1040 nexum.
1408 975 1445 1038 lu
1463 993 1545 1055 praa

441 1080 630 1144 cedentibus
651 1081 736 1143 euim
763 1078 918 1144 toldelo
940 1097 976 1143 re
1006 1079 1168 1144 sollicitus
1188 1082 1255 1159 agit
1279 1077 1435 1158 Origenes
1457 1093 1545 1157 qnae·

442 1183 602 1246 ationem:
625 1181 654 1244 ai
674 1179 745 1245 lieet
764 1179 886 1245 bomini
905 1179 1061 1246 dimittere
1089 1199 1222 1246 onorem
1243 1199 1335 1245 tuost
1362 1195 1544 1260 emisgoe

439 1295 480 1345 ex
500 1301 612 1357 eante,
634 1282 723 1361 quod
745 1289 793 1344 est
812 1289 1045 1360 argumentum
1066 1283 1245 1346 maximum
1256 1299 1268 1358 ς
1298 1280 1331 1343 iu
1351 1297 1419 1358 quo
1438 1294 1544 1358 expen-

440 1384 568 1459 dendo,
593 1383 697 1446 veluti
719 1380 887 1462 praelatus
907 1398 1007 1456 sum,
1031 1381 1399 1461 neminemnam,
1420 1379 1497 1442 adeo
1513 1386 1545 1440 ut

439 1492 563 1548 statuat
574 1485 670 1565 juxta
682 1483 862 1548 salvatoris
878 1493 1016 1546 mentem
1028 1482 1169 1564 coniugii
1185 1482 1463 1554 insolubilium,
1474 1497 1544 1560 quo

439 1603 514 1648 rum
537 1585 640 1648 illue:
673 1584 747 1648 boae
767 1583 932 1647 nocebitur
950 1583 1067 1646 melier
1087 1581 1242 1664 (eiropol
1263 1581 1345 1664 puio
1363 1582 1401 1644 tle
1420 1578 1486 1642 siro
1501 1597 1545 1640 aa·

441 1696 570 1766 sumpto
590 1695 646 1750 est.
661 1685 854 1766 Gnritaque
873 1683 1102 1767 Transcriptor
1122 1703 1261 1766 graeous
1273 1684 1357 1748 illud
1377 1683 1424 1748 ibi
1438 1680 1546 1745 andilli

440 1788 479 1850 de
503 1788 628 1851 blame
642 1796 675 1850 et
692 1786 760 1850 Eva
781 1786 822 1849 ad
844 1790 1015 1867 imaginem
1037 1787 1095 1850 liei
1110 1783 1216 1860 laetis,
1233 1802 1296 1849 uon
1313 1784 1420 1848 vitleo.
1442 1780 1545 1862 quue

443 1889 543 1969 magia
564 1889 651 1970 quotl
674 1889 705 1951 in
726 1889 920 1968 evangelicis
940 1889 1054 1953 diutiss
1076 1905 1155 1951 anas
1174 1884 1309 1968 legistis,
1328 1883 1479 1967 montosa
1496 1880 1545 1962 pai

439 1989 515 2070 [seit
528 1991 568 2054 ob
582 1988 689 2068 initio,
704 1990 882 2054 musculum
895 1997 924 2050 et
934 1988 1106 2070 [uminum
1118 1987 1192 2070 tacit
1204 1982 1285 2050 eos?
1297 1988 1329 2050 in
1340 1986 1404 2061 bis,
1415 1986 1546 2066 inquam,

442 2092 624 2157 nominibus
644 2093 821 2172 musculosa
835 2100 865 2153 et
883 2090 1066 2171 foeminum,
1082 2094 1224 2172 prorsus
1237 2087 1380 2154 lesnsat
1401 2085 1547 2151 biae0ri·

441 2210 536 2274 genes
558 2209 620 2253 uon
641 2192 748 2254 solum
769 2191 912 2255 iudicant
931 2191 1056 2272 generis
1076 2190 1340 2272 discrepantiam
1360 2190 1418 2252 setl
1439 2198 1472 2252 et
1488 2204 1546 2250 am·

445 2295 531 2373 plius
549 2293 655 2356 virum
668 2300 702 2356 et
715 2309 854 2357 uxorem
869 2295 901 2356 iu
915 2293 1077 2357 eonunbio
1091 2293 1293 2356 constitutos.
1310 2289 1454 2372 ltlaoquo
1466 2287 1547 2370 paral

445 2396 599 2458 momenti
622 2400 720 2475 puto,
740 2412 780 2457 ne
801 2394 906 2459 (licem
928 2403 1021 2459 extra
1043 2395 1167 2472 locum,
1183 2394 1437 2458 additamentum
1451 2389 1548 2457 inetli·

443 2497 531 2559 tione
544 2511 674 2574 grseea,
696 2493 752 2557 ubi
768 2494 934 2559 masculus
947 2501 981 2558 et
995 2494 1134 2560 loemioa
1150 2495 1305 2560 dicuntur
1316 2502 1547 2576 repraesentare

441 2595 583 2659 (lisinam
605 2596 787 2676 imaginem,
810 2613 875 2658 non
896 2615 976 2662 sero
998 2601 1049 2659 alr
1068 2605 1102 2661 et
1115 2598 1250 2674 muller,
1270 2597 1440 2678 quasisub
1459 2594 1547 2660 bisti·

443 2698 519 2763 tulis
542 2697 649 2762 loreut
671 2699 733 2762 lton
748 2698 919 2779 privilegio
939 2699 1046 2762 orbati
1061 2696 1165 2763 team
1185 2707 1219 2764 ot
1234 2697 1317 2763 Eva:
1341 2699 1430 2780 qnod
1446 2695 1546 2762 nullibi

442 2799 555 2864 docuit
581 2797 763 2879 Origenes,
783 2800 1093 2881 quomodoeumqne
1124 2799 1266 2865 lluotlus
1284 2801 1450 2866 studuerit
1477 2800 1548 2862 base

443 2909 625 2980 temperare
639 2901 887 2983 expositionem.
911 2901 954 2966 Et
968 2902 1030 2966 boo
1050 2902 1184 2982 insuper
1197 2909 1333 2983 apparot
1352 2899 1547 2970 annecteris

440 3001 547 3064 auimo
568 3000 735 3077 alianum,
757 3021 832 3065 eum
852 3003 961 3066 statim
990 3002 1107 3066 ibidem
1128 3005 1328 3067 matrimonii
1355 3003 1547 3066 sanctitatem

442 3102 603 3166 extollens
622 3103 721 3166 oleate
745 3123 762 3163 r
785 3101 861 3167 ltleo
883 3105 986 3184 gralia
1007 3112 1056 3169 est
1077 3105 1109 3167 lu
1129 3105 1187 3182 als,
1210 3123 1294 3185 qnos
1315 3103 1405 3168 Dens
1424 3103 1547 3183 eonion·

443 3204 509 3266 xit.
524 3249 532 3265 .
548 3201 658 3279 ..Qui
678 3204 763 3268 euim
785 3223 825 3267 ex
850 3203 918 3269 lleo
938 3214 1015 3270 sunt
1032 3207 1151 3287 juncti,
1167 3214 1201 3270 et
1220 3206 1362 3285 sapiunt,
1384 3213 1419 3270 et
1437 3203 1548 3268 iaoluut

441 3302 529 3383 qnod
560 3303 690 3366 mandat
711 3303 900 3383 Apostolus:
930 3303 997 3368 oiri
1016 3304 1140 3386 diligite
1165 3323 1280 3368 osores
1306 3315 1449 3379 matam,
1474 3303 1549 3366 sieut

444 3398 589 3465 cbristus
600 3400 714 3464 dilexit
730 3401 904 3466 lleetess'om
916 3411 979 3469 ete.
995 3423 1013 3463 a
1029 3401 1056 3468 ll
1071 3405 1192 3487 qulbus
1212 3407 1362 3471 omnibus
1376 3405 1476 3485 magis
1497 3403 1547 3465 in·

442 3501 607 3581 probanda
631 3502 761 3566 videtur
781 3503 886 3582 glossa
910 3504 1070 3586 Anonyml
1098 3506 1205 3586 graeei
1216 3526 1228 3586 ;
1250 3514 1284 3570 et
1303 3513 1398 3570 extra
1420 3504 1547 3584 origina-

442 3599 507 3663 lem
540 3608 666 3664 textum
699 3601 899 3678 mandanda,
923 3603 1045 3684 qnippe
1069 3613 1262 3685 argumento
1286 3607 1492 3686 importuna:
1516 3607 1548 3665 ut

443 3701 517 3764 lade
546 3701 764 3766 oonolndatur
785 3705 869 3766 bane
890 3701 1000 3767 lluatil
1020 3704 1233 3770 editionema
1263 3706 1411 3787 genuinis
1429 3703 1548 3785 seriptis

442 3811 476 3865 ot
495 3802 592 3866 aliam
614 3819 633 3866 a
654 3821 749 3868 aeusu
770 3802 920 3884 Origeuis
940 3804 1119 3870 babendum
1139 3825 1220 3871 esse.

525 3900 731 3980 Novissime,
753 3913 786 3968 et
813 3906 945 3986 quidem
974 3909 1204 3972 convenienter
1230 3906 1358 3987 (sieubi
1378 3906 1420 3970 le
1438 3904 1548 3986 nuptiis

444 4004 616 4084 bucusque
636 4003 835 4083 disputatum
857 4006 927 4084 est)
941 4005 982 4068 ab
1002 4005 1161 4087 eiusmodi
1183 4006 1364 4072 boemanni
1385 4004 1548 4087 expositio-

443 4105 537 4169 nibus
550 4105 591 4169 (le
607 4103 686 4170 lesu
702 4122 856 4187 responso
871 4107 1118 4186 pharisaeorum
1130 4108 1262 4183 insiliis,
1279 4107 1387 4188 qnoatl
1409 4103 1548 4173 eonuubli

441 4207 656 4278 sanctitatem,
678 4223 717 4270 ao
739 4223 801 4271 una
823 4207 912 4287 leges
932 4208 972 4271 os
993 4209 1056 4272 boe
1080 4208 1200 4276 Gbristi
1222 4207 1371 4273 lidelibus
1391 4205 1544 4290 sapientis·

442 4309 523 4370 sime
544 4309 755 4383 constitutas,
778 4314 812 4370 et
831 4309 971 4390 abipso
990 4310 1132 4390 Origene
1165 4311 1236 4391 pari
1255 4309 1412 4390 sapientia
1440 4315 1473 4373 st
1490 4321 1544 4386 pro

444 4404 610 4471 Ecclesiae
631 4407 770 4472 utilitate
792 4407 991 4486 illustratas,
1013 4411 1191 4491 divinoque
1211 4409 1363 4474 mandato
1391 4413 1545 4474 consanta-

444 4523 542 4586 osas,
564 4507 653 4574 aliud
676 4509 871 4591 culpationis
891 4527 992 4591 genus
1014 4513 1245 4594 perspexeris3
1270 4527 1336 4592 qna
1357 4505 1544 4592 Theopbiloa
