3375 5567
165 780 204 837 cto
220 762 475 851 tliaputationetn,
490 792 577 854 quae
597 775 674 839 troie
689 774 830 839 mxime
842 772 945 837 allicio
966 782 1028 849 cat,
1049 774 1256 839 mandantur.

162 869 268 935 litem
288 871 367 935 llaec
387 874 557 949 natialiant,
580 883 618 939 nt
631 873 796 939 Auctore
819 883 907 939 tauto
928 877 1053 939 incedat
1073 894 1191 941 errore
1212 879 1258 939 io·

163 973 270 1041 roxine.
293 972 466 1043 Praeterea
488 994 594 1058 nequa
614 987 727 1043 contra
743 980 806 1041 lnoc
827 978 917 1054 lacit,
938 979 1027 1059 quod
1047 980 1161 1045 renuit
1183 978 1258 1045 llic·

163 1094 296 1163 roopmua
326 1080 360 1141 in
381 1076 525 1160 Epistola
557 1080 597 1144 ad
620 1081 755 1145 tltitum
785 1099 828 1145 en
849 1081 935 1143 libro
957 1078 1015 1147 lll.
1042 1099 1070 1145 c.
1094 1079 1150 1143 vt.
1171 1100 1203 1145 n.
1226 1080 1258 1149 e.

164 1176 350 1259 Peiorclm
362 1180 596 1263 huiuamodiae
608 1183 741 1246 heleno:
754 1202 772 1241 c
783 1180 825 1245 llt
845 1184 907 1245 erit
919 1180 1006 1245 uem
1026 1184 1132 1245 omnin
1149 1185 1181 1245 iu
1192 1202 1261 1246 om·

161 1281 249 1357 ndns,
270 1288 306 1348 ut
327 1283 479 1347 universa
500 1292 653 1347 creatura
675 1300 834 1363 corporea
851 1282 1018 1362 redigatur
1039 1285 1070 1347 in
1091 1302 1161 1347 eam
1182 1284 1260 1347 aulo·

160 1383 302 1457 nuntiam,
324 1400 411 1463 uuae
430 1384 579 1451 omnious
594 1384 791 1460 meliorest,
814 1386 845 1446 iu
866 1385 1006 1449 divinam
1028 1386 1171 1460 scilicet,
1193 1404 1258 1466 qua

161 1483 235 1549 nolle
253 1484 590 1551 eonnectitur
611 1488 695 1551 enlm
716 1486 747 1548 itl
770 1504 943 1550 commune
965 1487 1062 1551 habet
1083 1506 1158 1551 cutn
1180 1487 1260 1549 diri·

160 1602 191 1650 ea
207 1596 319 1651 natura
341 1588 479 1671 ejusque
499 1587 647 1667 portione
666 1587 849 1666 corporeis,
872 1604 946 1649 cnm
968 1587 1058 1651 alind
1080 1586 1262 1657 intenderet

162 1688 357 1769 diducente
375 1706 497 1765 nermo,
516 1690 564 1754 nti
588 1687 736 1753 llntliuua
758 1688 925 1753 transtulit
945 1690 1114 1753 contextui
1138 1688 1263 1754 unitor·

162 1792 242 1855 aiter
260 1792 301 1856 de
320 1792 583 1856 rerurrectioncc
605 1812 623 1851 c
645 1789 682 1853 lu
701 1806 767 1870 qna
788 1789 851 1853 crit
873 1787 959 1855 [lena
980 1790 1085 1854 omnia
1107 1793 1140 1855 in
1161 1794 1265 1855 omni·
1358 1796 1362 1805 “

162 1891 232 1971 lot5
250 1899 284 1956 et
296 1900 376 1955 tuuc
389 1900 626 1973 comequeuter
638 1892 735 1955 etiam
751 1898 868 1955 nature
884 1909 1043 1971 corporea
1064 1892 1159 1956 illum
1174 1910 1263 1956 anm·

163 2000 299 2068 uomet
312 1994 368 2057 cui
389 1993 463 2055 addi
475 1993 543 2075 jam
563 1993 644 2056 nihil
660 1993 771 2073 poscit,
794 1993 929 2075 reciptet
948 1999 1081 2059 statum.
1099 2012 1115 2053 t
1134 1993 1219 2057 ldeet
1233 1994 1264 2057 iu

163 2112 248 2175 regno
269 2093 390 2160 Christi
421 2095 525 2161 loturi
553 2091 796 2159 reculi'natura
819 2096 959 2159 hnmana
979 2114 998 2158 u
1016 2095 1160 2160 malitiae
1181 2094 1264 2159 ritiie

93 2221 96 2251 2
164 2202 314 2277 exempta,
341 2214 362 2259 a
388 2196 600 2279 corruptione
622 2195 762 2271 scilicet,
789 2198 844 2261 coi
867 2214 903 2259 ae
924 2195 1062 2279 rubjecit
1086 2197 1129 2260 ob
1148 2195 1266 2259 Adanu

163 2298 301 2379 culpam,
332 2300 525 2363 restituetur
544 2298 577 2359 in
606 2297 752 2361 ordinem
774 2298 967 2377 pristinum,
995 2315 1062 2377 quo
1083 2298 1225 2380 primurn
1245 2314 1264 2361 a

163 2395 220 2464 lleo
237 2400 446 2464 immaculate
468 2398 595 2462 condita
618 2398 690 2462 luit.

228 2499 510 2579 Quemadmodum
539 2518 640 2583 porro
671 2501 843 2580 uncosque
872 2519 916 2564 ex
935 2498 1028 2565 libris
1057 2500 1206 2582 Origenio
1229 2522 1266 2567 ac

165 2619 214 2681 pro
231 2621 311 2667 auae
325 2601 399 2665 tidei
412 2603 597 2683 integritate
611 2602 830 2683 decerpsimus
847 2602 1048 2677 testimonia,
1071 2603 1199 2667 divinae
1220 2623 1269 2667 ca·

165 2704 272 2771 tectim
290 2706 532 2787 eimplicitatem
546 2705 745 2769 adstruentia
754 2724 768 2783 3
789 2704 832 2766 lta
849 2722 891 2769 cx
908 2703 1053 2784 ciusdem
1068 2708 1195 2786 scriptia
1220 2724 1269 2769 en-

166 2805 198 2868 t'n
214 2808 390 2886 reperitur.
407 2813 445 2871 ut
464 2805 567 2870 altera
588 2806 621 2869 in
635 2822 712 2869 eum
733 2804 908 2885 diaaipetur
930 2806 1108 2881 calumnie,
1123 2823 1188 2885 qua
1212 2808 1269 2871 itn·

167 2907 287 2985 petitur,
303 2908 398 2988 quasi
408 2906 466 2971 llci
481 2908 656 2988 potentiam
671 2908 952 2987 circumscriptam
968 2908 1129 2971 crederet:
1143 2924 1181 2971 ac
1196 2908 1270 2973 ideo

168 3013 290 3075 tnteum
312 3026 512 3090 procreatae,
528 3016 610 3089 quot
629 3008 833 3090 providentia
849 3026 908 3071 rua
932 3009 1098 3071 continere
1120 3028 1158 3073 ac
1179 3011 1292 3098 mini-⁶

167 3114 258 3176 ttrtre
278 3118 418 3192 poterat.
441 3109 485 3175 Et
503 3111 646 3192 quotics,
667 3110 831 3191 inquiunt,
853 3108 1010 3190 Origenes
1033 3109 1137 3175 Deum
1159 3108 1270 3175 Omni·

170 3220 317 3289 potentem
337 3211 471 3289 dixerit,
493 3231 545 3277 reo
565 3230 676 3277 umnec
696 3212 738 3275 ab
758 3230 799 3275 eo
819 3220 945 3276 creatas
967 3213 999 3275 iu
1020 3211 1092 3295 ejus
1109 3220 1268 3293 potestate

170 3328 249 3389 erte,
269 3331 332 3377 non
355 3328 434 3378 reru
455 3331 627 3379 numerum
648 3330 761 3379 rerum
782 3312 943 3379 inlinitum
963 3314 1004 3375 alr
1027 3312 1141 3377 codem
1163 3314 1268 3377 creari

173 3429 266 3491 poene,
278 3415 477 3495 intelligeret
495 3422 558 3479 etc.
575 3412 619 3479 Et
639 3415 702 3479 hoc
722 3414 797 3479 idco
818 3414 1021 3494 potissimum
1042 3414 1216 3495 prolatum
1231 3413 1271 3477 iri

173 3524 275 3593 potant
293 3516 473 3581 adversarii
486 3535 530 3581 ex
549 3536 578 3581 c.
601 3514 658 3581 lX.
675 3534 706 3579 u.
722 3513 752 3581 1.
773 3515 862 3580 Ltort
883 3514 926 3579 ll.
945 3514 988 3579 lle
1002 3513 1199 3597 Principii&
1217 3516 1273 3579 ubi

174 3618 269 3693 paris
298 3620 451 3683 momenti
481 3619 621 3682 varietas
650 3618 822 3683 intercedit
850 3618 969 3681 Rufini
997 3619 1151 3683 versionis
1171 3619 1213 3681 alr
1234 3638 1273 3683 co

174 3719 252 3795 pund
272 3717 413 3787 traditur
432 3720 466 3783 in
485 3718 631 3802 Epietoln
652 3721 693 3785 ad
715 3718 878 3785 lleuuam.
895 3719 1046 3797 Quarum
1068 3722 1272 3801 utquisque

176 3816 338 3887 decernere
357 3832 564 3902 quercuum
586 3822 642 3887 uni
659 3822 711 3886 rel
730 3821 826 3885 alteri
848 3822 1007 3887 credenda
1028 3823 1071 3887 sit
1092 3822 1274 3887 translatio

93 3971 96 3993 .,
177 3918 219 3982 uis
234 3920 408 3998 amoenus,
430 3938 469 3987 ac
492 3921 568 3986 inde
589 3920 741 3989 ductoria
765 3940 879 3989 nenena
902 3928 1221 4004 prudentumque
1245 3922 1276 3983 in

93 4075 96 4096 2
180 4020 307 4089 medium
326 4024 546 4108 proteramus,
560 4042 646 4105 quae
666 4024 710 4089 ita
731 4043 766 4089 ee
787 4024 893 4090 lauet

596 4224 697 4290 tereto
722 4222 851 4308 Restat

249 4451 265 4490 ι
284 4428 319 4493 ln
342 4431 403 4497 illo
429 4448 509 4513 erpo
532 4431 624 4497 initio
645 4429 826 4512 putandum
851 4438 920 4509 aot,
949 4436 1073 4497 tantum
1101 4448 1273 4496 nnmerum

187 4529 406 4599 ntuunttnn
426 4540 654 4601 creaturarum
675 4532 744 4600 eive
764 4532 1052 4610 intellectualium,
1069 4535 1121 4599 rel
1142 4552 1277 4616 qnoque
