3375 5567
440 776 491 837 rto
511 774 595 838 idem
618 776 697 857 ipse,
718 780 776 859 qni
799 778 908 842 iuerat
927 772 1148 850 exhibebitur,
1165 781 1201 838 ut
1221 772 1296 837 boni
1317 792 1374 838 seu
1396 772 1542 839 contrarii

439 878 547 939 meriti
564 876 724 956 iudicium
739 898 757 941 a
774 877 841 943 ileo
858 877 980 940 referat
997 922 1004 936 .
1023 922 1030 937 .
1049 922 1056 936 .
1075 924 1081 939 .
1100 874 1210 952 Quum
1234 894 1313 956 crgo
1327 876 1396 941 linis
1417 885 1449 939 et
1461 877 1544 941 limes

439 976 577 1051 medius,
589 980 646 1057 qui
664 979 817 1043 interhiat
837 978 992 1053 adiuerit,
1011 986 1047 1040 ut
1068 978 1164 1039 etiarn
1187 976 1296 1039 muudi
1313 978 1411 1057 ipsius
1430 979 1543 1058 species

440 1078 656 1142 transferatur
676 1097 781 1161 aeque
803 1080 1003 1159 temporalis,
1021 1096 1106 1159 quae
1130 1078 1177 1139 illi
1199 1078 1396 1159 dispositioni
1418 1080 1547 1141 aeterni·

438 1181 511 1241 tatis
527 1181 635 1243 aulaei
652 1183 721 1244 vice
735 1200 876 1262 oppansa
892 1190 959 1244 est:
984 1190 1059 1243 tnnc
1072 1178 1254 1243 restituetur
1268 1196 1362 1241 omne
1378 1181 1544 1243 bumaoum

436 1297 538 1359 genus
559 1282 599 1342 ad
620 1284 873 1363 expungendum
906 1282 1011 1359 (idest
1039 1282 1295 1359 exsolvendum)
1329 1282 1417 1362 quod
1440 1283 1471 1344 in
1491 1284 1544 1344 isto

437 1400 520 1445 aevo
542 1384 615 1446 boni
636 1403 696 1448 seu
712 1386 787 1447 mali
810 1385 950 1461 mernit;
969 1394 1000 1445 et
1015 1379 1131 1446 exinde
1148 1384 1350 1464 pendendum
1366 1385 1541 1445 immensam

437 1486 636 1547 aeternitatis
652 1487 912 1566 perpetuitatem.
932 1481 1073 1565 ideoque
1088 1503 1146 1547 nce
1163 1503 1249 1547 mors
1265 1484 1344 1565 jam,
1363 1502 1421 1547 uec
1438 1502 1543 1547 rursus

436 1601 475 1646 ac
497 1603 613 1648 rursus
629 1589 827 1650 resurrectio
838 1607 849 1664 3
871 1586 925 1649 sed
949 1586 1071 1649 erimus
1092 1585 1203 1661 iidem,
1220 1587 1277 1665 qui
1302 1603 1398 1659 nuuc,
1423 1603 1479 1647 nee
1498 1585 1546 1647 alii

430 1694 521 1767 post:
545 1685 603 1750 llei
624 1688 755 1769 quidem
777 1689 921 1751 cultores
950 1687 1036 1769 apud
1061 1685 1163 1751 ileum
1185 1704 1326 1767 semper,
1350 1686 1546 1769 superinduti

434 1786 613 1851 substantia
635 1792 767 1870 propria
789 1790 1000 1852 aeternitatis.
1021 1786 1151 1850 Proiani
1168 1807 1246 1851 vero
1267 1797 1300 1851 et
1318 1790 1373 1867 oui
1391 1806 1454 1849 non
1476 1788 1546 1849 inte

436 1890 486 1968 gri
507 1888 547 1952 ad
571 1888 699 1966 Deum,
720 1894 752 1954 in
774 1910 877 1972 poena
898 1907 1003 1969 aeque
1021 1889 1107 1969 jugis
1129 1891 1230 1970 ignis,
1256 1891 1400 1953 habentis
1423 1910 1464 1953 ex
1486 1890 1544 1968 ipsa

438 2000 556 2054 natura
577 1993 661 2072 ejus,
677 1994 818 2055 diuinam
840 1991 964 2055 scilieet
977 1991 1304 2055 subministrationem
1326 1990 1546 2072 incorruptibi-

436 2092 546 2156 litatis.
571 2114 587 2151 n
612 2092 783 2176 inquibus
802 2096 880 2159 satis
901 2093 1201 2172 comprehenditur,
1225 2094 1302 2173 quid
1326 2093 1386 2157 sibi
1412 2094 1498 2165 velit,
1518 2099 1546 2153 et

436 2214 504 2277 quo
520 2206 665 2277 tempore
683 2198 862 2277 peragenda
879 2203 918 2263 sit
933 2208 1069 2262 naturae
1091 2206 1219 2259 nostrae
1244 2196 1420 2267 restitutio,
1433 2212 1488 2257 seu
1503 2212 1546 2257 re·

435 2299 614 2373 stauratio,
625 2297 786 2378 judicium
801 2318 916 2381 nempe
937 2300 1147 2363 novissimum
1162 2312 1370 2376 praecessura
1384 2316 1395 2374 ς
1412 2305 1444 2359 et
1459 2296 1546 2356 aliter

436 2397 564 2475 penitus
585 2415 683 2476 guam
708 2400 806 2479 vulgo
827 2393 1053 2481 excogitarunt
1074 2398 1222 2461 docuisse
1237 2395 1426 2475 Origeuem,
1448 2392 1545 2475 quoad

433 2497 568 2577 spiritns
590 2499 722 2562 humani
737 2501 769 2561 in
791 2500 911 2563 bonum
933 2519 971 2563 ac
985 2502 1017 2561 in
1039 2499 1213 2563 coelestem
1235 2497 1373 2578 gloriam
1396 2496 1545 2560 instaura-

437 2600 555 2662 tionem
571 2617 631 2680 per
641 2602 881 2682 poenitentiam:
895 2602 986 2683 qnasi
998 2600 1163 2682 suppliciis
1178 2600 1317 2663 aeternis
1330 2596 1545 2671 damnati,ali·

436 2699 567 2778 quando
581 2700 620 2764 ad
644 2698 748 2765 lleum
769 2704 933 2777 conversi,
948 2700 1153 2765 miseratione
1173 2699 1279 2784 divina
1295 2698 1483 2761 cumulandi
1504 2696 1544 2759 lu-

438 2809 522 2880 rent,
544 2800 632 2882 quod
648 2801 767 2865 laisum
781 2812 838 2865 est.
858 2800 899 2865 Et
920 2821 960 2865 co
981 2804 1094 2883 magis,
1109 2802 1197 2883 quod
1216 2799 1441 2865 Tertullianus
1460 2816 1546 2879 aper·

439 2904 479 2966 tis
499 2902 705 2983 indubiisque
719 2905 931 2983 argumentis,
953 2903 1041 2983 quod
1058 2902 1202 2967 Ecclesia
1222 2901 1390 2965 Catbolica
1408 2910 1493 2965 tenet
1511 2900 1546 2962 de

432 3020 601 3083 nunqnam
623 3002 775 3067 desituria
796 3004 929 3085 poeuis,
951 3004 1148 3085 amplissime
1173 3002 1427 3084 significaverit,
1450 3000 1544 3065 veluti

435 3105 477 3167 ab
498 3104 589 3167 initio
608 3104 806 3184 quaestionis
826 3113 1053 3185 praenotatum
1077 3114 1135 3169 est.

517 3202 596 3267 item
617 3205 649 3266 in
665 3206 752 3269 bunc
772 3222 906 3285 quoque
921 3224 1050 3270 sensum
1071 3225 1110 3269 ae
1124 3206 1185 3269 snb
1206 3205 1318 3269 eadem
1338 3206 1465 3269 dicendi
1487 3205 1547 3267 ior·

433 3306 523 3370 mula
543 3315 794 3386 cpoeotostossor
815 3308 1028 3372 restitutionis
1049 3310 1081 3373 in
1104 3309 1288 3388 pristinum,
1305 3308 1383 3369 abiit
1404 3306 1547 3373 Clemens

434 3406 676 3471 Alexandrinus
699 3404 767 3471 Lib.
793 3406 852 3472 lll.
875 3406 1086 3486 stromatum,
1109 3409 1165 3474 ubi
1193 3410 1400 3473 humanitatis
1424 3419 1546 3471 nostrae

433 3517 610 3586 corruptae
630 3508 844 3573 neeessariam
858 3510 971 3573 statuit
993 3511 1232 3573 innovationem
1254 3510 1285 3571 in
1302 3510 1547 3573 consummatio·

433 3626 474 3671 ne
493 3608 596 3671 seculi
619 3608 869 3689 perficiendam,
902 3612 981 3691 quin
1002 3610 1074 3693 inde
1095 3612 1181 3675 circa
1205 3610 1362 3690 reprobos
1382 3608 1545 3692 suppliciis

434 3712 576 3773 aeternis
597 3711 772 3773 mulctatos
786 3710 929 3791 dogmati
952 3714 1090 3776 resistat.
1108 3708 1165 3775 tn
1182 3714 1289 3777 enim:
1313 3734 1330 3771 r
1351 3712 1471 3776 Ortum
1493 3728 1546 3772 au·

436 3819 499 3873 tern
520 3816 554 3872 et
575 3811 757 3883 interitum,
772 3813 895 3893 oeten
915 3812 947 3875 in
968 3819 1134 3889 creatura,
1161 3813 1383 3893 principaliter
1403 3812 1476 3874 beri
1498 3828 1547 3873 ne·

425 3928 523 3975 ‘cesse
544 3919 592 3975 est
615 3914 782 3992 usquead
803 3914 981 3995 perlectam
1001 3922 1034 3979 et
1060 3915 1242 3981 absolutam
1263 3916 1496 3979 distinctionem
1517 3920 1547 3976 et

429 4008 717 4093 ἀποκαταστάσεως
736 4016 1038 4096 recapitulationem
1065 4016 1230 4081 electionis
1237 4036 1249 4097 3
1273 4034 1443 4097 perquam
1465 4032 1546 4095 quae

430 4121 506 4176 sunt
526 4112 648 4177 mundo
668 4113 823 4178 contusae
844 4123 879 4179 et
898 4117 1083 4197 inquinatos
1104 4118 1324 4192 substantiae,
1354 4114 1541 4198 proprietati

431 4230 511 4276 succ
532 4216 763 4279 restituuntur.
786 4234 803 4273 s
826 4215 869 4279 Et
891 4217 952 4281 boc
974 4218 1057 4281 idem
1079 4228 1139 4295 cst,
1162 4218 1249 4299 quod
1272 4218 1364 4281 docet
1391 4218 1544 4296 Origenes

433 4313 464 4375 in
493 4316 672 4396 praecitato
693 4313 794 4380 Libro
810 4315 867 4381 ΙΙΙ.
900 4336 928 4379 c.
953 4315 1006 4380 vt.
1028 4316 1058 4383 b.
1084 4318 1126 4380 be
1149 4316 1347 4399 Principiis,
1371 4317 1545 4381 innovatio·

434 4434 507 4479 nem
528 4419 676 4498 eorporis
689 4418 722 4480 in
743 4418 983 4481 resurrectione
998 4426 1161 4483 statuens:
1187 4442 1203 4479 e
1226 4419 1275 4482 lta
1295 4420 1405 4493 etiam,
1427 4419 1484 4492 ait,
1507 4416 1543 4475 de

435 4523 552 4581 natura
574 4519 722 4599 corporis
736 4518 939 4584 sentiendum
962 4530 1029 4604 cst;
1051 4520 1140 4602 quod
1156 4538 1219 4585 noo
1240 4519 1329 4585 aliud
1346 4537 1466 4600 eorpus
1487 4524 1543 4590 est,
