3375 5567
190 801 351 863 consociato
373 800 525 861 nimirum
553 798 738 861 initiorum
761 800 946 871 creaturis,
965 816 1106 879 quarum
1131 800 1193 865 tuit
1224 804 1281 864 ini·

187 900 263 961 tium:
277 900 356 963 idest
371 898 562 962 relationem
583 917 658 981 erga
675 906 844 964 creaturas
863 898 983 963 habere
998 902 1114 979 coepit.
1130 900 1280 965 Attamen

100 986 110 1007 ¹
185 1001 238 1079 ipsu
251 1000 408 1082 Sapientia
422 1002 618 1083 sempiterna
631 1000 960 1077 est,‘suhsranaiatiter
978 1008 1051 1065 ante
1066 1002 1176 1065 secula
1192 1004 1278 1082 apud

183 1097 271 1163 baum
291 1102 441 1165 existens.
466 1121 483 1158 a
506 1099 611 1165 Panlo
632 1110 704 1183 post
724 1120 754 1163 n.
775 1098 826 1167 88.
849 1099 976 1177 subdit,
1004 1100 1198 1182 Sapientiam
1221 1104 1280 1167 du·

183 1203 294 1279 pliciter
313 1204 470 1283 intelligi,
493 1203 581 1266 illam
603 1220 738 1281 nempe,
768 1220 853 1282 quae
875 1202 973 1265 datur
995 1204 1072 1267 viris
1098 1204 1275 1285 religiosis:

182 1326 196 1364 ι
215 1304 279 1366 lari
300 1304 398 1367 modo
411 1305 485 1368 dico
505 1304 639 1384 intelligi
657 1303 923 1383 enhypostoticnm
939 1302 1059 1367 Filium
1081 1322 1118 1369 ae
1133 1303 1277 1369 Verbum

181 1403 247 1480 liei,
267 1424 285 1467 a
305 1404 401 1486 cnjus
421 1403 582 1486 Sapientia
603 1404 710 1469 omnia
731 1423 774 1468 ex
794 1404 896 1467 nihilo
916 1403 956 1465 ad
979 1404 1181 1469 existendum
1199 1405 1279 1469 edu·

180 1513 220 1567 cta
239 1505 415 1569 inerant.»

242 1604 282 1669 Et
302 1594 502 1669 haecomnia
520 1622 581 1686 pro
595 1604 744 1686 Origenis
766 1606 952 1670 sinceritate
965 1610 1080 1671 mentis
1095 1608 1126 1669 in
1146 1612 1210 1671 tam
1225 1624 1278 1670 ar-

177 1708 231 1770 dua
253 1710 441 1788 quaestione
463 1709 649 1771 satisfacere
670 1715 770 1787 puto;
791 1708 863 1770 ineo
888 1707 926 1770 atl
957 1710 1142 1789 pericopem
1164 1727 1276 1773 rerer·

174 1812 220 1882 sis,
240 1810 269 1869 iu
289 1809 384 1889 cuius
407 1808 553 1872 versione
575 1806 794 1893 Hieronymus
809 1816 842 1872 et
864 1806 1006 1889 Epistola
1029 1810 1067 1871 ad
1085 1808 1235 1873 bleranam
1256 1828 1273 1871 a

98 1935 108 1954 ··
176 1906 290 1971 lint'n'no
311 1910 441 1985 distant,
463 1907 670 1971 statuendum
686 1916 745 1984 est,
767 1911 793 1972 sl
808 1907 928 1972 Rnlbni
949 1910 1130 1991 accipiatur
1151 1910 1274 1987 versio,

173 2010 266 2071 omnia
281 2011 312 2072 in
326 2009 475 2073 omnibus
489 2010 549 2074 sibi
571 2009 766 2072 coalescere.
789 2008 821 2074 Si
837 2017 945 2073 autem
969 2006 1159 2093 Hieronymi
1175 2016 1207 2073 et
1228 2009 1275 2071 al-

174 2110 263 2173 terins
281 2110 473 2174 atlmlttatur
493 2110 733 2192 interpretatio,
756 2116 789 2173 et
810 2112 883 2174 hinc
905 2108 1052 2190 Origcnis
1073 2110 1217 2190 sphalma
1240 2112 1273 2172 in

171 2210 307 2291 dogmate
328 2211 368 2274 uc
389 2208 568 2290 Trinitatc3
601 2210 765 2274 latendum
788 2220 835 2274 cst
857 2210 973 2273 nullibi
997 2209 1150 2273 Auctoris
1171 2212 1272 2274 nostri

170 2312 334 2386 librorum,
354 2314 413 2375 nisi
428 2315 460 2376 in
481 2312 579 2375 citato
602 2313 819 2392 paragrapho,
835 2312 973 2392 reperiri
996 2310 1183 2393 hujusmodl
1205 2312 1274 2373 bla-

168 2413 344 2492 sphemiam,
361 2432 425 2494 qna
446 2412 634 2493 Scripturae
651 2413 890 2476 testimonium:
911 2412 1018 2489 Pater,
1034 2410 1090 2493 qai
1108 2410 1198 2475 misit
1211 2430 1270 2487 me,

170 2513 260 2597 major
279 2532 327 2578 mc
353 2524 419 2591 cst,
445 2514 650 2577 asserebatur
670 2514 705 2577 in
727 2512 870 2577 omnihus
893 2532 955 2576 crac
983 2531 1116 2588 oerum,
1138 2514 1215 2576 adeo
1237 2522 1273 2575 nt

164 2612 193 2675 ia
210 2614 383 2694 counitione
406 2615 503 2678 Pater
525 2625 556 2678 et
572 2612 687 2693 magis,
703 2622 732 2676 ct
750 2611 866 2694 parias
880 2622 908 2675 et
925 2612 1097 2694 perfectius
1111 2614 1271 2695 capnosci·

163 2722 210 2775 tur
226 2735 246 2777 o
264 2714 425 2795 semetipso
444 2734 539 2796 guum
560 2734 581 2776 u
602 2712 698 2777 Filio.
723 2734 739 2772 ι

232 2813 468 2880 Verumtamen
488 2817 575 2880 circa
599 2818 661 2880 boc
682 2816 814 2881 loannis
836 2815 1075 2880 testimonium:
1101 2814 1196 2877 Pater
1216 2815 1272 2896 pai

95 2913 97 2997 ᾖ
163 2913 238 2978 misit
253 2936 314 2992 me,
329 2920 431 2998 major
445 2936 492 2980 me
505 2926 565 2997 cst3
581 2920 668 2981 uncle
682 2916 831 2997 Origeuis
845 2916 1023 2979 adversarii
1038 2920 1179 2979 mutuati
1194 2925 1271 2981 sunt

166 3026 359 3094 praetentum
380 3037 458 3082 suos
479 3019 674 3098 corripiendi
700 3038 833 3093 sensus,
858 3017 952 3079 valde
973 3018 1099 3079 novisse
1120 3020 1264 3092 interest,

165 3117 346 3194 quibuscum
363 3117 582 3182 ineohnctori
600 3127 675 3183 tunc
690 3118 907 3181 dimicandum
921 3117 996 3180 luit.
1010 3115 1104 3179 llaud
1120 3118 1210 3193 latet,
1222 3118 1268 3177 in·

95 3233 97 3296 ι
162 3234 261 3295 quam,
282 3219 456 3300 Origenem
479 3221 658 3283 hacreticus
680 3228 932 3300 expugnantem,
951 3219 1158 3281 vehementer
1172 3236 1262 3279 arma

95 3365 96 3404 3
161 3334 211 3378 sua
232 3321 365 3382 vertisse
387 3328 499 3383 contra
516 3317 755 3382 Valentinianos
771 3328 804 3381 ct
823 3318 1042 3391 Marcionitas,
1060 3320 1116 3397 qni
1132 3317 1171 3379 de
1193 3316 1265 3396 pla·

95 3444 97 3482 ι
162 3415 241 3480 ribus
254 3418 524 3498 blasphemantes,
549 3416 674 3481 Patrem
690 3419 875 3481 asscrebant
893 3415 979 3479 Filio
996 3413 1175 3495 inferiorem
1189 3433 1265 3488 aare,

95 3533 96 3546 ι
161 3516 218 3579 sire
232 3515 354 3581 Filiam
374 3518 534 3599 fortiorem
553 3518 657 3581 Putre.
683 3518 724 3581 lit
738 3520 817 3581 hacc
832 3520 899 3599 ipsa
922 3520 1010 3592 citat,
1025 3535 1063 3581 ac
1077 3518 1175 3580 simul
1190 3536 1264 3581 cou-

162 3613 235 3678 lutat
251 3618 407 3682 adversus
417 3618 653 3685 Heracleouem
664 3618 767 3681 Temo
783 3618 823 3682 ll.
838 3637 869 3681 n.
885 3618 915 3684 8.
931 3618 966 3681 in
980 3617 1144 3681 Joennem:
1158 3639 1174 3677 a
1189 3617 1263 3682 lam

161 3732 243 3788 vero,
265 3719 381 3799 inquit,
405 3725 437 3781 ct
460 3720 520 3781 hoc
542 3720 687 3783 dictum:
719 3718 827 3782 omnin
844 3738 903 3800 per
933 3719 1038 3799 ipsam
1058 3722 1145 3801 [natu
1166 3728 1262 3792 sant,

160 3818 313 3892 privatim,
334 3828 438 3900 utque
459 3838 552 3882 secus
573 3838 670 3899 quam
692 3822 768 3896 alii,
790 3820 943 3899 exposuit
965 3818 1191 3898 (lleracleoul
1214 3821 1262 3882 di·

158 3932 235 3991 cem,
257 3917 443 3983 Sermonem
463 3923 532 3984 sire
552 3920 655 4000 logon
676 3939 751 3984 cum
773 3940 855 3996 csse,
874 3922 930 4000 qui
952 3940 1082 3983 causam
1104 3921 1262 4001 praebue-

160 4016 196 4077 rit
214 4017 328 4099 Opillci
344 4023 557 4100 generationis
572 4022 705 4099 mundi3
721 4040 779 4084 nce
796 4031 900 4083 tamen
915 4020 1062 4083 Sermoni
1080 4019 1161 4099 Lego
1175 4039 1263 4083 com·

156 4124 256 4191 petere
276 4122 468 4200 particulam
485 4142 506 4183 n
527 4139 589 4202 qao
612 4123 661 4184 rel
679 4142 719 4183 ca
739 4142 813 4204 quo,
834 4122 888 4184 sed
906 4139 966 4201 per
987 4138 1074 4200 pacm
1095 4138 1259 4199 exponens

157 4215 194 4289 il,
209 4222 292 4297 qnod
316 4225 558 4302 scriptumest,
585 4224 726 4303 phrasim
759 4242 829 4287 csse
855 4230 1053 4285 consuetam.
1079 4220 1139 4285 Sed
1161 4221 1187 4283 si
1211 4238 1260 4283 rc-

159 4333 222 4379 rum
245 4324 361 4385 veritas
383 4332 477 4398 erat,
500 4332 538 4387 ut
565 4327 632 4405 ipsc
659 4333 767 4405 putat,
790 4326 947 4403 scriptum
971 4323 1068 4384 luisse
1089 4324 1257 4400 oportuit,

158 4419 250 4481 amnia
270 4440 330 4502 per
349 4423 507 4506 Opiticem
530 4425 612 4489 iacta
635 4426 734 4488 luisse
755 4446 774 4487 o
792 4424 892 4506 ίοςο,
916 4444 977 4485 non
1001 4424 1068 4485 viee
1086 4440 1177 4485 versa
1200 4440 1259 4503 per

159 4514 251 4597 beon
271 4523 310 4586 ab
333 4523 465 4607 Opitice.
482 4524 524 4589 lit
545 4546 601 4591 nos
623 4527 841 4607 quidemcum
865 4528 913 4590 usi
934 4542 1046 4590 sumus
1070 4524 1186 4588 rocula
1203 4540 1256 4603 prr
