3375 5567
143 787 223 842 strunt
241 774 413 853 Ecclesiae,
427 795 491 841 non
510 795 581 842 esse
600 793 717 841 ausum
737 777 859 840 librum
882 775 1023 838 scribere
1044 775 1081 836 de
1102 772 1234 848 Animo,

143 889 168 940 et
183 880 238 940 hoe
257 879 410 955 indicare,
431 879 512 940 nihil
534 887 611 943 lune
632 897 724 955 posse
745 878 785 940 de
806 878 868 939 hac
888 895 945 951 re,
969 875 1138 950 manifesto
1159 876 1233 953 dog·

142 990 209 1042 nate
227 981 420 1043 conlirmari.
434 981 482 1044 lle
498 982 608 1061 itaque
628 979 665 1041 in
678 979 854 1059 Epistulam
867 975 966 1041 Pauli
986 977 1025 1038 ad
1041 975 1150 1040 Titum
1165 975 1233 1054 (ubi

140 1080 274 1160 Origenes
295 1083 494 1146 haereticum
515 1082 690 1159 describit)
712 1084 792 1145 haec
821 1079 967 1161 ejusdem
991 1080 1086 1140 rerba
1109 1078 1231 1141 refert:

145 1179 235 1243 sSunt
250 1200 327 1245 nero
341 1191 374 1244 et
387 1182 450 1245 alia
466 1182 626 1263 quaedam
642 1183 805 1262 dogmata,
820 1201 905 1261 quae
921 1183 951 1242 iu
967 1180 1151 1260 apostolicis
1173 1187 1237 1241 tra·

144 1283 297 1346 ditionibus
311 1302 375 1346 non
395 1284 576 1360 habentur;
593 1282 767 1364 dequibus
792 1282 952 1362 requires,
969 1283 994 1344 si
1012 1287 1140 1360 oportet
1162 1299 1237 1354 eos,

144 1385 188 1463 qni
206 1384 371 1464 quodlibet
384 1384 424 1448 de
445 1385 492 1447 his
508 1386 663 1460 sentiunt,
680 1385 731 1447 rel
754 1390 965 1465 pertractant,
983 1384 1164 1446 haereticos
1180 1399 1238 1462 pu·

143 1485 259 1564 landos3
275 1491 405 1566 utputa
429 1505 460 1547 r.
478 1503 508 1565 g.
523 1485 676 1559 dixerim,
697 1486 799 1563 siquis
815 1486 974 1547 rationem
994 1484 1152 1547 hnmanae
1174 1482 1241 1543 ani·

143 1603 201 1648 nae
219 1587 382 1666 inquirat,
404 1605 479 1649 eum
502 1586 542 1648 de
563 1605 624 1661 ea,
648 1605 752 1666 neque
774 1605 815 1648 ex
835 1585 964 1647 seminis
987 1583 1123 1646 traduce
1144 1583 1243 1646 duca·

143 1696 314 1767 tenueque
334 1688 423 1767 quod
439 1687 661 1750 honorabilior
681 1694 715 1750 et
729 1686 894 1765 antiquior
914 1702 1092 1764 corporum
1111 1701 1240 1763 eompa-

143 1806 174 1868 ge
184 1791 232 1864 sit,
248 1789 417 1851 tradiderit
431 1788 647 1851 ecclesiastica
668 1788 793 1867 regula.
809 1786 947 1866 Propter
967 1785 1053 1866 quod
1070 1785 1163 1848 multi
1182 1803 1240 1847 nec

142 1890 401 1970 comprehendere
423 1895 613 1970 potuerunt,
630 1890 773 1969 qualiter
793 1887 904 1951 sentiri
927 1895 1096 1967 oporteret
1116 1887 1155 1948 de
1176 1887 1244 1948 ani-

142 1989 353 2053 moratione.
377 1989 439 2052 Sed
461 1993 572 2069 etqui
605 1989 728 2069 aliquid
750 1989 893 2064 sentire,
927 1987 978 2050 vel
1007 1985 1165 2049 disserere
1186 1987 1244 2048 nisi

143 2099 216 2162 sunt,
235 2109 253 2152 a
269 2091 435 2154 nonnullis
455 2092 487 2153 iu
506 2093 689 2172 suspicione
711 2090 888 2165 habentur,
911 2090 1002 2152 velut
1022 2088 1097 2149 noni
1118 2085 1242 2167 aliquid

144 2191 382 2257 introducentes.
403 2211 421 2248 n

203 2294 336 2356 Cunctis
355 2293 398 2354 ab
427 2291 578 2372 Origenis
598 2294 690 2356 libris
719 2295 822 2358 erutis
849 2299 882 2357 ot
902 2293 1055 2373 expositis
1076 2291 1239 2355 sententiis

140 2392 172 2456 dc
191 2395 293 2457 anima
319 2396 484 2469 humana,
511 2395 636 2457 cernito
660 2402 819 2475 quantum
840 2395 945 2458 absint
969 2393 1011 2455 ab
1034 2391 1247 2456 insimulatio·

141 2495 241 2570 nibus,
267 2513 354 2575 quas
373 2496 530 2559 adversus
550 2495 656 2575 ipsum
681 2504 897 2558 contexerunt
919 2495 1165 2558 obtrectatores.
1190 2492 1244 2555 Vi·

140 2594 172 2658 le
189 2597 218 2659 in
236 2605 378 2677 quantas
398 2597 472 2660 ideo
492 2597 661 2660 illusiones
691 2598 834 2679 prolapsi
863 2605 938 2660 sunt
968 2615 994 2660 s.
1018 2595 1243 2676 Epiphanius,

141 2693 340 2776 Theophilus,
362 2717 388 2760 s.
411 2695 654 2783 Hieronymus,
679 2697 860 2779 Antipater,
877 2705 909 2761 el
932 2699 1060 2762 Auctor
1081 2695 1245 2776 Epistulae

141 2794 301 2861 Iustiniani
321 2798 361 2860 ad
383 2797 547 2872 hlennam,
568 2797 663 2860 tidem
677 2797 797 2861 libellis
816 2799 1016 2872 exhibentes,
1037 2815 1138 2875 pravo
1160 2797 1245 2860 cala·

141 2914 184 2959 uo
201 2898 400 2976 elaboratis;
420 2899 490 2960 sine
514 2901 634 2978 scripta
655 2899 717 2960 auh
739 2899 821 2961 lalso
842 2898 991 2978 Origenis
1013 2898 1141 2959 nomine
1162 2896 1245 2960 edite

139 2998 351 3078 suscipientes,
373 2998 427 3061 uhi
451 3005 515 3059 tam
536 2998 632 3078 impis
655 2999 805 3077 dogmata
827 3006 860 3060 st
881 2997 1020 3061 absurde
1043 2997 1248 3060 contineban-

142 3105 196 3159 tur.
211 3098 297 3164 Cum
312 3117 418 3179 neque
439 3098 605 3177 explicite,
621 3116 681 3160 occ
701 3098 857 3178 implicite
878 3101 950 3161 erni
967 3115 1007 3160 ex
1028 3096 1172 3177 ejusdem
1194 3115 1247 3176 ge·

141 3202 233 3262 uninis
256 3199 424 3281 Operibus
445 3217 538 3280 posse
559 3199 780 3275 ostendimus,
802 3201 889 3279 quod
918 3198 1139 3278 praelatorum
1165 3199 1251 3260 niro·

142 3316 204 3362 rum
220 3300 398 3363 satislaeiat
411 3299 553 3380 opinioni
568 3305 679 3362 eontra
695 3298 919 3362 orthodoxum
934 3299 1086 3361 ductoris
1106 3315 1247 3360 sonsum.

142 3395 299 3467 immerito
318 3418 398 3480 ergo
419 3402 575 3480 integram
597 3399 747 3478 Origeois
768 3400 863 3465 fldem
893 3402 1099 3479 exagitarunt
1122 3405 1247 3461 veteres

142 3510 169 3562 et
179 3504 389 3578 recentiores,
404 3502 543 3565 absurda
556 3502 586 3564 oi
599 3502 815 3582 contingentes
829 3503 869 3566 de
881 3501 1050 3566 animabus
1063 3502 1248 3565 hominurn:

141 3601 212 3665 idest
230 3606 340 3683 ipsas,
363 3610 454 3665 antea
476 3619 551 3664 cum
574 3611 679 3664 essent
700 3599 805 3681 angeli
827 3603 858 3663 in
882 3601 993 3677 coelis,
1018 3601 1089 3662 iude
1111 3602 1153 3663 oh
1175 3617 1248 3680 poe·

143 3708 239 3766 catuna
261 3703 403 3766 directas
424 3702 522 3766 luisse
542 3704 573 3764 in
596 3703 684 3766 hunc
705 3703 876 3778 mondum,
894 3721 1013 3781 poenas
1034 3703 1174 3764 luituras
1196 3719 1250 3764 an·

144 3805 303 3882 tiquorum
317 3809 527 3885 pcccatorum
537 3823 549 3882 3
567 3804 619 3866 rel
636 3803 733 3866 aliter
753 3801 861 3894 ψυχᾶς
880 3809 1079 3879 nuncupatas
1101 3802 1176 3881 quia
1199 3818 1251 3864 oa·

144 3904 235 3968 torem
251 3905 424 3986 pristinum
437 3905 626 3978 amiserunt,
640 3911 672 3966 et
688 3903 762 3964 hinc
777 3905 817 3965 de
832 3901 1027 3966 coelestibus
1041 3902 1080 3963 ad
1098 3901 1252 3964 interiora

146 4006 270 4069 reabse.
295 4002 391 4080 Ques
420 4020 497 4065 sane
530 4021 604 4067 cum
623 4003 700 4083 juro
721 4017 825 4081 nugae
854 4009 887 4064 et
909 4001 1118 4064 deliramenta
1140 3999 1181 4060 ah
1203 4000 1250 4061 his

146 4113 321 4178 vocentur,
352 4121 558 4184 nequaquam
579 4105 654 4167 ideo
674 4104 716 4165 ab
737 4103 857 4166 eisdem
888 4102 1044 4182 Origenes
1066 4118 1174 4179 nugax
1195 4107 1255 4162 sut

144 4204 259 4272 delirus
281 4205 559 4283 nocendusera13
582 4205 702 4286 qnippe
724 4204 764 4265 ab
786 4204 834 4266 his
856 4202 1005 4266 absurdis
1027 4203 1153 4282 penitus
1175 4201 1252 4262 nlie·

147 4323 216 4384 nus,
237 4325 303 4372 non
324 4306 432 4369 solnm
452 4313 611 4388 perpetuo
632 4305 827 4382 abhorruit3
847 4303 901 4367 sed
924 4310 956 4366 et
978 4301 1158 4383 plenissime
1180 4320 1255 4365 eon·

146 4408 270 4474 tutavit.

510 4525 900 4571 ...w-
