3375 5567
478 786 606 848 initium
628 802 692 847 nou
716 783 867 847 hamur.
892 804 908 843 a
931 786 1024 864 Quae
1045 789 1151 851 omnia
1167 786 1305 867 denique
1320 784 1498 849 Adamantius
1509 784 1541 845 in·

462 895 604 951 ·staurnt
625 888 656 948 in
679 887 965 967 anacephalaeosi,
986 890 1114 954 dicens:
1139 912 1156 951 n
1177 887 1266 955 Nihil
1288 890 1367 951 enim
1387 885 1447 949 Deo
1461 886 1500 949 rei
1515 888 1545 945 ri·

478 1009 518 1051 ne
532 988 607 1065 diue,
626 989 677 1052 rei
697 990 765 1052 sine
785 1008 936 1054 mensura
959 1001 1017 1055 est.
1042 991 1171 1057 Virtute
1193 995 1277 1056 euim
1299 1007 1355 1054 rua
1375 990 1465 1053 omnir
1483 1006 1545 1049 cun·

475 1092 662 1171 prehendit3
687 1101 720 1155 et
744 1094 811 1173 ipsc
835 1093 958 1158 nullius
978 1101 1151 1158 creaturae
1172 1112 1267 1158 sensu
1294 1089 1545 1172 comprehenditur.

479 1189 538 1253 ilia
559 1192 643 1254 enim
665 1199 782 1255 natura
803 1193 863 1256 soii
885 1195 943 1257 sibi
966 1196 1091 1274 cognita
1115 1204 1174 1258 est:
1193 1202 1256 1257 net
1276 1192 1373 1274 paulo
1392 1197 1465 1271 poste
1484 1186 1548 1251 «Sn-

476 1296 529 1357 lus
551 1311 691 1372 namque
713 1292 800 1357 Dens
823 1292 920 1358 Pater
939 1304 972 1359 et
992 1296 1175 1376 unigenitus
1191 1295 1294 1359 Filius
1315 1294 1383 1376 ejus
1402 1300 1432 1356 et
1443 1290 1549 1371 Spiritus

476 1397 614 1461 Sanctus
641 1414 705 1459 uon
726 1397 833 1460 solnm
855 1415 986 1472 eorum,
1008 1418 1093 1478 quse
1121 1400 1257 1473 creavit,
1283 1416 1394 1473 verum
1419 1397 1499 1457 etiam
1515 1390 1550 1453 sni

477 1500 642 1563 scientiam
667 1508 764 1563 tonet.
787 1519 804 1558 n
828 1499 871 1563 Et
891 1501 953 1564 hoc
975 1506 1079 1565 totum
1101 1492 1171 1577 est,
1194 1502 1281 1581 quod
1304 1502 1349 1565 ait
1375 1498 1509 1576 Origenes
1524 1492 1551 1553 de

476 1602 584 1663 divina
606 1602 793 1665 oeconomia
820 1600 852 1663 in
873 1602 983 1666 mnndi
1005 1604 1169 1667 creatione
1187 1602 1283 1685 juxta
1314 1599 1427 1665 unffinr
1447 1594 1551 1661 transta-

480 1705 609 1767 tionem.

550 1805 644 1882 Quod
669 1813 779 1871 antem
795 1807 973 1871 adversarii
989 1814 1202 1889 praesumunt
1217 1806 1379 1871 contraire
1392 1822 1430 1867 ea
1446 1800 1554 1865 rucrin-

474 1908 508 1971 io
521 1903 741 2009 παντοκράτορ
763 1908 957 1989 omnipotens
979 1916 1130 1989 tauquam
1152 1909 1198 1971 sic
1220 1907 1386 1969 definitum
1406 1898 1556 1966 sitabtiri-

475 2028 554 2090 gene
576 2030 594 2069 t<
616 2007 702 2072 Deus
725 2010 821 2073 Pater
841 2012 1043 2090 omnipotens
1073 2020 1120 2073 est
1142 2008 1284 2090 eoquod
1307 2015 1495 2088 potentatum
1507 2015 1557 2062 nm

473 2114 562 2176 nium
586 2119 684 2186 tenet,
700 2111 782 2175 idest
803 2113 887 2175 coeii
902 2122 935 2175 et
957 2121 1077 2187 terrae,
1093 2113 1170 2177 sniis
1191 2120 1222 2176 et
1238 2113 1336 2174 tunae
1355 2116 1387 2171 et
1405 2106 1554 2171 stellarum,
1582 2096 1583 2103 '

471 2214 706 2294 omniumque,
732 2230 817 2293 quae
843 2216 874 2275 in
901 2214 976 2295 ipsis
1000 2221 1074 2276 sunt
1098 2234 1114 2271 n
1138 2214 1222 2276 haud
1258 2222 1347 2275 reete
1373 2230 1413 2274 en
1436 2202 1557 2270 ductoris

474 2326 580 2379 mente
601 2315 935 2394 comprehenderunt,
948 2326 1099 2397 tanquam
1116 2318 1147 2377 iu
1170 2316 1218 2379 iris
1239 2316 1315 2379 solis
1332 2312 1389 2377 Dei
1406 2312 1556 2391 potentatus

473 2417 710 2491 manifestetur,
726 2426 759 2478 et
774 2434 835 2479 non
852 2418 883 2479 in
898 2419 1057 2493 omnibus,
1074 2436 1159 2497 quae
1175 2416 1261 2480 Deus
1278 2403 1557 2487 moeroremque

474 2518 591 2582 iaisnm
613 2525 670 2581 est.
697 2517 916 2583 lurocabnio
938 2520 1021 2583 enim
1046 2518 1239 2599 omnipotens
1260 2536 1323 2580 non
1346 2515 1449 2579 sotum
1474 2518 1559 2591 poten

474 2619 537 2681 tiae
556 2618 749 2682 exercitium
766 2620 798 2681 in
819 2620 980 2683 creaturis
995 2621 1035 2682 ab
1049 2640 1088 2683 eo
1104 2619 1238 2683 conditis
1259 2612 1495 2699 comprehendit
1506 2608 1561 2671 Ori·

475 2739 582 2801 genes3
603 2722 658 2784 sed
681 2723 776 2784 etiam
794 2720 852 2784 Dei
876 2722 1029 2786 virtutem
1045 2741 1080 2785 ea
1104 2720 1257 2803 operandi
1273 2737 1359 2801 quae
1381 2719 1482 2781 iacere
1497 2710 1558 2779 ruit,

471 2822 647 2888 dummodo
676 2825 850 2901 sapientiae
871 2842 951 2888 suae
972 2842 1011 2887 ac
1035 2825 1170 2889 bonitati
1194 2842 1255 2887 non
1277 2822 1489 2883 adversentur
1498 2836 1507 2893 ;
1526 2812 1560 2874 uti

473 2924 640 2987 manifeste
660 2924 771 2987 docuit
791 2934 904 2988 contra
927 2925 1068 2989 Celsum.
1093 2924 1217 3006 Reapse
1245 2926 1277 2987 in
1299 2921 1453 3005 praedatis
1481 2913 1561 2978 verbis

471 3034 503 3089 et
524 3026 782 3107 potissimum-ex
797 3035 966 3103 contextu,
984 3036 1022 3091 ut
1041 3028 1181 3108 quisque
1203 3027 1301 3101 ridet,
1318 3042 1383 3088 nou
1405 3022 1460 3086 liei
1476 3026 1562 3101 poten·

472 3128 549 3189 tium
573 3135 718 3201 tantum,
748 3135 909 3206 quatenus
935 3129 966 3190 in
992 3146 1026 3191 se
1048 3136 1162 3191 cuncta
1194 3130 1312 3209 possit,
1347 3126 1452 3206 capit,
1482 3132 1562 3200 quau

472 3236 541 3289 tum
563 3230 725 3308 potentiae
746 3228 891 3309 ejusdem
914 3231 1119 3303 exercitium,
1134 3232 1202 3293 aire
1223 3230 1384 3292 actionem
1407 3229 1437 3288 iu
1457 3230 1563 3287 creatu·

469 3330 514 3391 ris
524 3348 536 3407 3
559 3336 596 3391 ot
617 3327 689 3391 inde
709 3328 919 3408 dignoscatur
939 3332 1064 3408 pariter
1084 3332 1188 3411 gloria
1205 3331 1454 3411 omnipotentiae
1473 3322 1561 3388 iilius:

468 3430 575 3510 qualis
595 3432 846 3512 omnipotentiae
877 3432 993 3511 gioria,
1016 3434 1133 3513 inquit,
1156 3450 1218 3495 non
1240 3433 1495 3513 dignosceretur,
1520 3422 1565 3483 niti

470 3532 501 3593 in
525 3530 737 3611 subjectione,
761 3550 824 3611 qua
854 3535 959 3594 omnia
981 3535 1127 3596 serviunt
1155 3536 1195 3607 ei,
1218 3550 1362 3613 eumque
1390 3526 1563 3611 glorificant,

468 3632 545 3712 quin
560 3633 760 3713 omnipotens
775 3642 834 3696 est:
853 3654 869 3693 d
882 3632 924 3698 Ut
938 3644 1047 3697 antem
1061 3636 1259 3698 maniiestius
1271 3634 1485 3712 intelligatur,
1498 3640 1566 3706 quae

469 3735 511 3796 sit
524 3733 628 3813 gloria
645 3735 908 3816 omnipotentiae,
931 3738 1028 3799 etiarn
1046 3738 1106 3799 hoc
1122 3735 1279 3799 addimus.
1297 3733 1386 3798 Deus
1409 3733 1501 3797 Pater
1514 3742 1567 3790 om·

470 3836 615 3916 uipoteus
637 3844 696 3912 est,
721 3855 760 3898 eo
781 3837 868 3917 quod
892 3846 1093 3916 potentatum
1116 3838 1261 3901 omnium
1285 3846 1387 3911 tenet,
1408 3836 1486 3897 idest
1500 3826 1567 3893 coeli

469 3947 501 4000 et
524 3947 647 4013 terrae,
670 3939 747 4001 sodis
769 3948 802 4002 et
822 3939 919 4001 lunae
941 3948 971 4002 et
992 3940 1176 4013 stellarum,
1201 3942 1427 4021 omniumque,
1450 3952 1528 4017 qnae
1545 3930 1570 3989 id

467 4042 543 4121 ipsis
556 4050 640 4105 sunt.
659 4040 788 4105 Novum
803 4052 911 4107 antem
927 4050 1130 4124 potentatum
1147 4044 1228 4123 gerit
1240 4061 1299 4124 per
1316 4040 1459 4107 Verbum
1473 4058 1567 4111 sunm,

468 4146 621 4222 quoniam
647 4145 828 4207 innomine
857 4144 935 4210 Jesu
959 4163 1053 4208 omne
1075 4144 1310 4227 genuflectetur
1338 4155 1371 4208 et
1393 4145 1569 4210 coelestium

468 4256 500 4308 et
522 4248 726 4310 terrestrium
748 4256 781 4310 et
802 4246 1014 4311 infernorum.
1040 4268 1055 4304 n

549 4348 696 4430 Denique
716 4368 757 4413 ea
774 4350 822 4412 iris
842 4352 992 4415 omuibus
1008 4351 1172 4426 hauritur,
1189 4350 1316 4417 divinae
1331 4352 1569 4433 omnipotentiae

467 4453 552 4515 hand
575 4452 732 4515 obsistere
752 4450 938 4532 Origeuem,
962 4470 1036 4515 cnm
1059 4453 1116 4528 ait,
1139 4452 1242 4517 Deum
1273 4462 1320 4517 tot
1340 4466 1507 4518 creaturas
1529 4470 1570 4512 m-

468 4555 601 4619 tiouaies
630 4572 776 4634 creasse3
800 4563 880 4635 quot
903 4552 955 4617 tini
982 4554 1041 4617 sibi
1062 4556 1229 4636 proposito
1255 4557 1499 4631 satisfacerent,
1521 4574 1570 4617 nne
