3375 5567
429 742 524 807 tacita
543 743 650 811 sanari
659 764 672 822 ;
694 744 796 810 mults
818 746 881 812 boo
895 747 1127 818 deliberatione
1147 757 1180 816 et
1199 752 1277 816 satis
1299 754 1402 834 perito
1423 747 1531 816 snsdiai

430 847 519 908 iiiios
539 849 675 912 consilio
697 849 939 928 procurandum
962 863 1020 918 est.
1045 872 1061 912 n

506 946 633 1022 Quanta
656 949 756 1028 igitur
777 953 1006 1032 perspicuitate
1028 957 1107 1020 bueo
1128 956 1168 1018 de
1189 955 1389 1020 eoniessioue
1408 953 1533 1018 surien-

428 1050 490 1112 lari
512 1052 644 1114 disistit
664 1052 833 1132 Origenes,
857 1058 1052 1136 utquisque
1073 1059 1233 1136 intelligat
1254 1057 1438 1138 peccatorio
1453 1055 1532 1118 debi-

430 1163 499 1218 tous
518 1165 626 1218 reatus
639 1175 716 1218 snos
731 1156 916 1220 declarandi
938 1177 1048 1220 eoram
1071 1161 1239 1224 sacerdote
1258 1160 1298 1222 sd
1318 1159 1442 1224 reniam
1456 1175 1535 1220 ssse·

428 1257 587 1337 quendam
599 1278 612 1337 3
631 1259 829 1323 tantumdem
852 1257 1004 1323 Auctoris
1019 1261 1119 1340 ipsius
1140 1260 1310 1340 prudentis
1331 1278 1392 1341 pro
1415 1259 1491 1324 torta
1503 1265 1533 1322 et

427 1368 572 1438 tempore
593 1361 749 1436 adbibita,
770 1369 909 1435 constat,
929 1378 992 1441 qua
1015 1362 1082 1442 ipse
1103 1363 1199 1424 animi
1221 1360 1462 1426 infirmitatibus
1481 1377 1532 1439 po·

427 1460 545 1523 tionem
566 1463 745 1525 salutarem
768 1464 941 1542 propinat,
964 1471 996 1524 et
1016 1465 1213 1526 sanationem
1236 1463 1428 1526 vulnerum.
1450 1462 1534 1528 Attr-

425 1579 499 1624 meu
520 1581 583 1624 non
599 1563 659 1626 ista
682 1561 905 1628 tantummodo
919 1564 949 1628 io
966 1564 1013 1626 bis
1029 1561 1178 1628 flomiiiis
1192 1572 1267 1627 sunt
1280 1563 1532 1628 animadverten-

425 1661 478 1734 da,
500 1664 622 1745 quippe
643 1683 684 1728 ex
706 1664 859 1744 praefatis
873 1682 1007 1745 quoque
1028 1674 1195 1730 constent:
1211 1665 1265 1728 sed
1288 1665 1370 1730 iiind
1393 1664 1531 1744 prodest,

426 1764 515 1843 quod
531 1763 570 1841 is,
587 1766 677 1828 nnila
693 1767 866 1847 culparum
881 1770 1024 1832 instituta
1040 1767 1232 1842 differentia,
1248 1769 1306 1842 ait,
1323 1767 1484 1834 mediante
1503 1785 1535 1828 o·

423 1866 549 1930 ratione
568 1868 637 1930 sire
656 1869 861 1933 absolutione
881 1869 1098 1942 sacerdotali,
1121 1871 1227 1932 omnis
1251 1871 1370 1934 remitti
1392 1877 1533 1948 morsu,

424 1967 569 2047 cujusvis
591 1972 810 2048 generissint,
832 1982 865 2034 et
887 1973 1085 2052 gravissima.
1118 1970 1159 2034 Et
1181 1974 1242 2034 boo
1263 1974 1393 2035 eruitur
1415 1970 1536 2051 potissi-

427 2085 515 2132 mum
536 2089 578 2132 ex
598 2072 649 2144 iis,
670 2090 756 2151 quae
776 2074 816 2135 de
840 2071 1045 2153 gravioribus
1068 2073 1268 2152 peccantium
1291 2071 1426 2134 mseuiis
1446 2070 1535 2132 ioan·

426 2174 491 2245 tos,
514 2171 643 2234 eosdem
657 2172 822 2249 bortatur,
839 2180 876 2236 ut
896 2191 1043 2253 quasque
1064 2173 1094 2234 in
1117 2174 1176 2236 bro
1193 2174 1255 2236 sita
1280 2172 1445 2252 perierant
1467 2187 1536 2250 poe·

424 2287 483 2336 nas
502 2279 535 2333 et
554 2269 695 2351 dageiis,
716 2274 784 2337 suis
805 2273 952 2355 cujusvis
972 2274 1097 2354 generis
1117 2273 1223 2352 ouipis
1239 2272 1358 2349 debita,
1382 2280 1419 2336 ut
1438 2272 1475 2334 in
1494 2270 1538 2332 ai·

428 2379 498 2435 tero
519 2372 632 2436 seonio
653 2375 733 2454 ignis
754 2376 876 2438 aeterni
897 2375 1053 2455 supplicia
1075 2373 1240 2454 effugiant.

506 2472 578 2537 Eoo
599 2483 708 2538 autem
725 2478 895 2557 perspicue
916 2478 947 2540 iu
969 2477 1109 2542 Homiiia
1132 2475 1156 2538 Ι.
1171 2493 1203 2540 n.
1219 2474 1248 2540 1.
1264 2477 1377 2540 statuit
1387 2491 1430 2538 ex
1452 2473 1535 2556 Apo

427 2574 503 2640 stoii
524 2577 676 2656 exemplo
698 2579 729 2640 in
750 2576 902 2658 Epistoiis
923 2579 961 2640 ad
985 2579 1167 2644 Corinthios
1177 2597 1190 2657 3
1211 2580 1268 2659 qui
1294 2580 1434 2658 primum
1455 2577 1534 2640 inre·

423 2685 571 2744 stuosttm
592 2678 633 2740 sb
649 2677 791 2744 Ecclesia
811 2679 918 2760 ejecit,
935 2680 1047 2744 deinde
1069 2683 1284 2760 poenitentem
1299 2679 1463 2746 Eeciesise
1484 2679 1534 2742 sd·

425 2778 520 2841 misit.
542 2777 646 2843 Nemo
667 2782 750 2845 enim
771 2782 898 2861 ignorat
922 2782 1026 2861 ipsum
1052 2795 1084 2846 et
1105 2783 1302 2846 adulterium
1324 2794 1356 2846 st
1378 2782 1530 2846 incestum

425 2891 579 2958 patrasse,
603 2891 634 2945 et
658 2883 754 2947 talem
776 2886 808 2947 in
829 2884 960 2964 publico
975 2884 1086 2946 baberi
1111 2873 1223 2946 renisi:
1247 2884 1474 2959 nibilominus,
1494 2901 1532 2946 aa

425 2983 649 3061 resipiscente,
668 2986 793 3049 veniam
815 2986 968 3060 obtinuit,
990 2995 1023 3048 et
1043 2986 1231 3048 confirmata
1253 2994 1300 3048 est
1322 2988 1353 3050 in
1374 3005 1413 3048 ao
1434 2986 1533 3052 rbsri·

423 3092 484 3157 tas,
501 3086 547 3147 uti
562 3083 736 3150 Corinthiis
758 3088 887 3152 mandat
910 3087 1108 3167 Apostolus:
1124 3088 1305 3163 confirmate
1320 3085 1357 3152 iss
1375 3105 1444 3150 susa
1463 3087 1532 3150 rio·

423 3181 558 3250 ritatem.
576 3185 702 3262 Quibus
722 3187 888 3254 stabilitur
908 3189 1080 3268 Origenem
1106 3190 1192 3252 baud
1214 3189 1395 3254 adhaesisse
1414 3197 1531 3252 monta-

423 3289 581 3354 nistarum
601 3291 767 3353 severitati
788 3308 865 3371 erga
882 3291 1049 3356 adulteros
1065 3300 1097 3354 et
1117 3291 1198 3354 alios
1217 3291 1440 3371 hujuscemodi
1461 3309 1530 3354 reos

425 3389 608 3453 eriminum.

504 3487 562 3555 iiis
578 3490 771 3570 praemissis,
790 3490 874 3554 uode
889 3489 1021 3570 digressi
1037 3507 1167 3562 sumus,
1184 3490 1366 3569 sedeamus,
1390 3488 1525 3554 conside·

424 3597 531 3654 routes
552 3591 722 3673 inquibus
743 3591 800 3655 iiio
820 3611 862 3656 ex
885 3593 984 3656 eitato
1007 3589 1050 3655 De
1072 3588 1221 3656 Orosions
1243 3589 1343 3656 Libro
1357 3611 1390 3656 n.
1410 3589 1459 3658 28.
1471 3589 1523 3656 sibi

337 3737 341 3745 .
420 3694 582 3755 contraire
598 3693 739 3769 videtur,
756 3693 947 3758 insanabiles
963 3702 1080 3774 putans
1102 3693 1263 3772 praetatus
1278 3693 1403 3773 cuipas.
1420 3690 1461 3758 tn
1474 3709 1525 3754 au·

425 3803 487 3856 tens
511 3803 599 3856 reete
619 3803 845 3873 exponantur,
869 3795 1061 3872 expositioni
1082 3803 1214 3874 praeeat
1238 3811 1385 3873 graecus.
1411 3793 1456 3858 tot
1474 3794 1524 3854 itr-

421 3915 488 3974 que
508 3897 646 3969 notatis,
668 3913 753 3974 quae
773 3897 998 3963 saeerdottnus
1017 3896 1131 3958 decent
1150 3895 1183 3958 in
1209 3897 1313 3976 culpis
1336 3894 1522 3960 remittendis

421 4014 462 4057 ne
484 4014 600 4058 munus
623 3997 942 4075 praetergrediamur
966 3997 1031 4056 sit:
1054 3996 1150 4064 τΟυκ
1167 3980 1221 4064 διδ
1243 3990 1327 4075 ὅπως
1345 3990 1470 4074 imerius
1483 4015 1525 4062 rs·

421 4117 470 4176 νος
492 4091 712 4193 {diffinitis
734 4088 776 4164 τᾶ
797 4091 871 4189 issep*
894 4092 1136 4198 vaihstastaina
1158 4089 1266 4181 diioui,
1289 4091 1382 4190 τάχα
1402 4086 1527 4190 μηδὲῶ

417 4198 607 4302 repudiantes
630 4198 691 4281 raia
714 4196 880 4304 ἱερατικὴν
902 4199 1098 4295 ἐπιστήμην,
1121 4200 1277 4296 &spinoso
1299 4197 1343 4284 ὥς
1366 4201 1527 4294 δυνάμενοι

418 4297 476 4399 καὶ
489 4304 743 4409 innatantes
763 4305 956 4408 etrpgopirn,
975 4307 1134 4400 μοιχέιας
1155 4333 1187 4379 τε
1207 4302 1266 4378 καὶ
1287 4307 1435 4408 nemisse
1458 4303 1530 4400 dpis·

416 4434 484 4496 ναι,
505 4408 548 4495 ὦς
570 4412 630 4485 dni
649 4413 708 4494 τῆς
744 4410 847 4507 ἔυχῆς
868 4411 970 4484 ἀυτῶν
993 4410 1062 4512 περὶ
1084 4417 1145 4484 τῶν
1169 4411 1271 4484 ταῦτα
1293 4411 1525 4507 τετολμηκότων

417 4516 576 4610 λυομένης
596 4518 659 4589 soi
677 4518 737 4601 τῆς
758 4513 839 4614 πρδς
862 4515 1004 4591 θάνατον
1025 4515 1205 4620 ἁμαρτίας.
1220 4520 1243 4584 i.
1263 4539 1296 4585 e.
1318 4519 1433 4587 Nescio
1452 4533 1524 4600 guo·
