3375 5567
158 756 257 835 qnttnn
279 764 415 837 putant,
437 758 491 823 sed
514 767 546 821 et
566 758 727 832 animem,
751 765 937 821 nostrorum
966 759 1096 839 quidem
1121 762 1241 823 soime-

159 877 209 921 rou
218 860 350 923 similem
367 879 424 940 per
445 869 608 933 naturam,
625 862 790 941 proposito
814 879 891 923 seru
907 870 938 923 et
963 862 1240 925 virtutesimilem

157 963 207 1035 sibi,
218 970 248 1023 et
262 962 370 1033 talem,
392 964 498 1042 qualis
512 983 622 1025 omues
647 964 828 1025 voluntates
843 972 874 1024 et
890 963 1140 1043 dispensationes
1163 963 1242 1029 Ver·

157 1062 177 1123 bi
191 1080 223 1123 ae
241 1061 417 1145 Sapientiae
440 1065 707 1127 indeclinabiliter
728 1066 828 1145 possit
849 1064 993 1143 impiere.
1014 1063 1108 1139 Quod
1131 1074 1241 1131 autem

158 1163 280 1226 babuerit
299 1166 451 1239 animam,
474 1166 728 1229 manifestissime
749 1168 780 1227 in
803 1163 985 1245 Evangeliis
1007 1165 1150 1245 designet
1175 1169 1241 1247 ipse

155 1262 291 1341 Salvator,
313 1267 433 1331 dicens:
450 1286 539 1329 nemo
559 1265 677 1330 toilite
697 1269 900 1331 ieronimum
923 1287 1035 1341 meum,
1049 1268 1102 1331 sed
1122 1287 1175 1347 epo
1186 1288 1244 1348 po·
1318 1251 1321 1259 ’

158 1383 212 1426 ren
231 1386 295 1428 reor
308 1367 364 1429 obs
380 1387 426 1430 me
448 1377 503 1431 ete.
519 1390 535 1427 n
551 1368 652 1431 Paulo
674 1378 745 1451 post
762 1369 840 1449 jure
862 1371 999 1434 animam
1022 1371 1194 1434 bumeuem
1214 1372 1245 1435 itt

158 1463 243 1529 ierbo
264 1466 319 1529 liei
341 1468 515 1531 decernens
535 1471 631 1531 aliter
652 1474 751 1548 egisse
772 1469 813 1531 ab
835 1488 884 1545 ca,
907 1489 991 1549 quae
1013 1470 1128 1533 ceteris
1143 1470 1246 1533 bomi-

157 1571 229 1630 nibus
243 1572 334 1641 inest,
355 1570 394 1631 de
411 1572 528 1633 borum
550 1571 718 1633 animabus
732 1572 778 1632 eit
791 1590 833 1633 ex
855 1571 939 1633 libro
954 1569 1029 1633 Job:
1053 1590 1141 1635 nemo
1157 1591 1247 1634 mnn-

156 1672 201 1730 dus
218 1693 237 1731 o
255 1674 359 1743 sorde,
380 1689 434 1731 nec
455 1669 484 1731 si
499 1670 596 1761 nnius
617 1670 682 1733 diei
704 1672 800 1752 suerit
822 1670 889 1733 cito
909 1677 995 1753 ejus:
1021 1694 1036 1731 u
1060 1672 1147 1737 Haec
1170 1689 1247 1735 vcro

159 1774 257 1849 anime,
270 1791 354 1853 quae
371 1772 430 1834 luit
448 1774 478 1832 in
493 1771 586 1849 iesu,
607 1773 795 1853 priusquam
811 1774 908 1835 sciret
924 1773 1061 1847 maium,
1075 1774 1171 1851 clepit
1193 1773 1248 1835 bo-

156 1889 238 1933 num:
260 1874 381 1952 etquis
404 1872 517 1935 dilexit
538 1871 710 1953 justitiam,
733 1883 767 1935 et
790 1874 858 1935 odit
884 1875 1096 1953 iniquitatem,
1121 1884 1247 1953 propte·

158 1988 197 2033 ree
211 1975 299 2035 unxit
313 1991 385 2035 cam
403 1972 487 2035 lieus
503 1974 575 2035 olen
591 1974 732 2037 laetitiae
754 1994 832 2054 pree
848 1976 1056 2055 participibus
1072 1978 1149 2039 suis.
1165 1974 1248 2040 Oieo

157 2076 372 2153 ergeiaetitiee
395 2078 543 2155 ungitur,
567 2096 641 2140 cum
661 2074 770 2141 Verbo
793 2076 849 2141 bet
872 2078 1077 2141 immaculata
1105 2076 1250 2141 loedere·

158 2180 226 2239 tione
239 2179 407 2259 conjuncta
425 2188 486 2257 est3
501 2186 534 2240 et
548 2197 606 2257 per
621 2180 683 2241 boc
697 2180 765 2241 sola
783 2180 926 2243 omnium
943 2180 1123 2243 animarum
1141 2196 1250 2258 pccca-

160 2282 176 2341 ti
193 2282 321 2363 incapax
340 2280 505 2361 totnonis
523 2278 595 2343 Filii
612 2278 669 2343 Dei
688 2282 766 2345 bene
781 2290 814 2344 ct
835 2280 928 2363 plene
944 2298 1046 2361 capax
1070 2280 1150 2345 luite
1168 2280 1254 2344 ideo·

159 2399 209 2460 que
222 2392 254 2446 et
269 2402 369 2445 unum
385 2401 459 2444 cum
476 2384 544 2462 ipso
559 2389 626 2461 ost3
642 2393 742 2461 atquc
756 2382 828 2463 ejus
852 2382 1019 2445 vocabulis
1034 2390 1253 2460 nuncupatur,

160 2483 284 2547 etlesus
304 2483 454 2547 Christus
469 2484 667 2566 appellatur,
691 2503 749 2565 per
771 2502 868 2563 qoem
889 2485 994 2551 omnia
1018 2483 1101 2547 lecta
1123 2500 1192 2550 essu
1209 2482 1253 2548 di·

161 2594 276 2649 tttttiur.
300 2603 317 2641 n

226 2684 329 2767 iobis
351 2687 492 2767 primum
506 2685 767 2761 animadvertito,
790 2686 927 2751 comsit
947 2685 1103 2767 Origenes
1118 2686 1255 2752 eoimmn

160 2782 227 2849 iesu
242 2787 368 2851 variare
389 2788 430 2849 eb
445 2787 612 2851 animabus
633 2796 831 2851 ceterorum:
848 2784 926 2867 qnia
944 2806 1068 2851 nemon
1085 2788 1176 2850 sorde
1187 2804 1257 2866 pec·

159 2886 212 2949 ceti
229 2890 387 2965 mundns,
409 2889 506 2953 simul
532 2890 671 2951 animem
693 2898 725 2951 et
754 2908 874 2969 corpus
895 2890 1089 2968 complecti,
1110 2888 1191 2953 adeo
1220 2894 1258 2951 nt
1335 2970 1342 2977 ,

159 2988 194 3049 ibi
213 2991 307 3055 bomo
329 2999 471 3071 nequeat
489 2992 625 3053 seorsim
657 2989 698 3050 ab
719 2989 825 3051 anima
848 2989 1089 3069 comprehendi.
1120 2987 1160 3053 Et
1182 3006 1257 3056 enm

161 3089 196 3151 ita
216 3092 298 3155 dicat
321 3092 447 3153 Auctor
469 3109 511 3153 ex
535 3088 725 3171 Scriptura,
748 3092 905 3155 nemiuem
928 3090 1118 3155 mundume
1141 3092 1257 3165 sorde,

161 3201 209 3253 aut
221 3192 427 3255 asserendum
438 3199 501 3265 est,
517 3190 677 3273 cujusque
691 3191 828 3265 animam
843 3209 861 3253 a
876 3189 944 3255 Deo
956 3200 1095 3255 creatam
1113 3192 1143 3252 io
1157 3189 1259 3253 sordi·

163 3292 213 3353 bns
229 3294 324 3357 tuisse
339 3300 372 3355 et
387 3312 404 3355 a
421 3294 669 3372 praeexistentia
680 3312 753 3370 sne,
770 3301 801 3355 et
816 3300 990 3371 autequam
1008 3292 1130 3355 veniret
1145 3291 1175 3353 in
1190 3310 1261 3355 cor·

162 3410 227 3470 pus,
249 3396 336 3474 qood
357 3403 405 3457 est
425 3394 624 3473 absurdum3
646 3408 704 3460 ent
727 3395 834 3458 verius
852 3394 1036 3467 tenendum,
1058 3394 1178 3457 enimes
1195 3410 1258 3456 uon

162 3498 343 3575 corporibus
365 3495 492 3571 inditas,
509 3497 631 3575 pariter
649 3495 800 3557 sordibus
822 3494 945 3557 loednri
972 3496 1120 3573 (prester
1141 3490 1260 3558 Cbristi

160 3597 299 3673 enimam)
320 3614 337 3657 a
361 3604 520 3675 conceptu
543 3604 698 3660 materno.
722 3594 782 3657 Ast
802 3595 841 3655 de
865 3596 911 3657 bis
933 3595 1020 3657 alibi.

233 3693 380 3758 Secundo
401 3714 443 3757 ex
466 3694 582 3757 verbis:
605 3694 679 3757 boec
699 3712 771 3754 uero
792 3690 915 3769 asina,
938 3712 1018 3773 qnue
1037 3690 1101 3771 snit
1122 3691 1157 3755 in
1176 3690 1263 3768 Iesu,

160 3794 340 3879 prinsquam
361 3794 455 3859 sciret
476 3796 610 3871 muium,
626 3792 718 3875 clepit
731 3792 865 3879 ⁴bonesen,
882 3794 962 3857 idest
984 3795 1051 3873 ipso
1074 3794 1265 3859 iucarnatio-

165 3895 206 3955 ris
228 3905 410 3971 momento,
434 3914 491 3956 oec
515 3914 592 3957 vero
613 3906 727 3968 autea,
749 3913 854 3974 neque
876 3895 979 3959 molto
1002 3895 1264 3975 minuspostee,

166 3994 350 4076 intelligitur
371 3996 491 4058 bouum
513 3995 657 4073 elegisse.
674 3992 715 4058 Et
732 3994 774 4057 ob
793 3995 855 4057 boc
875 4005 965 4057 antea
990 3995 1157 4061 nauitesto
1178 3994 1266 4067 dicit,

168 4092 280 4159 Filium
295 4095 352 4161 Dei
365 4099 503 4158 animam
525 4106 558 4158 et
577 4115 696 4174 corpus
715 4095 812 4157 simui
827 4098 1018 4175 suscepisse,
1031 4099 1168 4159 enimam
1190 4114 1268 4162 tero

166 4196 219 4256 etsi
244 4206 370 4261 nostrae
395 4196 545 4271 similem,
564 4205 668 4259 tameo
695 4196 896 4277 hujusmodi,
911 4215 995 4277 quae
1015 4195 1188 4259 eoinmeter
1206 4214 1270 4257 orn·

167 4314 214 4354 ner
234 4307 264 4359 et
282 4296 526 4381 dispensationes
556 4296 658 4377 ipsios
686 4294 771 4360 Verbi
801 4295 860 4359 Dei
878 4308 982 4379 posset
1008 4295 1273 4361 indeclinabiliter

168 4396 310 4478 imptere3
331 4411 362 4463 et
385 4400 506 4463 idcirco
527 4399 655 4461 subdit:
682 4402 871 4481 priusquam
893 4401 990 4463 sciret
1013 4400 1153 4474 melum,
1175 4400 1274 4479 elegit

171 4498 296 4561 bouum:
318 4502 410 4581 quasi
433 4500 553 4564 diceret
575 4502 689 4565 eodem
714 4511 872 4581 tempore,
896 4520 961 4581 quo
983 4503 1086 4563 auimo
1120 4501 1169 4563 sui
1188 4500 1273 4581 juris
