3375 5567
135 758 216 823 ndns
234 759 394 823 &amam
416 764 509 823 aooat
522 802 529 820 .
544 802 552 819 .
567 804 599 821 ..
617 756 677 823 Vir
690 760 820 841 iniquus
841 758 991 823 diabotus
1011 765 1080 824 ast.
1096 805 1104 822 .
1119 803 1148 820 ..
1165 758 1231 823 dd-

137 863 188 925 huo
207 879 279 924 vero
300 860 393 923 multi
417 860 478 923 hoo
508 868 603 941 panto
624 862 761 941 improbi
785 862 952 937 homines,
986 868 1111 942 patrem
1130 878 1230 923 suum

136 962 278 1024 diabolum
299 960 404 1026 soient
425 961 556 1023 imitari.
573 980 589 1019 ι
605 958 693 1037 Quin
713 969 819 1024 tamen
840 962 1007 1041 propriam
1027 960 1068 1023 ad
1090 961 1228 1025 inuicem

137 1070 243 1125 mutent
261 1069 423 1125 naturam.

199 1159 349 1227 Ceterum
370 1164 401 1225 iu
424 1163 580 1232 hooJoco
602 1162 762 1243 quaedam
784 1164 892 1228 adiano
913 1173 1042 1226 manent
1062 1162 1231 1243 explicam

137 1264 199 1325 satis
218 1264 341 1340 ardua,
364 1264 523 1344 descripta
553 1266 587 1327 in
609 1274 769 1345 postrema
803 1268 976 1347 pericopae
1003 1273 1118 1343 parta:
1148 1280 1234 1343 quae

135 1360 335 1447 Hieronymus
355 1366 401 1427 sio
424 1365 610 1429 transtulit:
631 1365 796 1445 «Saepius
811 1365 953 1428 diximus
970 1366 1001 1425 iu
1017 1363 1145 1427 induitis
1160 1382 1234 1447 pet·-

134 1468 287 1547 patuisque
307 1467 438 1541 seculis,
455 1468 486 1529 in
503 1467 622 1547 quibus
644 1468 748 1529 anima
764 1467 922 1541 subsistit,
938 1474 969 1528 et
985 1467 1075 1540 visit,
1095 1467 1141 1529 sio
1156 1484 1233 1528 nou·

134 1566 224 1628 onitas
244 1585 358 1630 earum
372 1568 412 1629 nd
429 1567 540 1649 pejora
557 1585 729 1641 corruere,
748 1573 783 1629 ut
799 1569 952 1630 ultimum
968 1567 1109 1629 maiitisa
1123 1567 1234 1630 ionum

135 1672 245 1729 teueaot
264 1676 326 1731 eto.
342 1688 358 1725 a
373 1666 520 1731 Rudinus
537 1685 613 1731 vero
628 1672 673 1731 sie
688 1667 848 1731 reddidit:
866 1689 882 1725 α
900 1666 949 1729 iix
966 1686 1034 1747 quo
1049 1670 1234 1747 opinamur,

134 1768 422 1849 quoniamquidem
445 1770 541 1847 (siout
570 1769 758 1849 frequenter
788 1768 942 1845 diximus)
968 1769 1160 1831 immortalis
1186 1778 1235 1832 eat

134 1867 223 1931 anima
244 1876 276 1931 et
297 1879 440 1945 aeterua,
464 1868 551 1950 quod
575 1871 607 1930 iu
628 1870 739 1933 multis
760 1878 791 1931 et
812 1871 881 1932 sine
900 1870 963 1932 tiue
976 1871 1089 1950 spatiis
1106 1886 1165 1948 per
1179 1870 1236 1930 im-

136 1984 226 2029 mensa
248 1975 282 2031 ot
303 1967 430 2031 diversa
455 1969 579 2043 secula,
602 1969 754 2049 possibile
775 1976 835 2043 est,
853 1980 890 2033 ut
908 1970 959 2031 aei
975 1988 993 2031 a
1007 1988 1137 2031 summo
1152 1968 1238 2031 bono

135 2066 165 2127 ad
185 2067 288 2129 intima
311 2067 394 2129 mala
417 2068 589 2133 descendat
609 2077 671 2132 eto.
688 2088 704 2126 >a
729 2070 791 2132 ista
813 2088 903 2143 saue,
925 2071 1071 2151 inquam,
1094 2069 1238 2131 nonnisi

134 2186 166 2231 ex
182 2172 352 2247 praemissa
364 2170 512 2247 Origeuis
525 2172 804 2249 argumentatione
819 2190 851 2232 n.
864 2169 914 2235 13.
930 2172 1065 2251 signata,
1080 2170 1237 2233 illustrari

134 2276 296 2350 nequeunt.
316 2270 392 2333 iudo
408 2272 505 2344 euim,
521 2270 552 2331 ui
567 2271 677 2347 ialinr,
693 2274 790 2335 totius
807 2273 905 2353 huius
921 2273 1091 2351 pericopae
1107 2270 1237 2349 amplis·

134 2372 200 2433 siue
219 2372 449 2451 explanabitur
469 2386 624 2433 arcanum
635 2391 646 2449 ;
663 2378 695 2433 et
715 2390 815 2451 super
845 2372 927 2433 hano
947 2374 1083 2451 opinor,
1099 2370 1239 2449 glossam

135 2488 283 2551 graecam,
306 2490 322 2534 a
345 2491 411 2551 quo
433 2470 552 2546 neseio,
577 2470 674 2533 fuisse
699 2471 914 2543 elaboratam,
930 2488 968 2534 oo
992 2471 1023 2531 in
1047 2486 1241 2550 perversum

135 2589 248 2637 mosum
271 2573 393 2635 iurtire
414 2570 598 2638 deductam.
622 2568 731 2651 Atque
747 2590 786 2633 eo
801 2570 967 2634 lubentius
997 2571 1058 2632 hoo
1079 2586 1186 2649 agam,
1201 2567 1240 2629 ii·

135 2671 180 2735 iuo
199 2694 248 2736 mo
272 2673 488 2745 transieram,
511 2688 578 2750 quo
599 2670 698 2749 magis
720 2672 816 2733 ambo
842 2673 920 2733 sotis
946 2670 1148 2745 indicarunt,
1163 2668 1242 2731 atini

136 2772 303 2839 duetorem
319 2772 505 2855 hujusmodi
522 2771 712 2850 expendisse
728 2774 963 2851 quaestionem.

204 2876 245 2940 Et
267 2894 304 2939 ro
326 2876 456 2955 quidem
480 2889 570 2946 rara,
592 2870 747 2951 Origenes
768 2873 868 2951 pauiu
882 2881 956 2934 ante
971 2889 1003 2933 u.
1019 2868 1070 2935 13.
1089 2870 1187 2950 hujus
1202 2870 1241 2931 ii·

137 2972 177 3036 iri
198 2974 250 3038 iti.
276 2978 355 3039 haec
377 2964 557 3040 notarim«
582 2966 717 3039 Gnaeus
740 2968 1000 3064 ἐγκαταλείπεται
1031 2968 1107 3063 θείᾳ
1135 2966 1244 3061 κρίσει

134 3068 482 3169 ὃίγκαταλειπόμενος,
506 3074 564 3149 καὶ
587 3074 797 3176 μακροὸνμὲι
819 3067 872 3141 tui
895 3092 987 3150 τινας
1009 3068 1069 3137 τῶν
1093 3063 1247 3170 ἁμαρτα-

134 3174 236 3251 νόντων
261 3174 281 3249 ὁ
302 3174 397 3261 Saia,
422 3179 479 3252 ὀνκ
501 3180 641 3276 ἀλόγως,
662 3178 731 3251 ἀλλ’
756 3174 800 3259 ὥς
823 3176 934 3255 duvira
955 3174 1177 3254 συνναίσαντας
1197 3166 1242 3254 ὥς

133 3277 201 3379 πρὸς
222 3280 285 3367 τήν
306 3284 497 3357 ἀθανασίαν
520 3289 580 3369 τῆς
603 3286 714 3379 ψυχῆς
735 3277 793 3355 καὶ
816 3280 874 3351 ada
896 3275 1027 3379 ἄπειρον
1050 3274 1167 3360 droun,
1189 3275 1247 3346 tia

136 3385 178 3474 μή
190 3384 279 3481 rapti
290 3389 525 3491 συνεργηθῆναι
546 3390 594 3471 irs
612 3386 786 3491 σωτηρίαν,
799 3380 885 3457 ἀλλὰ
901 3380 1045 3483 βράδιον
1057 3378 1108 3451 ἐπὶ
1126 3380 1250 3460 ταύτην

135 3488 276 3585 ἀχθῆναι
300 3489 434 3587 pereira*
448 3497 643 3596 πειραθῆναι
658 3491 782 3563 πολλῶν
798 3489 925 3561 κακῶνε
944 3490 1040 3564 idest,
1062 3506 1125 3551 nou
1148 3489 1249 3567 igitur

139 3604 320 3685 reservatur
340 3598 448 3659 divino
466 3598 604 3678 iudicio,
625 3598 693 3658 aiva
715 3593 911 3655 damnationi
933 3592 1002 3667 iiie,
1025 3592 1081 3671 qui
1108 3588 1247 3652 derelin-

139 3698 267 3775 quitur3
290 3704 323 3758 et
343 3698 504 3777 patienter
527 3699 592 3776 agit
608 3695 695 3758 Deus
710 3696 796 3758 cirea
812 3693 942 3770 atiquos
959 3700 1157 3773 peccatores.
1174 3686 1246 3750 idon

138 3804 238 3860 autem
261 3816 324 3860 nou
345 3799 412 3860 siue
434 3800 570 3875 ratione,
592 3797 646 3859 sed
671 3803 783 3874 utpote
806 3794 881 3873 ipsis
902 3811 942 3855 eo
963 3791 1166 3871 expediente,
1191 3796 1248 3863 ut,

140 3907 266 3976 propter
286 3899 411 3959 animae
432 3898 708 3960 immortalitatem
724 3902 755 3957 et
772 3891 1012 3956 interminando
1028 3897 1165 3969 tempus,
1183 3905 1247 3949 nou

140 3996 195 4059 aito
216 3998 345 4075 (anima)
361 3998 579 4078 coadjuvatur
599 3996 638 4060 ad
660 3997 812 4069 satutem,
831 4003 881 4055 ast
902 3992 1024 4054 tardius
1045 3990 1085 4052 od
1108 4007 1178 4050 eam
1193 3988 1249 4050 ab·

140 4095 219 4172 duci,
237 4108 409 4178 postquam
431 4100 500 4178 ipsa
522 4097 624 4161 multa
647 4096 731 4159 mata
754 4111 845 4174 passa
867 4101 926 4154 est.
950 4090 1050 4154 Sicuti
1075 4090 1159 4150 euim
1185 4106 1251 4149 me-

141 4196 209 4274 diei,
231 4218 306 4263 eum
328 4200 469 4262 ceterius
491 4216 610 4261 curare
632 4198 763 4277 possint,
786 4197 812 4257 si
833 4192 977 4257 abditum
995 4194 1026 4251 io
1042 4206 1181 4268 corpore
1197 4207 1250 4249 ae·

140 4314 250 4363 uenum
264 4301 482 4380 suspicentur,
498 4300 699 4361 eontrarium
714 4296 875 4359 curationi
894 4294 1028 4365 iaciunt,
1045 4290 1157 4369 idque,
1172 4288 1250 4367 quia

141 4405 256 4465 certius
276 4416 394 4465 aurare
418 4400 541 4463 solunt.
565 4398 682 4461 Putant
703 4398 787 4460 enim
809 4402 994 4477 praestare,
1011 4399 1048 4454 ut
1067 4390 1191 4452 diutins
1218 4390 1250 4450 in

144 4506 265 4565 tumore
288 4502 461 4565 vulnerum
486 4507 517 4563 et
537 4498 651 4563 labore
673 4516 770 4578 aeger
799 4498 952 4572 haereat,
975 4512 1042 4573 quo
1070 4491 1247 4553 firmiorem
