3375 5567
145 796 209 861 iesu
227 796 401 859 amicitiam
423 794 572 860 infirmati
594 804 680 871 snut,
704 805 734 859 at
757 796 906 877 periere:
926 795 982 875 qui
1008 797 1105 860 etium
1127 797 1159 857 iu
1180 816 1250 859 mo·

145 907 279 961 numento
301 905 333 959 et
348 898 379 959 in
397 906 603 959 mortuorum
620 899 694 961 ioco
717 905 904 961 manserunt
919 913 993 959 cunt
1010 897 1147 961 mortuis
1162 917 1249 960 mor-

146 1002 200 1074 tni,
219 1018 256 1063 ac
284 1010 395 1079 postea
419 996 569 1061 vivificati
599 1005 684 1061 suut.
711 995 924 1077 Quapropter
945 994 1085 1059 fluetins
1113 1015 1249 1077 quoqne

146 1102 257 1181 putruit
277 1102 440 1164 immerito
462 1100 668 1163 Eustuthium
686 1100 843 1181 carpsisse
858 1097 1032 1177 Origenem
1047 1100 1081 1160 in
1095 1099 1157 1161 boc
1171 1106 1204 1161 et
1219 1100 1251 1162 iu

147 1202 205 1267 ritis
219 1204 311 1278 iocis,
326 1204 490 1282 iuquiens:
505 1223 521 1263 u
534 1200 615 1265 Num
638 1201 785 1282 quumvis
804 1202 834 1263 in
857 1200 982 1266 Lazaro
1002 1201 1163 1265 bominem
1179 1218 1252 1280 pec⁴

146 1308 212 1367 eatis
231 1304 431 1367 laborantem
453 1302 625 1382 significari
641 1303 802 1378 docuerit,
826 1320 891 1365 nou
906 1305 979 1366 ideo
1002 1302 1165 1367 Lazarum
1178 1322 1253 1382 pec·

147 1408 212 1469 eutis
231 1406 394 1467 laborasse
410 1404 525 1466 soluit:
548 1402 822 1485 quemadmodum
839 1406 897 1484 qui
917 1413 1100 1484 carpentem
1113 1422 1250 1469 aeneum

150 1507 176 1568 iu
193 1506 364 1569 solitudine
390 1522 407 1565 a
431 1500 543 1587 Moyse
565 1506 715 1568 israelitis
741 1506 964 1586 propositum,
986 1506 1107 1569 dixerit
1133 1505 1252 1571 Christi

149 1617 246 1691 typum
268 1606 385 1686 inisse;
409 1624 471 1668 non
492 1605 615 1669 idcirco
629 1617 811 1686 serpentem
832 1624 969 1671 aeneum
985 1604 1152 1671 Christum
1176 1607 1252 1673 iuis·

147 1726 175 1770 se
192 1708 375 1771 asseruerit.
400 1726 417 1765 s

217 1806 359 1871 Futtitur
378 1825 458 1886 ergo
477 1828 503 1869 s.
532 1804 746 1882 Eustutbius,
770 1814 802 1871 et
823 1808 881 1888 qui
902 1825 978 1871 cnm
1000 1826 1040 1872 eo
1059 1816 1253 1883 senserunt,

148 1909 311 1973 Auctorem
334 1918 481 1971 nostrum
503 1913 716 1989 corripientes
738 1912 769 1971 in
790 1908 973 1973 Bibliorum
1003 1911 1253 1975 commentariis.

149 2010 254 2074 Omnes
275 2020 402 2090 tempus
420 2010 536 2074 babent
550 2012 767 2075 discussiones
790 2014 899 2075 variae
916 2014 949 2075 iu
969 2028 1096 2075 meram
1112 2010 1257 2091 Scriptu-

152 2128 211 2173 ram
231 2113 271 2174 ab
291 2111 433 2191 Origene
457 2094 618 2176 redactae.⁴
640 2112 669 2175 is
692 2115 775 2175 euim
797 2113 972 2177 litteralem
999 2131 1152 2188 sensum,
1175 2112 1255 2176 utie-

150 2214 280 2291 garicum
303 2222 336 2275 et
358 2214 514 2275 moralem
539 2216 739 2295 tempestive,
761 2216 1002 2293 sapienterque,
1026 2223 1063 2277 nt
1084 2215 1256 2293 bucusque

152 2314 288 2391 vidimus,
304 2332 365 2394 pro
379 2316 565 2379 auditorum
585 2316 741 2379 varietate
754 2315 814 2380 sibi
830 2318 1044 2396 compararit,
1054 2317 1149 2398 juxta
1168 2334 1255 2378 uem·

151 2432 183 2493 pe
202 2416 390 2479 morborum
410 2418 506 2478 animi
523 2417 720 2492 curationes,
743 2435 824 2498 quas
840 2418 1001 2481 curandas
1021 2423 1257 2497 aggressusest

153 2517 285 2582 iussero
311 2519 400 2581 verbi
422 2516 480 2582 Dei
505 2519 704 2582 ministerio:
728 2520 759 2581 in
789 2523 914 2584 cunctis
935 2514 1130 2599 apostolum
1152 2520 1257 2583 imita·

154 2624 207 2691 tus,
227 2618 265 2681 ad
287 2616 471 2682 Corinthios
491 2619 685 2683 scribentem
706 2622 738 2681 in
762 2619 904 2700 Epistola
930 2616 955 2681 i.
977 2639 1005 2683 a.
1033 2618 1090 2682 ΙΙΙ.
1115 2618 1159 2683 Et
1177 2636 1257 2701 epo,

152 2717 276 2796 fratres,
297 2736 362 2783 uon
380 2720 470 2799 potui
490 2718 574 2784 uobis
595 2720 685 2803 lopus'
704 2720 799 2801 quasi
818 2720 1063 2802 spiritualibus,
1084 2724 1137 2781 sed
1162 2719 1258 2801 quasi

152 2818 332 2886 cunalibus.
351 2820 524 2902 Tamquam
534 2820 682 2902 paruulis
696 2820 732 2885 iu
750 2820 875 2885 cbristo
889 2824 941 2885 tac
954 2823 1037 2885 uobis
1045 2832 1157 2903 potum
1170 2821 1257 2895 dedi,

154 2934 209 2981 usu
226 2938 339 2984 esaum:
358 2922 498 2985 noudum
519 2923 604 2983 euim
620 2922 783 3001 poteratis.
807 2920 848 2986 Et
869 2924 913 2985 itu
934 2941 967 2986 se
981 2940 1016 2985 aa
1037 2921 1168 3003 gerebat
1182 2922 1257 2985 Ori·

157 3036 239 3098 penes
258 3022 300 3085 ob
321 3022 437 3085 oeulos
457 3022 602 3102 quotidie
617 3024 678 3087 boc
694 3024 879 3088 mandatnm
903 3041 1059 3088 servans:
1082 3021 1171 3103 quod
1186 3040 1255 3084 um-

158 3120 230 3198 piius
249 3140 267 3185 a
287 3124 355 3186 suis
374 3123 616 3186 successoribus
631 3130 663 3187 et
678 3142 738 3203 pro
756 3124 867 3207 seipsis
887 3134 921 3188 et
935 3142 996 3206 pro
1015 3124 1129 3188 eodem
1143 3121 1258 3205 Origef

160 3234 192 3281 us
210 3222 400 3285 serrandum
422 3231 504 3285 erat.
