3375 5567
250 722 282 805 =t
304 738 482 818 pestilerns
508 739 665 802 edidisse:
689 757 728 803 an
747 742 780 802 ln
807 741 921 807 endem
951 743 1082 823 ragione
1109 743 1195 806 nlroa
1223 741 1305 807 lllud

294 846 311 889 i
326 842 578 904 commentarios
593 843 625 903 in
640 840 772 906 loannis
788 841 1000 924 lisangelium
1015 845 1234 922 runcinarum
1250 843 1306 907 ubi

343 961 360 1008 a
382 942 508 1007 latetur
526 963 561 1006 se
583 943 627 1005 nil
648 943 812 1008 dissonum
833 961 851 1006 a
876 949 1012 1009 raritate
1033 945 1193 1008 onlboliea
1213 963 1306 1025 repe·

373 1047 512 1125 amplius
540 1044 760 1130 Hieronymus
780 1045 817 1108 itt
841 1045 1098 1127 deplorationes
1123 1065 1150 1106 ι.
1179 1044 1303 1120 Laena,

409 1167 417 1186 ι
438 1145 579 1226 Origene
600 1147 785 1211 elaboratos
804 1147 907 1211 libros
929 1147 1120 1222 admiratus,
1136 1147 1304 1229 latineque

96 1245 150 1326 ip,
464 1248 531 1310 suis
553 1245 677 1310 Romae
696 1249 942 1323 commendans,
965 1247 1089 1328 iuquit:
1114 1269 1131 1308 a
1155 1245 1309 1312 Romanu

123 1323 164 1398 ἦ
475 1358 485 1383 ⁰
505 1357 661 1428 questam
681 1350 756 1412 boni
776 1359 805 1412 st
818 1359 893 1414 note
915 1349 1080 1426 muers,
1102 1360 1132 1414 et
1150 1360 1227 1414 tuan
1247 1349 1308 1412 aui·

78 1140 117 1250 ἰ

78 1522 101 1575 2

147 1389 200 1500 ἢ

644 1859 728 1922 atrio
748 1860 900 1940 episcopo
921 1859 1081 1939 Origenes
1105 1859 1304 1924 Alexandria

663 1979 698 2034 s,
714 1959 971 2040 dogmatumque
990 1959 1129 2023 salsitate
1145 1961 1302 2042 pernicio·

525 2070 669 2135 rotatus,
685 2060 930 2138 aPalaestinae,
949 2059 1140 2127 Pboaniclue
1153 2069 1186 2125 et
1198 2063 1303 2126 bobu-

397 2199 411 2221 s
433 2167 465 2221 et
485 2159 619 2239 quidem
641 2157 704 2222 tide
724 2168 758 2223 et
773 2162 892 2240 pietate
908 2163 1032 2226 sinuare
1049 2163 1233 2244 conspicuis
1246 2181 1302 2226 ax·

258 2283 299 2324 ar
311 2281 324 2341 3
347 2277 534 2340 munusque
554 2261 584 2324 ei
608 2260 825 2324 demandatur
844 2262 886 2324 nb
908 2263 1002 2343 ipsis,
1028 2263 1157 2344 publice
1185 2267 1218 2328 ln
1241 2263 1303 2327 En·

178 2362 275 2425 clasis
289 2363 517 2437 concionandi,
539 2369 706 2442 tamquam
720 2364 752 2424 in
767 2381 808 2425 eo
823 2379 959 2428 munere
976 2366 1093 2429 doloris
1107 2365 1304 2447 presbyteris

181 2465 424 2543 praestantiori.
440 2462 491 2526 ln
505 2463 654 2548 Aegypto
670 2464 807 2544 lugalur
822 2473 860 2528 ut
875 2466 1059 2532 baaretlous
1072 2475 1106 2530 et
1119 2467 1217 2530 bomo
1232 2483 1305 2547 pra·

180 2581 251 2628 tus.
268 2564 306 2628 ln
318 2566 417 2647 Syria
432 2574 469 2629 ut
487 2565 693 2629 nrlbodoxus
713 2573 747 2629 at
769 2567 819 2628 rit·
839 2577 969 2631 sanctus
985 2569 1176 2632 bonoratur.
1194 2567 1303 2632 llebus

180 2667 226 2731 sic
249 2669 413 2731 atnutibus
433 2667 511 2747 qnid
524 2667 725 2731 dicendum?
741 2666 892 2731 Fortasse
907 2669 987 2732 duas
1003 2670 1116 2733 babuit
1131 2686 1298 2734 mansuras

179 2765 367 2848 Origenes?
389 2785 530 2849 quarum
559 2769 663 2832 altere
683 2778 888 2835 sacrosancta
911 2771 983 2835 {dai
1000 2771 1171 2850 dogmata,
1197 2770 1299 2832 nltsra

177 2867 342 2933 baeretinn
364 2875 398 2931 ei
419 2869 516 2949 impin
531 2871 692 2948 capiebat,
725 2887 784 2950 pro
814 2855 974 2934 varietate
998 2870 1150 2933 locorum
1181 2877 1213 2931 et
1229 2885 1301 2950 per-

178 2985 333 3032 sonarum
355 2968 536 3033 ordinata?
572 2968 776 3050 Proindeque
805 2989 881 3034 rum
911 2989 973 3034 nnn
1003 2972 1126 3034 scilicet
1149 2987 1301 3034 mensura

179 3073 345 3135 nonnullis
365 3072 536 3147 salutaria,
559 3087 597 3132 no
618 3072 688 3151 ipso
709 3083 855 3152 tempore
879 3073 949 3134 aliis
971 3087 1046 3135 oum
1068 3071 1131 3133 alin
1149 3085 1302 3134 mensura

181 3172 377 3252 propinabat
395 3173 564 3236 morlilera
587 3169 788 3252 pharmaca?
809 3172 878 3236 Aul
894 3174 975 3235 alios
990 3173 1171 3253 quidquam
1187 3188 1300 3234 rerum

178 3277 212 3333 et
230 3279 382 3336 sanctum
404 3288 557 3336 sermone
577 3273 731 3351 doceba13
753 3280 786 3335 ei
806 3289 916 3335 eoram
939 3271 1011 3334 aliis
1030 3273 1152 3351 scripto
1173 3278 1301 3333 eontra-

180 3371 226 3432 ria
242 3370 451 3436 disserebat?
464 3373 538 3437 Sita
554 3373 649 3436 modo
665 3381 766 3448 reela,
786 3373 883 3435 modo
900 3373 992 3448 lulsn,
1011 3372 1108 3436 modo
1123 3372 1188 3452 pia,
1206 3369 1301 3434 modo

177 3471 274 3552 impla
296 3471 474 3553 praebebat
496 3473 677 3538 hominibus
698 3471 886 3536 credenda?

706 3674 783 3737 Vlll

258 3859 314 3942 Ex
336 3876 456 3942 Christi
480 3877 579 3940 verbo
601 3877 713 3940 docuit
726 3875 895 3956 Origenes,
912 3892 1009 3938 unam
1024 3893 1092 3938 osse
1108 3873 1298 3948 Ecclesiam,

180 3994 218 4039 an
237 3997 340 4058 super
361 3977 491 4042 Petram
513 3977 698 4056 lundatam;
713 3976 870 4039 adversus
885 3991 982 4054 quam
1000 3980 1113 4053 portae
1129 3973 1223 4035 inlerl
1237 3990 1299 4035 non

179 4080 451 4159 praevaluissanq
466 4087 560 4143 extra
574 4096 672 4159 quam
685 4095 781 4140 uuam
797 4093 891 4139 nemo
905 4075 1159 4154 salrariposse13
1175 4080 1207 4136 et
1223 4090 1299 4152 erga

181 4193 281 4256 quum
297 4197 407 4257 unam,
421 4180 670 4243 saluberrimam
685 4179 730 4241 ait
743 4193 902 4240 exornare
917 4173 1021 4238 baum
1036 4174 1272 4255 providentiam
1288 4191 1297 4230 r

177 4275 355 4342 Ecclesiam
373 4297 471 4343 anam
485 4287 646 4352 sonetum,
662 4295 727 4341 ooo
739 4276 899 4340 sonorem
912 4276 1071 4340 morulam
1089 4286 1146 4338 aaut
1167 4293 1296 4355 rapam

182 4377 217 4439 ia
238 4398 304 4458 qao
322 4383 399 4462 fides
419 4399 501 4456 auo,
516 4379 673 4462 baptismo
700 4397 802 4442 anam
812 4399 829 4453 ,·
842 4377 879 4441 s'rt
892 4395 958 4459 qao
971 4395 1039 4441 uno
1057 4393 1169 4456 emptas
1184 4393 1298 4452 asum,

175 4479 310 4556 spiritur
323 4501 420 4547 anas:
437 4482 613 4549 lesinione
629 4501 742 4557 annm,
757 4482 936 4546 colamnam
952 4479 1232 4556 etsandamentaat
1244 4495 1296 4539 ss-
