3375 5567
97 798 98 823 t

97 830 99 869 i

97 874 99 935 i

1210 716 1228 783 1

164 826 208 889 dici
224 825 257 886 ad
277 824 467 889 vestibulum
493 824 609 907 abjecti
637 831 736 907 atque
763 824 872 889 afflicti
900 827 1052 889 misertus
1080 841 1143 887 nnn
1169 718 1253 899 est?

97 962 98 1001 4
163 927 257 989 idcirm
274 926 525 991 mirericordiam
545 927 604 989 sibi
626 928 804 1008 praecidit,
828 926 1048 991 misericordia
1071 926 1243 1007 implorata

97 1016 99 1067 i

97 1126 98 1179 i

164 1046 209 1091 run
225 1028 362 1091 auditus:
386 1046 450 1090 nnn
472 1029 559 1109 quod
583 1037 672 1109 gutta
696 1048 759 1092 nna
780 1028 820 1091 de
849 1046 965 1109 magun
990 1028 1131 1107 paradisi
1157 1026 1244 1088 lonte

162 1128 260 1209 dcnpta
278 1130 453 1208 damnosa;
473 1130 528 1193 sed
550 1132 627 1211 qnia
653 1130 895 1193 misericordiae
922 1130 1009 1193 stiiia
1040 1125 1243 1191 commisceri

161 1237 236 1310 atque
252 1229 479 1293 communicari
501 1248 576 1294 cum
597 1232 830 1296 inhumanitate
851 1249 915 1293 non
932 1237 1046 1309 potest.
1061 1226 1149 1305 Quae
1160 1227 1246 1292 caim

161 1328 302 1393 mmmuaic
320 1329 390 1392 luci
410 1350 481 1393 cum
510 1330 643 1395 tenebris
667 1327 743 1394 eat?
759 1328 893 1407 Qualia,
910 1331 1026 1411 inquit,
1042 1326 1244 1392 seminaverit

161 1428 235 1505 imo,
255 1431 324 1493 laec
346 1441 376 1493 ct
396 1442 493 1495 metet.
515 1452 532 1490 a

219 1530 343 1614 insuper
364 1532 520 1597 Oratione
546 1534 583 1595 dc
608 1532 825 1613 Beucficmtia,
848 1534 891 1597 ob
920 1533 1035 1596 oculos
1055 1533 1244 1596 auditorum

97 1712 99 1739 ‚
161 1632 281 1713 objiciens
300 1637 466 1699 novissimi
485 1635 598 1716 judicii
619 1637 719 1708 diem,
739 1654 917 1715 omnesque
939 1643 1047 1713 gentes
1066 1633 1245 1697 anteludi-

97 1746 99 1799 ᾗ
161 1732 193 1792 cis
209 1732 337 1795 tribunal
360 1734 521 1796 adstantes
541 1734 626 1795 inter
645 1752 680 1796 se
702 1735 841 1797 divisas:
866 1754 883 1792 u
906 1734 1014 1796 Audio
1035 1752 1105 1806 eoa,
1127 1733 1243 1813 inquit,

97 1832 98 1887 Ῑ
160 1833 200 1910 qui
215 1828 361 1897 a‘dcxtra
383 1843 472 1910 sunt,
485 1851 582 1914 agnos
597 1835 719 1910 vocari,
737 1834 869 1906 haedos,
889 1832 945 1914 qni
968 1850 985 1893 a
1006 1832 1145 1893 sinistra.
1162 1831 1243 1895 Nam

160 1952 189 1995 er
200 1952 312 1997 norum
326 1936 539 1999 similitudine
553 1945 687 2000 sumunt
701 1934 964 2017 appeliationem.
983 1932 1090 1996 dacto
1105 1934 1175 1995 iilic
1189 1951 1245 1995 eos

161 2034 381 2116 interrogantem
402 2036 545 2118 indicem
567 2046 600 2100 et
621 2038 760 2100 rationes
782 2036 1013 2100 conficientem.
1037 2034 1146 2097 Audio
1165 2033 1244 2114 quid

97 2206 98 2211 ἵ
161 2134 202 2213 ipsi
219 2136 425 2217 respondeant
446 2138 523 2217 regi.
541 2136 687 2219 Denique
706 2156 765 2219 pro
786 2139 854 2200 suis
873 2156 1036 2217 quemque
1059 2134 1180 2198 meritis
1194 2151 1249 2196 or·

97 2288 98 2291 ,
161 2246 245 2299 natum
264 2256 372 2303 cerno.
400 2238 480 2313 iliis,
503 2240 559 2319 qui
580 2239 655 2302 boni
679 2240 870 2320 beniguique
893 2240 1025 2313 luerint,
1048 2248 1146 2317 etque
1166 2237 1249 2315 opti·

97 2358 98 2407 3
162 2341 300 2402 navitam
322 2342 462 2421 egerint.
478 2359 603 2404 summa
625 2349 657 2403 et
679 2350 835 2422 perpetua
858 2342 951 2421 quies
973 2339 1130 2402 tribuitur
1150 2339 1181 2399 in
1196 2356 1248 2400 re-

161 2454 205 2514 sto
221 2441 342 2504 coelesti
354 2460 367 2519 ;
393 2442 573 2504 inhumanis
601 2450 710 2504 autem
733 2448 766 2503 et
787 2441 941 2522 improbis
961 2435 1108 2541 adpropiat
1129 2433 1249 2540 riupd3,

160 2534 201 2606 tui
213 2532 530 2625 ὼτηδιαιωίζουσα
545 2542 739 2622 supplicium
755 2542 835 2622 ignia
853 2549 885 2604 et
907 2540 988 2603 iilnd
1002 2543 1033 2601 in
1049 2548 1245 2621 perpetuum

97 2704 98 2711 p
160 2636 335 2705 duraturum.
355 2640 448 2709 Haec
461 2642 567 2705 omnia
583 2643 754 2723 diiigenter
773 2644 893 2721 scripta
916 2651 1002 2704 sunt.
1027 2662 1044 2698 a
1074 2640 1154 2704 item
1172 2659 1242 2703 coa·

97 2768 99 2879 i

160 2745 197 2797 m
210 2737 383 2817 liturarios,
406 2760 521 2805 eornm
544 2760 682 2822 arguens
709 2743 863 2806 malitiam
895 2753 928 2805 et
956 2743 1139 2816 stultitiam,
1167 2742 1247 2804 tales

160 2844 320 2921 aequiparat
341 2844 543 2907 foeneratori
567 2851 699 2907 ventoso
719 2854 751 2907 et
771 2844 851 2918 levi,
873 2843 913 2905 de
934 2861 1000 2922 quo
1020 2846 1052 2905 in
1070 2841 1248 2922 Evangelio

160 2936 272 3023 legitur;
295 2966 311 3003 s
332 2945 394 3024 qui
417 2946 594 3010 innumeris
617 2946 769 3007 molestiis
791 2946 924 3023 ipsaque
953 2943 1037 3006 lame
1060 2962 1134 3005 cum
1160 2944 1249 3005 labo·

97 3050 99 3123 i

162 3052 249 3118 risset,
266 3045 324 3109 ribi
346 3046 483 3125 quidem
504 3042 636 3114 didam
659 3044 794 3117 redituum
818 3062 954 3125 poenam
976 3051 1140 3108 aeternam
1156 3047 1249 3126 qnasi

161 3140 348 3209 haereditario
360 3146 441 3227 jure
455 3150 668 3229 comparavit.
683 3168 699 3207 a
713 3146 759 3209 De
774 3148 810 3208 iis
827 3148 963 3227 pariter,
976 3148 1031 3226 qui
1048 3144 1248 3226 baptismum

159 3240 330 3319 didercbant,
351 3266 395 3310 ac
415 3248 483 3310 sine
504 3266 542 3309 eo
564 3248 723 3312 defunctis
744 3250 801 3321 ait,
824 3250 943 3311 eisdem
968 3249 1099 3311 vetitam
1119 3249 1249 3309 omnino

97 3362 98 3373 ¹
159 3340 291 3425 salutem,
312 3347 463 3428 nihilque
485 3347 558 3409 boni
579 3365 622 3411 ex
644 3356 732 3411 certa
755 3358 788 3413 et
808 3349 936 3413 delinita
957 3351 1113 3412 sententia
1141 3348 1183 3408 ab
1211 3348 1248 3410 iis

159 3451 295 3521 crpecurt
317 3467 427 3528 posse;
449 3465 489 3509 ac
509 3447 630 3511 lrnstra
652 3448 767 3512 deinde
782 3448 892 3512 dentes
907 3458 940 3512 et
960 3449 1169 3530 poenitentes,
1186 3466 1250 3509 non

160 3558 231 3609 seem
250 3558 346 3630 atque
368 3550 526 3649 divitem,
547 3550 645 3625 dicit,
668 3552 724 3631 qui
739 3550 937 3615 induebatur
959 3568 1106 3631 purpura
1127 3560 1161 3612 et
1180 3550 1254 3634 bys·

159 3658 202 3719 ως
220 3649 362 3730 etenim
385 3649 497 3711 lautus
518 3658 551 3711 et
571 3649 729 3714 delicatus
751 3651 854 3712 omnis
878 3651 1002 3729 generis
1030 3650 1122 3712 cibus
1146 3650 1253 3711 alebat

97 3786 98 3797 κ
160 3736 219 3821 ὕλη)
238 3746 290 3814 riu
310 3744 477 3839 ἀσβέστω
498 3744 596 3848 πυρὸς
619 3751 787 3813 materiam
800 3751 890 3830 'ignis
911 3751 1173 3831 inextinguibilis.
1196 3770 1213 3808 s

221 3846 253 3911 iu
268 3848 366 3915 Libro
381 3853 419 3913 dc
440 3848 558 3915 aalma
577 3861 606 3913 ct
626 3849 884 3927 Resurrectiouc‚
908 3850 946 3913 de
967 3870 1034 3931 qno
1054 3852 1132 3915 aiibi
1157 3853 1256 3913 disse-

162 3948 270 4015 rendum
291 3956 368 4028 erit,
392 3955 490 4031 longo
509 3972 657 4017 sermone
679 3954 867 4034 parabolem
888 3952 924 4014 dc
946 3951 1050 4015 llicite
1064 3955 1255 4033 interpreta-

163 4050 218 4123 tus,
236 4051 415 4115 doctrinam
438 4053 478 4113 de
500 4054 697 4117 beatitudine
726 4062 857 4116 aeterna
887 4070 990 4133 aeque
1009 4054 1124 4134 justis,
1147 4070 1185 4114 ac
1212 4052 1254 4114 de

162 4150 292 4228 supplicio
313 4163 476 4235 perpetuo
498 4158 604 4233 pravis
627 4156 837 4219 retribuendo
858 4154 1041 4229 adstruens,
1065 4151 1250 4233 huiusmodi

97 4264 98 4269 ¹
164 4250 264 4321 prolert
281 4254 459 4317 sententias
481 4254 643 4338 Npsaenus
668 4255 767 4317 veluti
790 4255 889 4319 ceteri
915 4252 1080 4317 Ecclesiae
1096 4250 1253 4314 Doctores

165 4350 323 4416 universim.
348 4352 503 4431 Quocum
525 4364 715 4417 remoretur
738 4372 835 4417 error
849 4354 890 4418 de
910 4355 1104 4417 doemonum
1129 4370 1168 4415 ac
1194 4355 1254 4416 im·

165 4446 267 4521 tiorum
287 4461 359 4531 post
379 4452 572 4516 diuturnum
593 4473 710 4517 aerum
737 4456 971 4518 instauratione
998 4454 1040 4516 ad
1063 4454 1160 4516 vitam
1189 4472 1255 4517 me·

165 4542 267 4613 liuram:
289 4550 330 4617 tlt
350 4551 388 4616 ia
407 4552 456 4617 bis
476 4551 635 4629 omuibus,
654 4556 760 4637 inquit
781 4554 963 4634 Abrabam,
986 4556 1070 4619 iatcr
1089 4573 1144 4617 aas
1157 4564 1185 4618 ct
1198 4574 1253 4617 aas
