3375 5567
1218 686 1259 755 bl

176 798 322 871 susceptus
341 798 403 871 cst,
425 812 488 857 uon
510 802 546 859 ut
566 791 774 857 calumniosis
792 810 831 855 os
849 788 948 871 (quud
972 787 1041 854 dari
1063 808 1126 853 uon
1140 796 1260 872 potest,
1345 862 1352 871 p
1386 876 1390 885 ι

174 893 235 957 licet
246 894 327 959 torta
346 898 446 959 etiam
455 898 519 961 boc
532 897 627 960 iaciat
639 894 740 973 beust
750 893 993 971 clauderemus3
1004 892 1059 955 sed
1073 899 1110 956 ut
1125 892 1261 974 prodoc-

175 996 247 1059 read
264 997 430 1061 scientim
452 1018 563 1063 rorum
580 997 775 1071 solentibus,
798 994 966 1059 materiam
983 994 1225 1073 praeberemus.
1244 1013 1260 1053 s

237 1096 323 1162 llaec
342 1104 388 1161 ait
411 1098 560 1165 Rudinus
580 1102 611 1163 in
626 1100 726 1163 citato
746 1097 901 1178 Prologo;
924 1096 955 1159 iu
971 1095 1077 1161 altero
1100 1114 1189 1172 vero,
1206 1097 1262 1178 qui

174 1198 252 1261 tertio
276 1207 309 1262 et
327 1207 451 1279 quarto
470 1200 556 1263 libro
577 1200 753 1279 praecedit,
775 1199 845 1262 lere
867 1200 943 1261 item
964 1197 1125 1278 loquitur,
1156 1199 1264 1261 dicens

172 1318 200 1363 se
214 1300 367 1379 quaedam
389 1301 422 1363 in
443 1302 492 1365 bis
509 1301 708 1378 emendasse,
738 1300 839 1365 vetuti
861 1301 893 1363 iu
913 1299 1087 1380 praelatis:
1112 1320 1128 1360 a
1150 1319 1190 1364 ne
1210 1318 1261 1377 ea,

169 1418 239 1481 qnae
257 1403 392 1482 reliquis
411 1401 484 1483 ejus
503 1404 680 1480 sententiis,
704 1412 739 1466 et
756 1396 888 1467 nostrae
902 1402 977 1465 fidei
996 1400 1161 1466 contraria
1178 1402 1265 1466 aide·

169 1500 282 1581 bantur,
307 1504 561 1584 iuterpretsrcr3
577 1503 633 1567 sed
656 1504 747 1567 velut
766 1503 886 1567 inserta
907 1521 944 1566 ea
967 1504 1008 1565 ab
1028 1504 1100 1567 aliis
1118 1510 1152 1568 at
1171 1504 1265 1569 adul·

171 1610 257 1667 teratu
268 1608 493 1685 praeterirem.
505 1603 553 1670 lle
566 1606 727 1670 creaturis
748 1622 827 1670 vcro
839 1605 1052 1671 rationalibus
1067 1606 1175 1687 siquid
1188 1606 1265 1671 neti

168 1704 271 1770 dixisse
289 1708 380 1771 visus
399 1712 462 1784 ast,
483 1706 561 1787 quia
580 1724 644 1770 non
664 1707 697 1767 in
717 1705 781 1768 boc
800 1712 850 1769 cst
860 1720 987 1769 summa
1010 1704 1097 1783 littei,
1111 1705 1266 1771 scientiae

169 1807 259 1886 pratia
277 1816 311 1870 et
327 1808 491 1885 exercitii,
505 1826 581 1873 cum
598 1807 685 1872 torte
703 1805 795 1870 nobis
807 1805 982 1869 adversum
1003 1806 1175 1871 nonnullae
1190 1808 1265 1870 bae·

170 1928 244 1972 reses
276 1910 335 1974 tali
365 1911 480 1974 ordine
509 1898 691 1974 necessario
708 1907 975 1989 respondendnm
1001 1918 1075 1985 est,
1106 1926 1210 1989 nequa
1233 1910 1266 1970 in

171 2008 212 2071 bis
223 2009 352 2086 libellis,
365 2030 473 2091 nequa
486 2011 518 2073 in
530 2009 756 2091 superioribus
770 2008 987 2088 praetermisi,
1003 2008 1063 2071 uisi
1073 2009 1165 2090 dqua
1183 2009 1268 2072 torta

98 2137 100 2178 ;
172 2110 228 2189 jans
240 2114 271 2175 iu
289 2114 518 2193 superioribus
532 2114 631 2189 dicta,
646 2120 797 2192 repetere
809 2111 908 2174 etiam
924 2112 955 2171 io
967 2110 1014 2171 bis
1035 2110 1270 2191 posterioribus

98 2239 100 2292 i
173 2212 280 2290 soluit,
301 2214 516 2288 etbrcritntis
535 2213 756 2292 monastique
773 2230 815 2275 es
831 2212 880 2274 bis
896 2229 1044 2275 resecare
1061 2212 1268 2276 commodam

168 2312 246 2376 duri.
261 2314 371 2395 Siquis
392 2322 500 2379 tamen
514 2314 700 2394 prodcioudi
723 2323 758 2377 et
771 2331 836 2377 non
856 2314 1058 2377 obtrectandi
1070 2313 1179 2377 studio
1191 2314 1271 2379 baec

170 2414 255 2495 iepat,
266 2420 390 2480 rectius
403 2417 493 2491 lacit,
503 2420 531 2480 si
541 2419 659 2497 exponi
670 2416 731 2481 sibi
744 2416 854 2479 bacca
869 2414 1077 2494 peritioribus
1092 2416 1242 2479 veiitctc.
1255 2434 1271 2473 s

236 2515 353 2593 Quiris
372 2518 600 2599 interiusquae
618 2518 751 2599 scripsit
771 2515 920 2580 Rudinus
934 2519 966 2579 io
989 2526 1129 2598 utroque
1153 2518 1273 2580 borum

171 2617 320 2683 librorum
351 2618 492 2700 Prologo
520 2618 769 2693 animadvertat,
791 2620 946 2701 primunr,
971 2620 1029 2683 lsos
1051 2636 1127 2683 eum
1148 2618 1274 2683 ditllcil·
1347 2632 1349 2635 ·

169 2718 251 2784 iiuos
270 2730 305 2785 et
325 2722 571 2787 obscurissimos
591 2721 711 2784 dixisse
740 2720 842 2783 libros
865 2721 1037 2800 repererit,
1061 2738 1134 2783 oum
1158 2721 1201 2783 ibi
1223 2736 1276 2782 ar-

169 2832 308 2899 ponente
328 2831 583 2904 pertractentur,
598 2825 631 2886 ln
651 2823 771 2903 quibus
791 2822 975 2903 philosophi
1001 2822 1123 2885 trustra
1148 2822 1276 2885 tabora-

171 2934 254 3003 τηις
274 2942 314 2989 ac
334 2926 408 2987 ideo
428 2928 461 2989 in
481 2925 544 2986 line
562 2925 695 2988 secundi
719 2908 872 3003 protegis
896 2944 913 2982 o
933 2923 1125 2997 absurdunt,
1140 2925 1198 2997 ait,
1221 2939 1271 3000 ea,

169 3042 242 3103 pnes
264 3027 318 3089 sel
336 3026 379 3089 de
400 3025 481 3103 lico,
505 3028 557 3091 nel
577 3026 618 3090 do
638 3026 835 3089 coelestibus
858 3025 1044 3100 virtutibus,
1067 3012 1105 3087 ao
1127 3024 1166 3086 de
1188 3026 1275 3087 omni

172 3126 372 3190 amaenitate
391 3127 565 3204 dicuntur,
593 3128 624 3189 in
645 3128 764 3208 quibus
785 3128 889 3190 omnis
912 3126 961 3189 vel
985 3142 1183 3205 paganorum
1208 3124 1277 3203 pbi-

173 3226 400 3309 losophorum,
423 3230 475 3292 sal
497 3230 737 3293 baereticorum
758 3246 880 3310 prasus
899 3245 999 3290 error
1018 3228 1189 3306 arguitur,
1211 3226 1279 3289 sine

171 3332 315 3409 uapistro
334 3340 369 3393 et
386 3329 600 3411 explanatore
613 3340 731 3410 putare
752 3330 895 3408 aliquem
911 3346 1004 3408 posse
1025 3345 1060 3389 se
1072 3328 1210 3390 discere.
1234 3324 1278 3389 Et

173 3431 209 3493 ita
226 3432 263 3494 ttt
282 3442 321 3495 ut
341 3450 393 3495 rea
415 3432 559 3495 didiciles
573 3442 605 3494 et
624 3433 781 3494 obscuras
796 3431 910 3493 malint
934 3430 1079 3493 bomines
1101 3446 1160 3508 per
1182 3436 1279 3491 teme·

173 3532 288 3595 ritatem
309 3542 344 3596 ct
364 3534 562 3598 inscientiam
583 3534 811 3607 condemnare,
827 3550 925 3612 quam
947 3548 1005 3613 por
1032 3530 1228 3610 diligentiam
1245 3538 1278 3592 ot

174 3632 306 3697 statium
327 3633 497 3697 discere.»
518 3628 609 3697 Unde
629 3635 774 3697 arbitror
787 3633 938 3711 (trigenis
961 3638 1099 3693 mentem
1119 3632 1161 3693 ab
1182 3633 1281 3693 inter·

174 3736 309 3810 protinus
321 3736 366 3795 ita
388 3733 535 3797 ialaatam
556 3754 639 3811 esse,
654 3752 672 3795 a
687 3734 853 3813 nonnullis
875 3732 1005 3813 quidem
1020 3733 1129 3808 inscie,
1152 3731 1193 3793 ab
1207 3732 1278 3794 aliia

174 3842 269 3899 antem
290 3836 367 3899 data
387 3853 500 3915 opera,
523 3841 560 3899 ut
580 3845 628 3898 tot
649 3836 763 3897 deiude
786 3841 939 3913 tantaque
962 3835 993 3894 iu
1015 3831 1158 3896 Ecclesia
1181 3832 1281 3895 oden-

98 3981 99 3984 ,
178 3934 274 3999 ttenta
296 3937 547 4017 excitarentor3
577 3936 666 4015 quod
688 3936 806 4017 partim
829 3934 980 4015 superius
1000 3934 1123 3997 ostendi
1144 3942 1176 3995 et
1198 3934 1280 3994 intra

176 4040 263 4117 napis
284 4038 426 4118 patefiet.

239 4137 404 4211 Secundo,
417 4138 564 4220 ejusdem
588 4137 705 4203 notata
725 4140 885 4201 sinceram
907 4135 1078 4217 perspiciet
1094 4139 1233 4196 mentem
1249 4134 1280 4195 in

179 4236 218 4300 lis
234 4240 432 4322 exponendis
445 4240 550 4316 tibris,
574 4257 650 4305 enm
671 4241 716 4303 ait
736 4240 768 4301 in
789 4239 828 4301 iis
840 4237 1000 4317 quaedam
1020 4234 1208 4299 emendasse
1229 4251 1281 4297 er-

179 4354 262 4403 ronea
289 4343 410 4423 quippe
440 4344 548 4406 alieno
573 4343 700 4407 calamo
724 4351 894 4421 corrupte,
921 4356 958 4401 ea
986 4337 1283 4401 accommodantem

180 4445 283 4507 ceteris
301 4445 384 4509 locis
406 4447 567 4523 (maxime
588 4445 643 4507 ubi
669 4441 881 4506 dcTrioitate
905 4440 1086 4521 agebatur)
1109 4440 1140 4501 io
1166 4438 1285 4517 quibua

182 4540 224 4617 pic
241 4543 362 4611 deboc
382 4549 538 4628 mysterio
558 4545 667 4611 tuem
697 4545 738 4608 ab
759 4564 799 4609 eo
818 4542 998 4608 delinitum.
1023 4541 1107 4606 item
1131 4542 1163 4602 in
1184 4540 1289 4603 altero
