3375 5567
433 788 520 852 tibus
530 788 796 869 etpereuntiltus3
811 788 868 852 scil
886 788 1027 853 evolutis
1048 788 1148 853 semel
1164 784 1282 851 seculis
1301 782 1418 847 nostris
1432 781 1531 845 solata

432 890 599 953 hominnm
620 891 882 954 constitutionem
901 891 1016 972 judicii
1037 908 1134 954 cansa
1157 888 1388 953 laturam...
1407 882 1531 947 Etiamsi

416 1008 511 1075 'caro
531 994 667 1055 nominis
689 994 762 1073 ipae
781 1000 966 1067 evanescat,
988 991 1138 1055 dillusam
1159 992 1261 1055 instar
1281 988 1428 1068 carparis
1443 993 1533 1047 mate·

431 1093 514 1155 riam
528 1094 668 1157 mundus
682 1092 811 1172 excepit
820 1103 855 1157 et
863 1093 1173 1172 quomodocumque
1186 1093 1390 1167 absumatur3
1406 1086 1535 1151 Creator

430 1200 541 1257 autem
565 1191 653 1257 Deus
673 1195 880 1274 conspicuam
910 1194 970 1257 silai
992 1194 1052 1256 soli
1074 1194 1303 1269 substantiam,
1329 1192 1377 1255 ali
1401 1188 1488 1252 volet
1508 1188 1534 1249 iu

431 1295 602 1375 pristinam
623 1302 744 1359 statam
764 1292 1028 1367 damardamm
1052 1298 1209 1359 restituet.
1233 1314 1250 1351 a

510 1392 732 1459 Tertullianus
754 1416 833 1460 aero
855 1416 946 1462 more
967 1398 1128 1477 Origenis,
1151 1396 1271 1475 quippe
1291 1400 1403 1456 contra
1417 1389 1539 1453 eosdem

432 1496 680 1558 resurrectionis
700 1496 809 1560 laostes
830 1498 1004 1573 dimicans,
1028 1514 1144 1559 eornm
1166 1500 1356 1575 argumenta
1378 1492 1419 1554 tle
1442 1488 1539 1554 caruis

430 1605 561 1657 nostrae
575 1598 786 1675 corruptione
808 1600 1010 1679 proindeque
1026 1599 1067 1659 ab
1088 1594 1398 1675 incorruptibilitate
1408 1593 1538 1655 absonae

431 1694 595 1758 refutabat
608 1714 620 1774 ;
644 1699 912 1778 potissimumque
935 1698 1082 1779 Apostoli
1107 1699 1201 1761 dictis
1223 1696 1262 1758 ad
1284 1693 1469 1758 Corinthios
1496 1692 1538 1753 iu·

427 1795 594 1871 sistendo,
615 1798 657 1857 ab
677 1799 796 1864 eisdem
818 1801 989 1864 universae
1011 1801 1116 1863 earnis
1137 1799 1320 1863 revincebat
1341 1794 1539 1859 instauratio·

428 1914 527 1970 uena,
553 1899 718 1978 simulque
739 1902 1023 1965 resurrectionem.
1048 1900 1190 1965 llaxime
1222 1918 1300 1963 vero
1323 1899 1376 1961 lale
1407 1894 1536 1961 notantia

427 2006 516 2074 suat,
529 2016 615 2079 qnae
629 2001 696 2081 ipse
708 2003 837 2083 scripsit
854 2004 897 2065 'ie
912 2004 1119 2067 humanitatis
1141 2011 1271 2067 nostrae
1288 2001 1535 2080 regeneratione,

428 2116 528 2180 quana
549 2102 616 2180 ipae
631 2102 703 2164 aliis
726 2104 893 2165 uocabulis
908 2100 1151 2166 demutationem
1170 2102 1362 2175 nominavit,
1374 2095 1538 2162 restitutia-

426 2216 509 2275 ηοω,
523 2198 834 2282 reaiatepratioaesm
847 2204 1142 2285 recorporationem.
1160 2203 1308 2283 Eamque
1324 2214 1391 2265 tum
1409 2210 1536 2264 naturae
1594 2224 1595 2261 t

429 2310 558 2365 nostrae
571 2306 786 2367 necessariam
800 2309 927 2383 statuit,
946 2316 1015 2369 turn
1029 2304 1118 2369 illius
1133 2324 1267 2386 quoque
1280 2304 1535 2383 significationem
1594 2324 1595 2363 t

430 2403 528 2466 uadit
541 2412 575 2466 ct
598 2402 786 2479 efficaciam,
800 2408 896 2471 sicuti
921 2408 1067 2489 eiusdem
1086 2417 1225 2488 tempus,
1237 2407 1319 2469 idest
1337 2414 1413 2469 anto
1435 2420 1535 2467 resac-
1593 2434 1595 2463 i

429 2506 625 2582 rectionem,
646 2515 702 2583 et,
724 2515 891 2588 tamquam
913 2510 1012 2590 liujus
1034 2526 1186 2585 causam,
1210 2508 1380 2587 praeponit
1385 2528 1398 2588 ;
1423 2508 1534 2587 qnippe

428 2624 492 2669 una
506 2607 726 2689 subsequatur
746 2610 857 2686 aliam,
874 2612 1026 2678 nimirum
1050 2612 1250 2675 resurrectio
1263 2612 1534 2683 instaurationem
1592 2630 1595 2669 ι

425 2711 575 2789 qumvis
595 2709 772 2791 aliquando
786 2711 867 2775 haee
887 2712 953 2777 tao
970 2710 1129 2777 vocabula
1149 2711 1212 2775 sab
1227 2726 1289 2774 uns
1310 2709 1533 2791 significatione
1593 2732 1595 2769 ι

428 2798 585 2891 proterat
601 2810 649 2875 lta
664 2830 805 2892 namque
826 2814 858 2875 in
879 2810 980 2876 Libra
997 2810 1286 2876 DeRaaamatiaae
1304 2809 1419 2876 Geraia
1441 2828 1468 2874 c.
1482 2804 1532 2871 tt.
1595 2838 1596 2849 ο

427 2912 586 2977 rationem
605 2922 640 2977 et
653 2914 800 2977 ordinem
820 2916 1093 2997 explicuitque
1113 2932 1191 2978 caro
1207 2915 1347 2977 humana
1361 2930 1421 2993 per
1433 2926 1533 2975 cesar·
1592 2938 1596 2979 a

429 3014 606 3079 milonem
626 3033 743 3080 auvam
763 3024 959 3096 amequetur
980 3018 1091 3092 vitam,
1113 3026 1152 3079 ut
1166 3016 1198 3079 in
1218 3024 1387 3079 aeternum
1404 3018 1533 3078 maneat.
1592 3040 1596 3081 t

427 3112 472 3178 Et
498 3115 562 3178 laoe
581 3115 660 3195 agit,
682 3116 822 3180 themata
843 3127 974 3198 sumpto
995 3136 1037 3181 er
1052 3114 1213 3183 Geneseas
1236 3116 1363 3180 acrbisa
1384 3114 1536 3197 sociamus
1595 3150 1596 3183 ;

425 3215 580 3280 lamiaeaa
605 3218 649 3280 ad
667 3217 839 3299 imaqiaem
860 3226 890 3280 et
908 3216 1152 3281 similitudimem
1173 3227 1333 3281 nastrum:
1357 3216 1439 3281 «Et
1468 3214 1536 3277 lecit
1593 3248 1596 3283 a

427 3320 590 3382 homiuem
609 3316 709 3395 Deus,
734 3320 765 3381 ia
787 3322 915 3401 utiquc,
936 3320 1024 3401 quoti
1041 3320 1145 3395 linxit,
1169 3321 1207 3383 aa
1225 3320 1395 3399 imaginem
1417 3316 1474 3381 llai
1494 3316 1534 3376 le
1591 3346 1596 3391 t

426 3423 472 3485 cit
491 3421 600 3496 illum,
614 3421 739 3484 scilieet
758 3421 889 3485 Christi.
906 3420 948 3484 Et
967 3438 1076 3485 sermo
1091 3422 1176 3485 enim
1198 3418 1370 3502 tuensqui
1389 3422 1422 3482 in
1439 3416 1534 3495 effigie

427 3520 487 3585 liei
506 3524 726 3601 constitutus,
752 3540 817 3584 non
837 3523 982 3603 rapinam
1015 3524 1213 3586 existimavit
1233 3522 1353 3603 pariari
1385 3520 1465 3585 Deo.
1488 3519 1530 3580 lta
1590 3548 1594 3589 ς

426 3622 525 3685 limus
539 3624 596 3686 ille
606 3623 676 3703 jam
698 3629 774 3685 tunc
787 3623 959 3703 imaginem
974 3623 1110 3687 indueus
1125 3621 1245 3688 Christi
1260 3620 1364 3686 laturi
1379 3624 1411 3684 in
1427 3636 1531 3687 carna»

426 3740 491 3785 non
503 3731 626 3786 tautum
640 3721 697 3786 liei
708 3741 791 3804 opus
801 3732 887 3799 erat,
898 3724 952 3787 sed
964 3734 996 3787 ct
1007 3725 1133 3805 pignus.
1147 3722 1222 3800 Quo
1235 3742 1319 3787 nunc
1336 3722 1427 3795 lacit,
1443 3719 1480 3782 ad
1493 3719 1533 3778 in·
1594 3762 1596 3797 Ι

426 3823 616 3887 taseaoaam
630 3824 916 3904 originemcsrnim
929 3843 1045 3889 nomen
1058 3824 1346 3899 temperantium,
1361 3829 1395 3883 at
1407 3819 1532 3884 sorden-
1590 3858 1596 3899 2

428 3926 479 4000 tis,
492 3933 529 3988 ut
539 3926 677 4006 jaceatis
689 3924 951 3991 elementiicum
967 3928 1026 3990 etsi
1047 3925 1109 3989 alis
1127 3926 1260 3990 materia
1277 3922 1467 3988 excudendo
1482 3920 1533 3981 ho·
1590 3966 1596 3997 „

418 4026 502 4090 *mini
517 4029 733 4107 competisset,
749 4027 883 4091 artiiicis
905 4028 1067 4108 fastigium
1087 4030 1261 4109 recapitari
1276 4031 1458 4106 oporteret,
1479 4021 1531 4101 qui
1591 4070 1596 4103 ξ

425 4128 516 4192 illam
525 4138 558 4193 et
572 4128 719 4209 eligendo
730 4128 1051 4209 dignamjadicasset,
1063 4136 1097 4190 et
1107 4127 1276 4192 tractando
1288 4126 1462 4190 lecisset...
1476 4118 1530 4184 Sei
1592 4171 1596 4207 ,

419 4229 533 4295 adhuc
549 4231 645 4293 aelim
655 4228 770 4304 discas,
785 4230 919 4311 quando
929 4238 961 4293 et
972 4230 1136 4311 quomodo
1148 4248 1225 4294 caro
1236 4228 1385 4291 llorucrit
1395 4246 1437 4289 cx
1447 4226 1528 4287 iimo.
1592 4281 1595 4290 .

421 4331 541 4412 neque
551 4332 649 4406 enim,
662 4338 699 4394 ut
709 4330 840 4411 qnidam
855 4331 979 4407 salunt,
992 4332 1069 4395 illae
1080 4332 1235 4413 pelliceae
1247 4332 1386 4402 tunicae,
1401 4344 1481 4407 quas
1493 4324 1530 4385 Α·
1594 4380 1596 4411 ,

424 4433 499 4495 dam
509 4432 620 4497 eilias
641 4432 828 4513 paradisum
841 4436 935 4497 crati
954 4432 1243 4515 induerunt,ipsae
1256 4439 1354 4495 erunt
1373 4430 1478 4493 carnis
1492 4442 1528 4487 ea
1593 4484 1596 4513 Ι

423 4535 504 4599 limo
516 4534 719 4615 “tamasim
740 4552 843 4616 quum
859 4520 1027 4615 aliquanta
1045 4536 1136 4617 prins
1153 4544 1186 4601 et
1207 4534 1324 4612 auam,
1337 4530 1528 4598 substantiae
1594 4592 1596 4611 Ι
