3375 5567
442 807 591 887 inimicus
611 825 674 874 non
693 808 748 885 sit,
766 816 801 873 et
821 827 919 877 mors.
942 808 1030 880 Nibil
1050 814 1263 895 omnipotenti
1284 807 1477 896 impossibile
1489 823 1543 889 est,

441 926 500 970 neo
521 909 695 971 insanabile
713 918 763 973 est
783 910 907 991 aliquid
930 912 1045 977 laciori
1065 934 1153 979 suns
1178 924 1350 995 propterea
1372 918 1456 981 enim
1477 916 1543 979 iecit

439 1008 546 1070 omnia
569 1016 736 1085 niessent,
751 1016 785 1071 ei
805 1027 891 1090 quae
906 1011 990 1077 iacta
1010 1022 1099 1090 snut,
1122 1024 1157 1079 ni
1172 1024 1301 1093 esseut,
1325 1034 1386 1079 non
1407 1034 1475 1079 esse
1488 1034 1543 1077 non

445 1116 587 1187 possunt.

518 1208 690 1290 «Propter
708 1212 796 1292 quud
817 1215 1029 1279 mutationem
1045 1217 1176 1296 quidem
1194 1218 1450 1295 varietatemque
1473 1215 1545 1277 reci·

440 1312 544 1388 pinni,
568 1312 665 1378 itaut
685 1332 746 1393 pro
762 1317 885 1379 meritis
901 1318 954 1379 rel
976 1318 1007 1379 in
1026 1318 1152 1381 inelinri
1170 1320 1220 1380 rel
1240 1322 1271 1381 in
1292 1318 1447 1381 deteriori
1467 1324 1545 1378 stain

443 1410 624 1474 babeaotur
633 1432 646 1491 3
666 1413 913 1477 substantialem
930 1434 1008 1479 vero
1030 1418 1196 1480 interitum
1218 1434 1268 1492 ea,
1285 1434 1371 1497 quae
1391 1434 1408 1477 a
1426 1414 1491 1478 Deo
1510 1414 1545 1475 ad

443 1511 504 1573 boc
518 1511 603 1575 iacta
617 1522 694 1577 suot
709 1528 745 1577 ut
758 1524 865 1579 esseni
878 1525 911 1580 ei
925 1528 1165 1597 permanerent,
1176 1519 1322 1598 recipere
1333 1536 1395 1579 non
1409 1523 1544 1595 pomum.

443 1609 516 1675 Non
536 1615 634 1689 enirn,
648 1619 898 1697 quaeopininoe
922 1619 1010 1697 vulpi
1032 1619 1164 1681 interire
1186 1620 1378 1693 creduntur,
1401 1620 1547 1683 continuo

442 1715 539 1775 etiam
556 1716 607 1777 rel
619 1715 692 1781 bdei
710 1719 918 1782 teineritatis
934 1720 1069 1782 retines
1092 1721 1224 1783 interire
1237 1721 1446 1785 consenserit.
1463 1717 1549 1781 Deni-

442 1834 508 1895 que
526 1834 604 1878 caro
626 1827 734 1879 nostra
757 1819 798 1879 ab
820 1820 976 1899 imperitis
998 1828 1032 1883 et
1055 1820 1237 1885 infidelibus
1258 1822 1301 1884 iia
1324 1829 1396 1901 posi
1418 1829 1547 1883 mortem

444 1917 592 1997 deperire
612 1921 836 1993 existimatur,
861 1930 896 1985 ul
918 1922 997 1983 nibil
1019 1940 1154 2001 prorsus
1177 1924 1340 2003 reliquum
1360 1922 1550 1987 substantiae

428 2013 521 2081 'auae
535 2020 656 2083 babere
668 2023 833 2086 credatur.
854 2020 921 2085 Nos
938 2042 1029 2094 vero,
1045 2026 1101 2103 qui
1118 2026 1389 2087 resurrectionem
1405 2025 1476 2105 ejus
1491 2040 1552 2087 cre·

444 2121 562 2194 dimus,
589 2123 845 2187 immutationem
866 2124 937 2204 ejus
956 2126 1178 2188 tantummodo
1201 2143 1258 2204 per
1281 2134 1419 2187 mortem
1442 2126 1548 2187 iactam

445 2221 667 2299 intelligimus,
682 2224 895 2287 substantiam
914 2244 992 2287 vero
1009 2226 1080 2307 ejus
1096 2236 1221 2289 certum
1240 2236 1288 2289 est
1310 2244 1510 2306 permanere,
1522 2230 1551 2286 ei

446 2322 614 2386 rolnniale
628 2327 786 2386 creatoris
802 2327 866 2398 sui,
883 2336 1040 2407 certoque
1057 2337 1202 2409 tempore
1223 2344 1337 2391 rursus
1353 2330 1497 2407 reparari
1517 2324 1551 2386 ad

446 2424 544 2486 ritam
555 2443 567 2502 3
588 2432 688 2503 etque
709 2424 828 2487 iterum
843 2430 1115 2505 permutationem
1137 2428 1208 2509 eius
1227 2428 1310 2503 lieri,
1333 2435 1371 2489 ut
1387 2444 1474 2507 qnae
1494 2426 1551 2506 pri·

445 2540 535 2587 mum
547 2523 610 2587 inii
620 2542 699 2588 caro
708 2542 752 2589 ex
764 2532 852 2589 terra
868 2534 1009 2603 terrena,
1024 2536 1092 2591 turn
1105 2527 1219 2591 deinde
1233 2527 1388 2591 dissoluta
1402 2544 1461 2611 per
1474 2542 1551 2587 mor·

444 2634 522 2699 tem,
542 2633 576 2688 et
597 2626 715 2689 iterum
738 2625 822 2690 iacta
836 2627 914 2693 cinis
928 2646 967 2692 ac
984 2636 1083 2702 terra,
1098 2626 1252 2708 qnoniam
1264 2636 1350 2691 terro
1369 2646 1418 2705 aa,
1438 2628 1550 2708 inquit,

442 2722 527 2789 stin
547 2734 666 2789 mom
685 2725 768 2803 ibis,
794 2746 911 2791 sumus
939 2732 1155 2793 resuscitetur
1175 2748 1194 2792 e
1216 2737 1302 2811 terra
1314 2748 1326 2808 3
1350 2738 1384 2791 et
1405 2728 1551 2809 posthoc

443 2836 544 2908 prout
555 2827 623 2907 iem
639 2828 790 2893 meritum
805 2830 1011 2895 inhabitantis
1025 2832 1150 2893 animae
1165 2830 1361 2910 poposcerit,
1374 2830 1407 2893 in
1421 2830 1551 2911 glomum

444 2930 591 3007 corporis
612 2929 762 3008 proficiat
778 2930 944 3010 spiritalis.
973 2954 975 2959 ·

523 3050 540 3091 s
558 3030 593 3094 ln
608 3032 694 3094 bnnc
710 3049 789 3110 erpo
809 3040 930 3096 statum
951 3050 1078 3095 omnem
1094 3030 1175 3095 banc
1190 3038 1333 3094 noslram
1345 3030 1550 3094 substantiam

443 3132 648 3212 corporalem
664 3131 843 3211 putandum
866 3142 914 3195 est
929 3131 1181 3211 perducendam,
1201 3140 1277 3195 inne
1296 3149 1373 3195 eum
1388 3133 1494 3195 omnia
1508 3146 1552 3191 re·

442 3233 631 3309 elimentur,
655 3242 690 3297 ni
713 3252 814 3297 unum
835 3234 915 3309 siut,
932 3242 965 3297 et
978 3252 1054 3297 cnm
1071 3231 1155 3297 Deus
1167 3233 1267 3315 [nerii
1287 3231 1394 3296 omnic
1407 3232 1445 3297 ιιι
1458 3229 1552 3293 nmai-

444 3333 512 3397 lus.
528 3330 624 3409 Quod
639 3329 747 3397 ιιιιιιοιι
770 3352 832 3396 non
859 3333 899 3396 ad
923 3335 1067 3399 subitum
1083 3334 1169 3408 beri,
1192 3334 1246 3397 sed
1274 3334 1431 3413 paulatim
1450 3342 1482 3396 ei
1502 3347 1554 3411 per

444 3442 553 3515 parim
573 3436 818 3515 intelligendum
835 3436 1051 3511 est,›inbnitis
1072 3446 1105 3499 et
1126 3438 1286 3500 immensis
1307 3436 1491 3498 labentibus
1510 3451 1554 3495 ae·

445 3535 540 3609 culis,
555 3552 632 3596 cum
651 3537 767 3599 sensim
782 3546 815 3599 ei
835 3555 896 3616 pcr
914 3537 1058 3617 singulos
1073 3537 1254 3599 emendatio
1277 3535 1376 3598 luerit
1396 3543 1430 3599 ei
1451 3552 1550 3599 corre·

444 3636 507 3697 clio
529 3644 724 3713 prosecuta,
756 3638 1045 3716 praecurrentibus
1069 3637 1196 3699 eliisei
1219 3636 1374 3697 velociori
1396 3651 1497 3699 cursu
1516 3632 1552 3696 ad

443 3752 570 3797 summa
593 3736 817 3815 tendentibns3
839 3737 911 3800 aliis
929 3756 1007 3801 rero
1029 3740 1180 3817 proximo
1200 3752 1334 3815 quoque
1354 3738 1460 3816 spatio
1479 3736 1554 3797 inse·

442 3836 629 3915 quentibus,
653 3845 721 3899 tnm
737 3837 851 3899 deiude
873 3838 944 3899 aliis
962 3839 1057 3917 longe
1078 3838 1239 3918 posterius
1247 3856 1259 3915 3
1275 3844 1308 3897 et
1328 3836 1374 3899 sic
1395 3852 1455 3915 per
1477 3834 1555 3897 mni·

445 3944 494 3999 ios
515 3943 547 3999 ei
568 3937 756 4000 innumeros
775 3938 904 4001 ordines
925 3940 1178 4019 proficientium,
1197 3955 1236 4001 ac
1258 3934 1325 3999 Deo
1345 3953 1379 3999 ae
1394 3955 1436 3998 ex
1458 3935 1555 3999 inimi·

444 4036 489 4100 eis
510 4037 806 4114 reconciliandum,
829 4041 1020 4119 pervenitur
1040 4057 1144 4119 usque
1165 4039 1205 4100 ad
1227 4035 1436 4101 novissimum
1459 4038 1556 4099 inimi·

444 4154 540 4211 enm,
561 4139 619 4218 qui
640 4139 761 4203 dicitur
781 4156 892 4215 mors,
916 4149 952 4202 ut
971 4142 1068 4204 etiam
1090 4142 1157 4220 ipse
1179 4142 1388 4219 destruatur,
1411 4160 1450 4205 ne
1472 4139 1555 4202 ultra

443 4240 485 4301 ait
505 4239 663 4302 inimicus.
685 4239 768 4305 Cum
788 4254 868 4319 ergo
889 4243 1059 4304 restitutae
1081 4240 1202 4304 luerim
1223 4244 1333 4307 ornnes
1354 4238 1555 4306 rationabiles

444 4341 570 4404 animae
585 4342 616 4403 in
638 4340 863 4422 hujuscemodi
879 4350 1013 4415 statum,
1038 4351 1114 4405 tune
1127 4350 1243 4405 natura
1260 4346 1356 4406 etiarn
1373 4342 1472 4423 bujua
1486 4356 1553 4403 ccr-

444 4442 531 4519 pnria
551 4441 654 4503 nosin‘
673 4444 704 4503 ιιι
723 4441 880 4520 spiritalis
901 4444 1049 4522 corporis
1070 4442 1206 4521 gloriam
1229 4445 1439 4524 perducetur.
1466 4440 1553 4505 Sicut

443 4541 528 4604 enim
546 4543 589 4606 de
604 4543 850 4607 rationabilibus
870 4544 995 4607 naturis
1013 4543 1249 4621 aldemannum
1269 4546 1351 4609 alias
1374 4560 1456 4620 ease,
1472 4554 1553 4621 quae
