<?xml version="1.0" encoding="UTF-8"?>
<!DOCTYPE html PUBLIC "-//W3C//DTD XHTML 1.0 Transitional//EN"
    "http://www.w3.org/TR/xhtml1/DTD/xhtml1-transitional.dtd">
<html xmlns="http://www.w3.org/1999/xhtml" xml:lang="en" lang="en">
 <head>
  <title>
</title>
<meta http-equiv="Content-Type" content="text/html;charset=utf-8" />
  <meta name='ocr-system' content='tesseract 3.04.00' />
  <meta name='ocr-capabilities' content='ocr_page ocr_carea ocr_par ocr_line ocrx_word'/>
</head>
<body>
  <div class='ocr_page' id='page_1' title='image "./insgregoriinyss02vincgoog/insgregoriinyss02vincgoog_0535.png"; bbox 0 0 3375 5567; ppageno 0'>
   <div class='ocr_carea' id='block_1_1' title="bbox 146 782 1261 4609">
    <p class='ocr_par' dir='ltr' id='par_1_1' title="bbox 150 782 1261 4307">
     <span class='ocr_line' id='line_1_1' title="bbox 235 782 1261 869; baseline 0.005 -20"><span class='ocrx_word' id='word_1_1' title='bbox 235 782 437 869; x_wconf 69' lang='lat' dir='ltr'>Quapropter</span> <span class='ocrx_word' id='word_1_2' title='bbox 454 785 611 868; x_wconf 72' lang='lat' dir='ltr'>Oripcnss</span> <span class='ocrx_word' id='word_1_3' title='bbox 629 791 734 854; x_wconf 88' lang='lat' dir='ltr'>sciens</span> <span class='ocrx_word' id='word_1_4' title='bbox 752 807 788 852; x_wconf 89' lang='lat' dir='ltr'>ae</span> <span class='ocrx_word' id='word_1_5' title='bbox 811 787 853 852; x_wconf 91' lang='lat' dir='ltr'>ab</span> <span class='ocrx_word' id='word_1_6' title='bbox 874 791 935 853; x_wconf 90' lang='lat' dir='ltr'>bac</span> <span class='ocrx_word' id='word_1_7' title='bbox 955 788 1053 854; x_wconf 88' lang='lat' dir='ltr'>luisse</span> <span class='ocrx_word' id='word_1_8' title='bbox 1072 789 1261 856; x_wconf 73' lang='lat' dir='ltr'>necessitate</span> 
     </span>
     <span class='ocr_line' id='line_1_2' title="bbox 169 889 1258 974; baseline 0.004 -24"><span class='ocrx_word' id='word_1_9' title='bbox 169 889 337 954; x_wconf 69' lang='lat' dir='ltr'>sisinctum</span> <span class='ocrx_word' id='word_1_10' title='bbox 358 893 390 953; x_wconf 91' lang='lat' dir='ltr'>in</span> <span class='ocrx_word' id='word_1_11' title='bbox 414 891 601 974; x_wconf 82' lang='lat' dir='ltr'>hujusmodi</span> <span class='ocrx_word' id='word_1_12' title='bbox 622 892 830 969; x_wconf 85' lang='lat' dir='ltr'>tractatibus,</span> <span class='ocrx_word' id='word_1_13' title='bbox 854 893 936 955; x_wconf 85' lang='lat' dir='ltr'>bane</span> <span class='ocrx_word' id='word_1_14' title='bbox 956 894 987 955; x_wconf 89' lang='lat' dir='ltr'>in</span> <span class='ocrx_word' id='word_1_15' title='bbox 1009 893 1071 955; x_wconf 86' lang='lat' dir='ltr'>line</span> <span class='ocrx_word' id='word_1_16' title='bbox 1092 891 1180 956; x_wconf 82' lang='lat' dir='ltr'>Libri</span> <span class='ocrx_word' id='word_1_17' title='bbox 1204 891 1258 955; x_wconf 88' lang='lat' dir='ltr'>lV.</span> 
     </span>
     <span class='ocr_line' id='line_1_3' title="bbox 169 989 1260 1075; baseline 0.003 -23"><span class='ocrx_word' id='word_1_18' title='bbox 169 989 343 1055; x_wconf 71' lang='lat' dir='ltr'>Perimelen</span> <span class='ocrx_word' id='word_1_19' title='bbox 361 1011 393 1054; x_wconf 86' lang='lat' dir='ltr'>n.</span> <span class='ocrx_word' id='word_1_20' title='bbox 412 991 463 1058; x_wconf 78' lang='lat' dir='ltr'>m.</span> <span class='ocrx_word' id='word_1_21' title='bbox 481 992 592 1075; x_wconf 85' lang='lat' dir='ltr'>¹eusisit</span> <span class='ocrx_word' id='word_1_22' title='bbox 611 992 862 1057; x_wconf 71' lang='lat' dir='ltr'><strong>declarationem</strong></span> <span class='ocrx_word' id='word_1_23' title='bbox 873 1013 885 1074; x_wconf 81' lang='lat'>3</span> <span class='ocrx_word' id='word_1_24' title='bbox 909 994 1077 1058; x_wconf 86' lang='lat' dir='ltr'>osteudens</span> <span class='ocrx_word' id='word_1_25' title='bbox 1103 995 1176 1057; x_wconf 79' lang='lat' dir='ltr'>luco</span> <span class='ocrx_word' id='word_1_26' title='bbox 1197 1011 1260 1056; x_wconf 90' lang='lat' dir='ltr'>non</span> 
     </span>
     <span class='ocr_line' id='line_1_4' title="bbox 166 1092 1260 1178; baseline 0.007 -26"><span class='ocrx_word' id='word_1_27' title='bbox 166 1101 271 1155; x_wconf 84' lang='lat' dir='ltr'>uotum</span> <span class='ocrx_word' id='word_1_28' title='bbox 292 1093 468 1159; x_wconf 78' lang='lat' dir='ltr'>verborum</span> <span class='ocrx_word' id='word_1_29' title='bbox 498 1112 595 1158; x_wconf 88' lang='lat' dir='ltr'>usum</span> <span class='ocrx_word' id='word_1_30' title='bbox 616 1092 845 1158; x_wconf 76' lang='lat' dir='ltr'>silandensium</span> <span class='ocrx_word' id='word_1_31' title='bbox 870 1113 939 1159; x_wconf 88' lang='lat' dir='ltr'>esse</span> <span class='ocrx_word' id='word_1_32' title='bbox 960 1095 992 1158; x_wconf 92' lang='lat' dir='ltr'>in</span> <span class='ocrx_word' id='word_1_33' title='bbox 1014 1095 1113 1176; x_wconf 82' lang='lat' dir='ltr'>hujus</span> <span class='ocrx_word' id='word_1_34' title='bbox 1134 1097 1260 1178; x_wconf 73' lang='lat' dir='ltr'>generis</span> 
     </span>
     <span class='ocr_line' id='line_1_5' title="bbox 165 1196 1259 1278; baseline 0.004 -21"><span class='ocrx_word' id='word_1_35' title='bbox 165 1196 410 1274; x_wconf 75' lang='lat' dir='ltr'>quamtiooibus,</span> <span class='ocrx_word' id='word_1_36' title='bbox 431 1204 591 1276; x_wconf 83' lang='lat' dir='ltr'>quantum</span> <span class='ocrx_word' id='word_1_37' title='bbox 622 1197 726 1260; x_wconf 90' lang='lat' dir='ltr'>resin</span> <span class='ocrx_word' id='word_1_38' title='bbox 755 1197 831 1276; x_wconf 86' lang='lat' dir='ltr'>ipsis</span> <span class='ocrx_word' id='word_1_39' title='bbox 853 1196 959 1261; x_wconf 81' lang='lat' dir='ltr'>serbis</span> <span class='ocrx_word' id='word_1_40' title='bbox 984 1197 1199 1278; x_wconf 51' lang='lat' dir='ltr'>significatam</span> <span class='ocrx_word' id='word_1_41' title='bbox 1221 1215 1259 1261; x_wconf 89' lang='lat' dir='ltr'>ac</span> 
     </span>
     <span class='ocr_line' id='line_1_6' title="bbox 164 1295 1259 1377; baseline 0.003 -18"><span class='ocrx_word' id='word_1_42' title='bbox 164 1314 215 1359; x_wconf 86' lang='grc' dir='ltr'>ιιι</span> <span class='ocrx_word' id='word_1_43' title='bbox 233 1297 449 1377; x_wconf 74' lang='lat' dir='ltr'>inpotentiam</span> <span class='ocrx_word' id='word_1_44' title='bbox 477 1295 646 1377; x_wconf 75' lang='lat' dir='ltr'>designans</span> <span class='ocrx_word' id='word_1_45' title='bbox 667 1305 733 1360; x_wconf 89' lang='lat' dir='ltr'>tam</span> <span class='ocrx_word' id='word_1_46' title='bbox 753 1299 904 1363; x_wconf 90' lang='lat' dir='ltr'>sublimia</span> <span class='ocrx_word' id='word_1_47' title='bbox 926 1317 1076 1364; x_wconf 85' lang='lat' dir='ltr'>sermone</span> <span class='ocrx_word' id='word_1_48' title='bbox 1106 1317 1259 1363; x_wconf 87' lang='lat' dir='ltr'>enarran-</span> 
     </span>
     <span class='ocr_line' id='line_1_7' title="bbox 163 1398 1257 1483; baseline 0.009 -27"><span class='ocrx_word' id='word_1_49' title='bbox 163 1398 197 1458; x_wconf 87' lang='lat' dir='ltr'>ii.</span> <span class='ocrx_word' id='word_1_50' title='bbox 216 1399 266 1461; x_wconf 80' lang='lat' dir='ltr'>su</span> <span class='ocrx_word' id='word_1_51' title='bbox 284 1399 393 1463; x_wconf 87' lang='lat' dir='ltr'>enim:</span> <span class='ocrx_word' id='word_1_52' title='bbox 416 1419 435 1458; x_wconf 78' lang='lat' dir='ltr'>s</span> <span class='ocrx_word' id='word_1_53' title='bbox 456 1398 569 1462; x_wconf 84' lang='lat' dir='ltr'>Omnis</span> <span class='ocrx_word' id='word_1_54' title='bbox 588 1415 682 1478; x_wconf 78' lang='lat' dir='ltr'>ergo,</span> <span class='ocrx_word' id='word_1_55' title='bbox 704 1401 757 1463; x_wconf 90' lang='lat' dir='ltr'>cui</span> <span class='ocrx_word' id='word_1_56' title='bbox 782 1401 926 1463; x_wconf 77' lang='lat' dir='ltr'>veritatis</span> <span class='ocrx_word' id='word_1_57' title='bbox 948 1419 1027 1465; x_wconf 88' lang='lat' dir='ltr'>cura</span> <span class='ocrx_word' id='word_1_58' title='bbox 1049 1411 1119 1478; x_wconf 89' lang='lat' dir='ltr'>est,</span> <span class='ocrx_word' id='word_1_59' title='bbox 1142 1418 1257 1483; x_wconf 87' lang='lat' dir='ltr'>parum</span> 
     </span>
     <span class='ocr_line' id='line_1_8' title="bbox 162 1499 1260 1584; baseline 0.007 -26"><span class='ocrx_word' id='word_1_60' title='bbox 162 1499 194 1560; x_wconf 87' lang='lat' dir='ltr'>le</span> <span class='ocrx_word' id='word_1_61' title='bbox 211 1501 389 1563; x_wconf 86' lang='lat' dir='ltr'>nominibus</span> <span class='ocrx_word' id='word_1_62' title='bbox 409 1507 443 1563; x_wconf 90' lang='lat' dir='ltr'>et</span> <span class='ocrx_word' id='word_1_63' title='bbox 461 1501 666 1564; x_wconf 70' lang='lat' dir='ltr'>sermonibus</span> <span class='ocrx_word' id='word_1_64' title='bbox 686 1508 793 1579; x_wconf 90' lang='lat' dir='ltr'>curet,</span> <span class='ocrx_word' id='word_1_65' title='bbox 815 1502 891 1583; x_wconf 81' lang='lat' dir='ltr'>quia</span> <span class='ocrx_word' id='word_1_66' title='bbox 909 1521 968 1583; x_wconf 89' lang='lat' dir='ltr'>per</span> <span class='ocrx_word' id='word_1_67' title='bbox 987 1503 1130 1584; x_wconf 81' lang='lat' dir='ltr'>singulas</span> <span class='ocrx_word' id='word_1_68' title='bbox 1151 1509 1260 1584; x_wconf 78' lang='lat' dir='ltr'>peotes</span> 
     </span>
     <span class='ocr_line' id='line_1_9' title="bbox 161 1599 1258 1684; baseline 0.007 -26"><span class='ocrx_word' id='word_1_69' title='bbox 161 1600 291 1666; x_wconf 85' lang='lat' dir='ltr'>lirersae</span> <span class='ocrx_word' id='word_1_70' title='bbox 321 1599 498 1665; x_wconf 78' lang='lat' dir='ltr'>verborum</span> <span class='ocrx_word' id='word_1_71' title='bbox 520 1602 770 1666; x_wconf 85' lang='lat' dir='ltr'>consuetudines</span> <span class='ocrx_word' id='word_1_72' title='bbox 797 1603 986 1668; x_wconf 82' lang='lat' dir='ltr'>habentur:</span> <span class='ocrx_word' id='word_1_73' title='bbox 1009 1611 1042 1667; x_wconf 91' lang='lat' dir='ltr'>et</span> <span class='ocrx_word' id='word_1_74' title='bbox 1064 1605 1125 1667; x_wconf 87' lang='lat' dir='ltr'>boc</span> <span class='ocrx_word' id='word_1_75' title='bbox 1158 1606 1258 1684; x_wconf 76' lang='lat' dir='ltr'>mugio</span> 
     </span>
     <span class='ocr_line' id='line_1_10' title="bbox 160 1692 1257 1785; baseline 0.005 -22"><span class='ocrx_word' id='word_1_76' title='bbox 160 1703 233 1780; x_wconf 76' lang='lat' dir='ltr'>quos</span> <span class='ocrx_word' id='word_1_77' title='bbox 252 1703 475 1784; x_wconf 72' lang='lat' dir='ltr'>significalnr,</span> <span class='ocrx_word' id='word_1_78' title='bbox 497 1692 595 1783; x_wconf 82' lang='lat' dir='ltr'>qnam</span> <span class='ocrx_word' id='word_1_79' title='bbox 618 1703 770 1783; x_wconf 81' lang='lat' dir='ltr'>qualibus</span> <span class='ocrx_word' id='word_1_80' title='bbox 790 1706 899 1767; x_wconf 79' lang='lat' dir='ltr'>verbis</span> <span class='ocrx_word' id='word_1_81' title='bbox 919 1705 1131 1785; x_wconf 72' lang='lat' dir='ltr'>significetur,</span> <span class='ocrx_word' id='word_1_82' title='bbox 1155 1707 1257 1770; x_wconf 89' lang='lat' dir='ltr'>inten-</span> 
     </span>
     <span class='ocr_line' id='line_1_11' title="bbox 160 1801 1259 1886; baseline 0.007 -24"><span class='ocrx_word' id='word_1_83' title='bbox 160 1804 225 1884; x_wconf 78' lang='lat' dir='ltr'>iat5</span> <span class='ocrx_word' id='word_1_84' title='bbox 247 1807 421 1885; x_wconf 73' lang='lat' dir='ltr'>praecipue</span> <span class='ocrx_word' id='word_1_85' title='bbox 442 1806 474 1868; x_wconf 94' lang='lat' dir='ltr'>io</span> <span class='ocrx_word' id='word_1_86' title='bbox 496 1814 560 1868; x_wconf 89' lang='lat' dir='ltr'>tam</span> <span class='ocrx_word' id='word_1_87' title='bbox 582 1807 705 1886; x_wconf 73' lang='lat' dir='ltr'>magnis</span> <span class='ocrx_word' id='word_1_88' title='bbox 731 1813 765 1868; x_wconf 87' lang='lat' dir='ltr'>el</span> <span class='ocrx_word' id='word_1_89' title='bbox 787 1801 851 1868; x_wconf 89' lang='lat' dir='ltr'>iam</span> <span class='ocrx_word' id='word_1_90' title='bbox 873 1805 1055 1870; x_wconf 82' lang='lat' dir='ltr'>difficilibus</span> <span class='ocrx_word' id='word_1_91' title='bbox 1078 1807 1187 1870; x_wconf 89' lang='lat' dir='ltr'>rebus.</span> <span class='ocrx_word' id='word_1_92' title='bbox 1211 1805 1259 1870; x_wconf 91' lang='lat' dir='ltr'>Si·</span> 
     </span>
     <span class='ocr_line' id='line_1_12' title="bbox 159 1907 1256 1988; baseline 0.008 -24"><span class='ocrx_word' id='word_1_93' title='bbox 159 1915 203 1967; x_wconf 87' lang='lat' dir='ltr'>cut</span> <span class='ocrx_word' id='word_1_94' title='bbox 221 1927 293 1971; x_wconf 90' lang='lat' dir='ltr'>cnm</span> <span class='ocrx_word' id='word_1_95' title='bbox 314 1910 499 1988; x_wconf 80' lang='lat' dir='ltr'>quaeritur,</span> <span class='ocrx_word' id='word_1_96' title='bbox 522 1908 664 1987; x_wconf 82' lang='lat' dir='ltr'>exempli</span> <span class='ocrx_word' id='word_1_97' title='bbox 685 1925 795 1984; x_wconf 89' lang='lat' dir='ltr'>causa,</span> <span class='ocrx_word' id='word_1_98' title='bbox 819 1910 846 1969; x_wconf 90' lang='lat' dir='ltr'>ai</span> <span class='ocrx_word' id='word_1_99' title='bbox 868 1910 910 1972; x_wconf 88' lang='lat' dir='ltr'>sit</span> <span class='ocrx_word' id='word_1_100' title='bbox 930 1907 1038 1988; x_wconf 83' lang='lat' dir='ltr'>aliqua</span> <span class='ocrx_word' id='word_1_101' title='bbox 1064 1908 1256 1984; x_wconf 71' lang='lat' dir='ltr'>substantie,</span> 
     </span>
     <span class='ocr_line' id='line_1_13' title="bbox 159 2007 1257 2091; baseline 0.004 -24"><span class='ocrx_word' id='word_1_102' title='bbox 159 2007 252 2085; x_wconf 84' lang='lat' dir='ltr'>inqua</span> <span class='ocrx_word' id='word_1_103' title='bbox 273 2025 381 2088; x_wconf 81' lang='lat' dir='ltr'>oeque</span> <span class='ocrx_word' id='word_1_104' title='bbox 395 2007 500 2082; x_wconf 89' lang='lat' dir='ltr'>color,</span> <span class='ocrx_word' id='word_1_105' title='bbox 521 2025 629 2088; x_wconf 83' lang='lat' dir='ltr'>neque</span> <span class='ocrx_word' id='word_1_106' title='bbox 645 2007 786 2081; x_wconf 87' lang='lat' dir='ltr'>babitus,</span> <span class='ocrx_word' id='word_1_107' title='bbox 809 2025 914 2088; x_wconf 85' lang='lat' dir='ltr'>neque</span> <span class='ocrx_word' id='word_1_108' title='bbox 931 2013 1048 2083; x_wconf 89' lang='lat' dir='ltr'>lactus,</span> <span class='ocrx_word' id='word_1_109' title='bbox 1071 2027 1176 2091; x_wconf 84' lang='lat' dir='ltr'>neque</span> <span class='ocrx_word' id='word_1_110' title='bbox 1190 2028 1257 2073; x_wconf 88' lang='lat' dir='ltr'>ma·</span> 
     </span>
     <span class='ocr_line' id='line_1_14' title="bbox 159 2108 1258 2190; baseline 0.008 -24"><span class='ocrx_word' id='word_1_111' title='bbox 159 2109 275 2185; x_wconf 71' lang='lat' dir='ltr'>poileio</span> <span class='ocrx_word' id='word_1_112' title='bbox 289 2108 499 2188; x_wconf 76' lang='lat' dir='ltr'>intelligentia</span> <span class='ocrx_word' id='word_1_113' title='bbox 513 2111 567 2183; x_wconf 91' lang='lat' dir='ltr'>ait,</span> <span class='ocrx_word' id='word_1_114' title='bbox 579 2117 684 2171; x_wconf 87' lang='lat' dir='ltr'>mente</span> <span class='ocrx_word' id='word_1_115' title='bbox 698 2109 766 2172; x_wconf 89' lang='lat' dir='ltr'>sola</span> <span class='ocrx_word' id='word_1_116' title='bbox 782 2108 1017 2188; x_wconf 87' lang='lat' dir='ltr'>conspicabilis,</span> <span class='ocrx_word' id='word_1_117' title='bbox 1031 2127 1141 2190; x_wconf 83' lang='lat' dir='ltr'>quam,</span> <span class='ocrx_word' id='word_1_118' title='bbox 1159 2121 1258 2190; x_wconf 87' lang='lat' dir='ltr'>prout</span> 
     </span>
     <span class='ocr_line' id='line_1_15' title="bbox 160 2206 1258 2300; baseline 0.01 -37"><span class='ocrx_word' id='word_1_119' title='bbox 160 2208 330 2289; x_wconf 81' lang='lat' dir='ltr'>reliquis,</span> <span class='ocrx_word' id='word_1_120' title='bbox 353 2211 396 2270; x_wconf 90' lang='lat' dir='ltr'>ita</span> <span class='ocrx_word' id='word_1_121' title='bbox 418 2215 451 2271; x_wconf 91' lang='lat' dir='ltr'>et</span> <span class='ocrx_word' id='word_1_122' title='bbox 478 2212 632 2272; x_wconf 79' lang='lat' dir='ltr'>nominat.</span> <span class='ocrx_word' id='word_1_123' title='bbox 656 2207 738 2273; x_wconf 84' lang='lat' dir='ltr'>Nam</span> <span class='ocrx_word' id='word_1_124' title='bbox 759 2213 867 2290; x_wconf 78' lang='lat' dir='ltr'>praeci</span> <span class='ocrx_word' id='word_1_125' title='bbox 888 2206 1080 2300; x_wconf 70' lang='grc' dir='ltr'><strong><em>ἀσώματον,</em></strong></span> <span class='ocrx_word' id='word_1_126' title='bbox 1101 2211 1182 2274; x_wconf 82' lang='lat' dir='ltr'>idest</span> <span class='ocrx_word' id='word_1_127' title='bbox 1212 2213 1258 2274; x_wconf 89' lang='lat' dir='ltr'>in·</span> 
     </span>
     <span class='ocr_line' id='line_1_16' title="bbox 157 2309 1258 2391; baseline 0.006 -25"><span class='ocrx_word' id='word_1_128' title='bbox 157 2327 334 2388; x_wconf 78' lang='lat' dir='ltr'>corpoream</span> <span class='ocrx_word' id='word_1_129' title='bbox 355 2327 428 2373; x_wconf 86' lang='lat' dir='ltr'>eam</span> <span class='ocrx_word' id='word_1_130' title='bbox 449 2309 603 2374; x_wconf 84' lang='lat' dir='ltr'>dixerunt</span> <span class='ocrx_word' id='word_1_131' title='bbox 615 2329 627 2389; x_wconf 68' lang='grc' dir='ltr'><strong><em>ς</em></strong></span> <span class='ocrx_word' id='word_1_132' title='bbox 648 2309 776 2373; x_wconf 81' lang='lat' dir='ltr'>divinae</span> <span class='ocrx_word' id='word_1_133' title='bbox 807 2329 885 2372; x_wconf 84' lang='lat' dir='ltr'>reru</span> <span class='ocrx_word' id='word_1_134' title='bbox 909 2310 1097 2391; x_wconf 85' lang='lat' dir='ltr'>Scripturas</span> <span class='ocrx_word' id='word_1_135' title='bbox 1119 2313 1258 2375; x_wconf 76' lang='lat' dir='ltr'>invisibi-</span> 
     </span>
     <span class='ocr_line' id='line_1_17' title="bbox 158 2407 1256 2492; baseline 0.008 -24"><span class='ocrx_word' id='word_1_136' title='bbox 158 2407 210 2470; x_wconf 85' lang='lat' dir='ltr'>lem</span> <span class='ocrx_word' id='word_1_137' title='bbox 227 2430 297 2474; x_wconf 84' lang='lat' dir='ltr'>esse</span> <span class='ocrx_word' id='word_1_138' title='bbox 322 2412 591 2492; x_wconf 82' lang='lat' dir='ltr'>pronunciamus.</span> <span class='ocrx_word' id='word_1_139' title='bbox 606 2410 780 2492; x_wconf 80' lang='lat' dir='ltr'>imaginem</span> <span class='ocrx_word' id='word_1_140' title='bbox 805 2413 888 2473; x_wconf 86' lang='lat' dir='ltr'>enlm</span> <span class='ocrx_word' id='word_1_141' title='bbox 912 2412 1078 2474; x_wconf 82' lang='lat' dir='ltr'>invisibilis</span> <span class='ocrx_word' id='word_1_142' title='bbox 1098 2410 1155 2475; x_wconf 87' lang='lat' dir='ltr'>liei</span> <span class='ocrx_word' id='word_1_143' title='bbox 1173 2413 1256 2477; x_wconf 84' lang='lat' dir='ltr'>Pau·</span> 
     </span>
     <span class='ocr_line' id='line_1_18' title="bbox 156 2508 1254 2591; baseline 0.008 -24"><span class='ocrx_word' id='word_1_144' title='bbox 156 2508 197 2571; x_wconf 92' lang='lat' dir='ltr'>lus</span> <span class='ocrx_word' id='word_1_145' title='bbox 213 2511 288 2576; x_wconf 82' lang='lat' dir='ltr'>dicit</span> <span class='ocrx_word' id='word_1_146' title='bbox 309 2532 381 2576; x_wconf 87' lang='lat' dir='ltr'>esse</span> <span class='ocrx_word' id='word_1_147' title='bbox 401 2511 580 2576; x_wconf 85' lang='lat' dir='ltr'>Christum.</span> <span class='ocrx_word' id='word_1_148' title='bbox 603 2508 665 2575; x_wconf 79' lang='lat' dir='ltr'>sec</span> <span class='ocrx_word' id='word_1_149' title='bbox 686 2519 718 2574; x_wconf 93' lang='lat' dir='ltr'>et</span> <span class='ocrx_word' id='word_1_150' title='bbox 741 2528 857 2574; x_wconf 89' lang='lat' dir='ltr'>rursus</span> <span class='ocrx_word' id='word_1_151' title='bbox 879 2529 937 2591; x_wconf 89' lang='lat' dir='ltr'>per</span> <span class='ocrx_word' id='word_1_152' title='bbox 958 2511 1123 2578; x_wconf 83' lang='lat' dir='ltr'>Christum</span> <span class='ocrx_word' id='word_1_153' title='bbox 1146 2525 1254 2577; x_wconf 85' lang='lat' dir='ltr'>creata</span> 
     </span>
     <span class='ocr_line' id='line_1_19' title="bbox 156 2610 1257 2694; baseline 0.004 -22"><span class='ocrx_word' id='word_1_154' title='bbox 156 2613 224 2676; x_wconf 78' lang='lat' dir='ltr'>lixit</span> <span class='ocrx_word' id='word_1_155' title='bbox 241 2634 311 2678; x_wconf 88' lang='lat' dir='ltr'>esse</span> <span class='ocrx_word' id='word_1_156' title='bbox 333 2616 439 2678; x_wconf 85' lang='lat' dir='ltr'>omnia</span> <span class='ocrx_word' id='word_1_157' title='bbox 464 2614 598 2677; x_wconf 86' lang='lat' dir='ltr'>risibilia</span> <span class='ocrx_word' id='word_1_158' title='bbox 620 2623 653 2676; x_wconf 92' lang='lat' dir='ltr'>et</span> <span class='ocrx_word' id='word_1_159' title='bbox 673 2613 856 2677; x_wconf 75' lang='lat' dir='ltr'>invisibilia.</span> <span class='ocrx_word' id='word_1_160' title='bbox 873 2610 937 2676; x_wconf 85' lang='lat' dir='ltr'>l&#39;er</span> <span class='ocrx_word' id='word_1_161' title='bbox 957 2612 1045 2694; x_wconf 81' lang='lat' dir='ltr'>quod</span> <span class='ocrx_word' id='word_1_162' title='bbox 1067 2613 1257 2678; x_wconf 85' lang='lat' dir='ltr'>declaratur</span> 
     </span>
     <span class='ocr_line' id='line_1_20' title="bbox 156 2699 1257 2796; baseline 0.002 -20"><span class='ocrx_word' id='word_1_163' title='bbox 156 2731 212 2776; x_wconf 85' lang='lat' dir='ltr'>csse</span> <span class='ocrx_word' id='word_1_164' title='bbox 230 2718 327 2780; x_wconf 85' lang='lat' dir='ltr'>etiam</span> <span class='ocrx_word' id='word_1_165' title='bbox 360 2719 392 2777; x_wconf 88' lang='lat' dir='ltr'>in</span> <span class='ocrx_word' id='word_1_166' title='bbox 415 2715 574 2778; x_wconf 88' lang='lat' dir='ltr'>creaturis</span> <span class='ocrx_word' id='word_1_167' title='bbox 601 2713 758 2795; x_wconf 84' lang='lat' dir='ltr'>quasdam</span> <span class='ocrx_word' id='word_1_168' title='bbox 778 2699 955 2777; x_wconf 80' lang='lat' dir='ltr'>invisibiles</span> <span class='ocrx_word' id='word_1_169' title='bbox 982 2714 1160 2778; x_wconf 84' lang='lat' dir='ltr'>secundum</span> <span class='ocrx_word' id='word_1_170' title='bbox 1182 2732 1257 2796; x_wconf 90' lang='lat' dir='ltr'>pro-</span> 
     </span>
     <span class='ocr_line' id='line_1_21' title="bbox 156 2813 1257 2895; baseline 0.004 -19"><span class='ocrx_word' id='word_1_171' title='bbox 156 2817 312 2891; x_wconf 86' lang='lat' dir='ltr'>prietatem</span> <span class='ocrx_word' id='word_1_172' title='bbox 327 2836 420 2881; x_wconf 88' lang='lat' dir='ltr'>auam</span> <span class='ocrx_word' id='word_1_173' title='bbox 441 2818 646 2880; x_wconf 80' lang='lat' dir='ltr'>substantioe.</span> <span class='ocrx_word' id='word_1_174' title='bbox 669 2813 731 2879; x_wconf 82' lang='lat' dir='ltr'>Sed</span> <span class='ocrx_word' id='word_1_175' title='bbox 751 2815 824 2889; x_wconf 89' lang='lat' dir='ltr'>bae,</span> <span class='ocrx_word' id='word_1_176' title='bbox 847 2815 996 2895; x_wconf 78' lang='lat' dir='ltr'>quumvis</span> <span class='ocrx_word' id='word_1_177' title='bbox 1011 2816 1090 2880; x_wconf 87' lang='lat' dir='ltr'>istae</span> <span class='ocrx_word' id='word_1_178' title='bbox 1111 2833 1174 2879; x_wconf 88' lang='lat' dir='ltr'>nun</span> <span class='ocrx_word' id='word_1_179' title='bbox 1195 2817 1257 2881; x_wconf 89' lang='lat' dir='ltr'>sint</span> 
     </span>
     <span class='ocr_line' id='line_1_22' title="bbox 155 2914 1256 2997; baseline 0.003 -22"><span class='ocrx_word' id='word_1_180' title='bbox 155 2934 332 2997; x_wconf 80' lang='lat' dir='ltr'>corporeae,</span> <span class='ocrx_word' id='word_1_181' title='bbox 364 2925 504 2981; x_wconf 76' lang='lat' dir='ltr'>ornatur</span> <span class='ocrx_word' id='word_1_182' title='bbox 525 2926 631 2979; x_wconf 86' lang='lat' dir='ltr'>tamen</span> <span class='ocrx_word' id='word_1_183' title='bbox 661 2914 872 2996; x_wconf 79' lang='lat' dir='ltr'>corporibus,</span> <span class='ocrx_word' id='word_1_184' title='bbox 894 2914 970 2976; x_wconf 89' lang='lat' dir='ltr'>licet</span> <span class='ocrx_word' id='word_1_185' title='bbox 991 2914 1078 2993; x_wconf 87' lang='lat' dir='ltr'>ipsae</span> <span class='ocrx_word' id='word_1_186' title='bbox 1098 2917 1161 2978; x_wconf 89' lang='lat' dir='ltr'>siut</span> <span class='ocrx_word' id='word_1_187' title='bbox 1180 2917 1256 2979; x_wconf 88' lang='lat' dir='ltr'>snb·</span> 
     </span>
     <span class='ocr_line' id='line_1_23' title="bbox 153 3014 1253 3099; baseline 0.004 -23"><span class='ocrx_word' id='word_1_188' title='bbox 153 3021 253 3080; x_wconf 87' lang='lat' dir='ltr'>stantia</span> <span class='ocrx_word' id='word_1_189' title='bbox 284 3038 445 3099; x_wconf 87' lang='lat' dir='ltr'>corporea</span> <span class='ocrx_word' id='word_1_190' title='bbox 474 3019 635 3081; x_wconf 64' lang='lat' dir='ltr'>meliores·</span> <span class='ocrx_word' id='word_1_191' title='bbox 666 3016 726 3078; x_wconf 88' lang='lat' dir='ltr'>illa</span> <span class='ocrx_word' id='word_1_192' title='bbox 751 3034 831 3079; x_wconf 88' lang='lat' dir='ltr'>reru</span> <span class='ocrx_word' id='word_1_193' title='bbox 860 3014 1037 3079; x_wconf 86' lang='lat' dir='ltr'>substantia</span> <span class='ocrx_word' id='word_1_194' title='bbox 1066 3014 1253 3089; x_wconf 80' lang='lat' dir='ltr'>Trinitatis,</span> 
     </span>
     <span class='ocr_line' id='line_1_24' title="bbox 153 3119 1256 3202; baseline 0.002 -22"><span class='ocrx_word' id='word_1_195' title='bbox 153 3124 433 3202; x_wconf 77' lang='lat' dir='ltr'>praeprincipium</span> <span class='ocrx_word' id='word_1_196' title='bbox 448 3131 496 3182; x_wconf 86' lang='lat' dir='ltr'>est</span> <span class='ocrx_word' id='word_1_197' title='bbox 516 3129 550 3182; x_wconf 92' lang='lat' dir='ltr'>et</span> <span class='ocrx_word' id='word_1_198' title='bbox 563 3137 660 3184; x_wconf 88' lang='lat' dir='ltr'>eausa</span> <span class='ocrx_word' id='word_1_199' title='bbox 682 3119 843 3190; x_wconf 84' lang='lat' dir='ltr'>omnium,</span> <span class='ocrx_word' id='word_1_200' title='bbox 859 3135 900 3180; x_wconf 83' lang='lat' dir='ltr'>ex</span> <span class='ocrx_word' id='word_1_201' title='bbox 921 3131 985 3197; x_wconf 79' lang='lat' dir='ltr'>qua</span> <span class='ocrx_word' id='word_1_202' title='bbox 1005 3119 1127 3192; x_wconf 90' lang='lat' dir='ltr'>omnia,</span> <span class='ocrx_word' id='word_1_203' title='bbox 1144 3124 1175 3180; x_wconf 93' lang='lat' dir='ltr'>et</span> <span class='ocrx_word' id='word_1_204' title='bbox 1197 3137 1256 3198; x_wconf 90' lang='lat' dir='ltr'>per</span> 
     </span>
     <span class='ocr_line' id='line_1_25' title="bbox 153 3219 1256 3301; baseline -0.002 -17"><span class='ocrx_word' id='word_1_205' title='bbox 153 3239 236 3300; x_wconf 83' lang='lat' dir='ltr'>qnam</span> <span class='ocrx_word' id='word_1_206' title='bbox 255 3226 380 3297; x_wconf 81' lang='lat' dir='ltr'>omnia,</span> <span class='ocrx_word' id='word_1_207' title='bbox 402 3234 433 3284; x_wconf 85' lang='lat' dir='ltr'>el</span> <span class='ocrx_word' id='word_1_208' title='bbox 454 3225 486 3284; x_wconf 92' lang='lat' dir='ltr'>in</span> <span class='ocrx_word' id='word_1_209' title='bbox 506 3221 710 3301; x_wconf 82' lang='lat' dir='ltr'>quaomnia,</span> <span class='ocrx_word' id='word_1_210' title='bbox 732 3236 838 3299; x_wconf 86' lang='lat' dir='ltr'>neque</span> <span class='ocrx_word' id='word_1_211' title='bbox 852 3236 985 3298; x_wconf 89' lang='lat' dir='ltr'>corpus,</span> <span class='ocrx_word' id='word_1_212' title='bbox 1007 3237 1113 3300; x_wconf 84' lang='lat' dir='ltr'>neque</span> <span class='ocrx_word' id='word_1_213' title='bbox 1134 3219 1166 3280; x_wconf 89' lang='lat' dir='ltr'>iu</span> <span class='ocrx_word' id='word_1_214' title='bbox 1184 3238 1256 3282; x_wconf 91' lang='lat' dir='ltr'>cor·</span> 
     </span>
     <span class='ocr_line' id='line_1_26' title="bbox 152 3316 1254 3401; baseline -0.003 -15"><span class='ocrx_word' id='word_1_215' title='bbox 152 3340 218 3401; x_wconf 84' lang='lat' dir='ltr'>pure</span> <span class='ocrx_word' id='word_1_216' title='bbox 237 3344 307 3389; x_wconf 83' lang='lat' dir='ltr'>esse</span> <span class='ocrx_word' id='word_1_217' title='bbox 329 3324 488 3387; x_wconf 79' lang='lat' dir='ltr'>credenda</span> <span class='ocrx_word' id='word_1_218' title='bbox 503 3330 563 3398; x_wconf 86' lang='lat' dir='ltr'>est,</span> <span class='ocrx_word' id='word_1_219' title='bbox 585 3323 640 3385; x_wconf 85' lang='lat' dir='ltr'>aed</span> <span class='ocrx_word' id='word_1_220' title='bbox 655 3343 697 3384; x_wconf 78' lang='lat' dir='ltr'>ex</span> <span class='ocrx_word' id='word_1_221' title='bbox 721 3330 788 3383; x_wconf 88' lang='lat' dir='ltr'>toto</span> <span class='ocrx_word' id='word_1_222' title='bbox 804 3321 1009 3399; x_wconf 83' lang='lat' dir='ltr'>incorporea.</span> <span class='ocrx_word' id='word_1_223' title='bbox 1034 3316 1157 3381; x_wconf 84' lang='lat' dir='ltr'>Verum</span> <span class='ocrx_word' id='word_1_224' title='bbox 1175 3320 1254 3384; x_wconf 90' lang='lat' dir='ltr'>baec</span> 
     </span>
     <span class='ocr_line' id='line_1_27' title="bbox 151 3419 1255 3505; baseline -0.005 -18"><span class='ocrx_word' id='word_1_225' title='bbox 151 3443 198 3504; x_wconf 87' lang='lat' dir='ltr'>per</span> <span class='ocrx_word' id='word_1_226' title='bbox 216 3443 386 3490; x_wconf 83' lang='lat' dir='ltr'>excessum</span> <span class='ocrx_word' id='word_1_227' title='bbox 406 3422 591 3505; x_wconf 83' lang='lat' dir='ltr'>quemdam:</span> <span class='ocrx_word' id='word_1_228' title='bbox 610 3423 656 3484; x_wconf 88' lang='lat' dir='ltr'>rei</span> <span class='ocrx_word' id='word_1_229' title='bbox 680 3433 785 3484; x_wconf 86' lang='lat' dir='ltr'>tumen</span> <span class='ocrx_word' id='word_1_230' title='bbox 800 3419 900 3498; x_wconf 88' lang='lat' dir='ltr'>ipsius</span> <span class='ocrx_word' id='word_1_231' title='bbox 921 3420 1149 3499; x_wconf 86' lang='lat' dir='ltr'>consequentia</span> <span class='ocrx_word' id='word_1_232' title='bbox 1167 3437 1255 3483; x_wconf 84' lang='lat' dir='ltr'>conr·</span> 
     </span>
     <span class='ocr_line' id='line_1_28' title="bbox 153 3519 1251 3602; baseline 0 -18"><span class='ocrx_word' id='word_1_233' title='bbox 153 3527 276 3588; x_wconf 82' lang='lat' dir='ltr'>monitos</span> <span class='ocrx_word' id='word_1_234' title='bbox 298 3523 443 3585; x_wconf 78' lang='lat' dir='ltr'>breviter</span> <span class='ocrx_word' id='word_1_235' title='bbox 472 3523 591 3585; x_wconf 80' lang='lat' dir='ltr'>dixisse</span> <span class='ocrx_word' id='word_1_236' title='bbox 611 3520 750 3584; x_wconf 83' lang='lat' dir='ltr'>subiciat</span> <span class='ocrx_word' id='word_1_237' title='bbox 772 3521 812 3582; x_wconf 78' lang='lat' dir='ltr'>acl</span> <span class='ocrx_word' id='word_1_238' title='bbox 841 3519 1074 3583; x_wconf 87' lang='lat' dir='ltr'>ostendendum</span> <span class='ocrx_word' id='word_1_239' title='bbox 1097 3520 1141 3594; x_wconf 81' lang='lat' dir='ltr'>itl,</span> <span class='ocrx_word' id='word_1_240' title='bbox 1164 3523 1251 3602; x_wconf 81' lang='lat' dir='ltr'>quod</span> 
     </span>
     <span class='ocr_line' id='line_1_29' title="bbox 150 3620 1252 3706; baseline 0.002 -22"><span class='ocrx_word' id='word_1_241' title='bbox 150 3635 213 3693; x_wconf 90' lang='lat' dir='ltr'>suut</span> <span class='ocrx_word' id='word_1_242' title='bbox 224 3625 401 3706; x_wconf 82' lang='lat' dir='ltr'>quaedam,</span> <span class='ocrx_word' id='word_1_243' title='bbox 421 3639 564 3702; x_wconf 80' lang='lat' dir='ltr'>quornm</span> <span class='ocrx_word' id='word_1_244' title='bbox 579 3621 768 3702; x_wconf 76' lang='lat' dir='ltr'>significatio</span> <span class='ocrx_word' id='word_1_245' title='bbox 783 3622 915 3703; x_wconf 87' lang='lat' dir='ltr'>proprie</span> <span class='ocrx_word' id='word_1_246' title='bbox 930 3620 1028 3683; x_wconf 91' lang='lat' dir='ltr'>nullia</span> <span class='ocrx_word' id='word_1_247' title='bbox 1049 3622 1179 3683; x_wconf 89' lang='lat' dir='ltr'>omuino</span> <span class='ocrx_word' id='word_1_248' title='bbox 1197 3641 1252 3703; x_wconf 91' lang='lat' dir='ltr'>pu·</span> 
     </span>
     <span class='ocr_line' id='line_1_30' title="bbox 152 3719 1250 3803; baseline 0.002 -19"><span class='ocrx_word' id='word_1_249' title='bbox 152 3735 200 3788; x_wconf 82' lang='lat' dir='ltr'>test</span> <span class='ocrx_word' id='word_1_250' title='bbox 219 3727 381 3789; x_wconf 81' lang='lat' dir='ltr'>humanae</span> <span class='ocrx_word' id='word_1_251' title='bbox 401 3724 532 3802; x_wconf 71' lang='lat' dir='ltr'>linguae</span> <span class='ocrx_word' id='word_1_252' title='bbox 551 3722 754 3786; x_wconf 86' lang='lat' dir='ltr'>sermonibus</span> <span class='ocrx_word' id='word_1_253' title='bbox 774 3721 955 3802; x_wconf 84' lang='lat' dir='ltr'>explicari:</span> <span class='ocrx_word' id='word_1_254' title='bbox 987 3719 1041 3784; x_wconf 84' lang='lat' dir='ltr'>sed</span> <span class='ocrx_word' id='word_1_255' title='bbox 1063 3721 1250 3803; x_wconf 80' lang='lat' dir='ltr'>simpliciori</span> 
     </span>
     <span class='ocr_line' id='line_1_31' title="bbox 151 3821 1253 3905; baseline 0 -19"><span class='ocrx_word' id='word_1_256' title='bbox 151 3826 237 3905; x_wconf 70' lang='lat' dir='ltr'>napis</span> <span class='ocrx_word' id='word_1_257' title='bbox 257 3825 439 3897; x_wconf 72' lang='lat' dir='ltr'>intellectu,</span> <span class='ocrx_word' id='word_1_258' title='bbox 460 3840 557 3903; x_wconf 86' lang='lat' dir='ltr'>quam</span> <span class='ocrx_word' id='word_1_259' title='bbox 580 3822 657 3886; x_wconf 90' lang='lat' dir='ltr'>ullis</span> <span class='ocrx_word' id='word_1_260' title='bbox 680 3822 855 3886; x_wconf 82' lang='lat' dir='ltr'>verborum</span> <span class='ocrx_word' id='word_1_261' title='bbox 878 3821 1129 3902; x_wconf 88' lang='lat' dir='ltr'>proprietatibus</span> <span class='ocrx_word' id='word_1_262' title='bbox 1146 3822 1253 3886; x_wconf 86' lang='lat' dir='ltr'>decla·</span> 
     </span>
     <span class='ocr_line' id='line_1_32' title="bbox 151 3920 1252 4009; baseline -0.001 -21"><span class='ocrx_word' id='word_1_263' title='bbox 151 3937 263 3992; x_wconf 80' lang='lat' dir='ltr'>notor.</span> <span class='ocrx_word' id='word_1_264' title='bbox 292 3926 341 3991; x_wconf 75' lang='lat' dir='ltr'>Ari</span> <span class='ocrx_word' id='word_1_265' title='bbox 364 3943 462 4009; x_wconf 84' lang='lat' dir='ltr'>qnam</span> <span class='ocrx_word' id='word_1_266' title='bbox 492 3924 640 4003; x_wconf 73' lang='lat' dir='ltr'>reguiam</span> <span class='ocrx_word' id='word_1_267' title='bbox 661 3927 759 3987; x_wconf 90' lang='lat' dir='ltr'>etiam</span> <span class='ocrx_word' id='word_1_268' title='bbox 779 3923 964 3986; x_wconf 77' lang='lat' dir='ltr'>divinarum</span> <span class='ocrx_word' id='word_1_269' title='bbox 987 3920 1184 3987; x_wconf 79' lang='lat' dir='ltr'>Litterarum</span> <span class='ocrx_word' id='word_1_270' title='bbox 1206 3925 1252 3987; x_wconf 86' lang='lat' dir='ltr'>io·</span> 
     </span>
     <span class='ocr_line' id='line_1_33' title="bbox 150 4023 1249 4108; baseline 0.001 -21"><span class='ocrx_word' id='word_1_271' title='bbox 150 4027 312 4108; x_wconf 75' lang='lat' dir='ltr'>tellipentia</span> <span class='ocrx_word' id='word_1_272' title='bbox 335 4026 501 4091; x_wconf 73' lang='lat' dir='ltr'>relineocis</span> <span class='ocrx_word' id='word_1_273' title='bbox 522 4033 583 4088; x_wconf 86' lang='lat' dir='ltr'>est:</span> <span class='ocrx_word' id='word_1_274' title='bbox 605 4043 673 4105; x_wconf 83' lang='lat' dir='ltr'>quo</span> <span class='ocrx_word' id='word_1_275' title='bbox 685 4025 809 4088; x_wconf 89' lang='lat' dir='ltr'>scilicet</span> <span class='ocrx_word' id='word_1_276' title='bbox 829 4042 881 4099; x_wconf 87' lang='lat' dir='ltr'>ea,</span> <span class='ocrx_word' id='word_1_277' title='bbox 897 4041 982 4103; x_wconf 87' lang='lat' dir='ltr'>quae</span> <span class='ocrx_word' id='word_1_278' title='bbox 1002 4023 1169 4098; x_wconf 86' lang='lat' dir='ltr'>dicuntur,</span> <span class='ocrx_word' id='word_1_279' title='bbox 1187 4044 1249 4088; x_wconf 87' lang='lat' dir='ltr'>uon</span> 
     </span>
     <span class='ocr_line' id='line_1_34' title="bbox 150 4119 1250 4206; baseline 0 -17"><span class='ocrx_word' id='word_1_280' title='bbox 150 4144 201 4205; x_wconf 87' lang='lat' dir='ltr'>pro</span> <span class='ocrx_word' id='word_1_281' title='bbox 221 4130 348 4191; x_wconf 86' lang='lat' dir='ltr'>vilitate</span> <span class='ocrx_word' id='word_1_282' title='bbox 361 4125 533 4202; x_wconf 84' lang='lat' dir='ltr'>sermonis,</span> <span class='ocrx_word' id='word_1_283' title='bbox 547 4125 602 4189; x_wconf 82' lang='lat' dir='ltr'>sed</span> <span class='ocrx_word' id='word_1_284' title='bbox 619 4142 679 4204; x_wconf 89' lang='lat' dir='ltr'>pro</span> <span class='ocrx_word' id='word_1_285' title='bbox 699 4125 866 4188; x_wconf 85' lang='lat' dir='ltr'>‹lirioitate</span> <span class='ocrx_word' id='word_1_286' title='bbox 887 4121 994 4186; x_wconf 88' lang='lat' dir='ltr'>Sancti</span> <span class='ocrx_word' id='word_1_287' title='bbox 1015 4119 1173 4201; x_wconf 86' lang='lat' dir='ltr'>Spiritus,</span> <span class='ocrx_word' id='word_1_288' title='bbox 1193 4128 1250 4206; x_wconf 80' lang='lat' dir='ltr'>qui</span> 
     </span>
     <span class='ocr_line' id='line_1_35' title="bbox 150 4227 829 4307; baseline -0.007 -20"><span class='ocrx_word' id='word_1_289' title='bbox 150 4245 195 4290; x_wconf 84' lang='lat' dir='ltr'>eas</span> <span class='ocrx_word' id='word_1_290' title='bbox 213 4227 370 4292; x_wconf 83' lang='lat' dir='ltr'>conscribi</span> <span class='ocrx_word' id='word_1_291' title='bbox 391 4227 571 4307; x_wconf 83' lang='lat' dir='ltr'>inspirarit,</span> <span class='ocrx_word' id='word_1_292' title='bbox 593 4232 829 4290; x_wconf 77' lang='lat' dir='ltr'>censeantur.»</span> 
     </span>
    </p>

    <p class='ocr_par' dir='ltr' id='par_1_2' title="bbox 146 4324 1248 4609">
     <span class='ocr_line' id='line_1_36' title="bbox 217 4324 1246 4404; baseline -0.002 -12"><span class='ocrx_word' id='word_1_293' title='bbox 217 4329 294 4393; x_wconf 79' lang='lat' dir='ltr'>litai</span> <span class='ocrx_word' id='word_1_294' title='bbox 310 4331 391 4392; x_wconf 84' lang='lat' dir='ltr'>baec</span> <span class='ocrx_word' id='word_1_295' title='bbox 405 4329 495 4390; x_wconf 90' lang='lat' dir='ltr'>nobis</span> <span class='ocrx_word' id='word_1_296' title='bbox 509 4335 662 4392; x_wconf 87' lang='lat' dir='ltr'>accurate</span> <span class='ocrx_word' id='word_1_297' title='bbox 677 4325 868 4390; x_wconf 83' lang='lat' dir='ltr'>attendenda</span> <span class='ocrx_word' id='word_1_298' title='bbox 881 4335 969 4396; x_wconf 88' lang='lat' dir='ltr'>anot,</span> <span class='ocrx_word' id='word_1_299' title='bbox 985 4341 1023 4387; x_wconf 87' lang='lat' dir='ltr'>ae</span> <span class='ocrx_word' id='word_1_300' title='bbox 1038 4324 1155 4404; x_wconf 79' lang='lat' dir='ltr'>queris</span> <span class='ocrx_word' id='word_1_301' title='bbox 1168 4333 1246 4390; x_wconf 88' lang='lat' dir='ltr'>tem·</span> 
     </span>
     <span class='ocr_line' id='line_1_37' title="bbox 149 4423 1248 4511; baseline -0.002 -21"><span class='ocrx_word' id='word_1_302' title='bbox 149 4445 216 4503; x_wconf 85' lang='lat' dir='ltr'>pore</span> <span class='ocrx_word' id='word_1_303' title='bbox 229 4448 307 4511; x_wconf 89' lang='lat' dir='ltr'>prae</span> <span class='ocrx_word' id='word_1_304' title='bbox 327 4429 433 4493; x_wconf 86' lang='lat' dir='ltr'>oculis</span> <span class='ocrx_word' id='word_1_305' title='bbox 447 4427 604 4503; x_wconf 81' lang='lat' dir='ltr'>habenda,</span> <span class='ocrx_word' id='word_1_306' title='bbox 620 4445 697 4493; x_wconf 83' lang='lat' dir='ltr'>curn</span> <span class='ocrx_word' id='word_1_307' title='bbox 719 4436 867 4490; x_wconf 80' lang='lat' dir='ltr'>ceterum</span> <span class='ocrx_word' id='word_1_308' title='bbox 890 4423 1025 4488; x_wconf 82' lang='lat' dir='ltr'>Petrum</span> <span class='ocrx_word' id='word_1_309' title='bbox 1040 4424 1080 4489; x_wconf 84' lang='lat' dir='ltr'>dc</span> <span class='ocrx_word' id='word_1_310' title='bbox 1103 4425 1164 4490; x_wconf 87' lang='lat' dir='ltr'>boc</span> <span class='ocrx_word' id='word_1_311' title='bbox 1180 4444 1248 4509; x_wconf 76' lang='lat' dir='ltr'>mp-</span> 
     </span>
     <span class='ocr_line' id='line_1_38' title="bbox 146 4523 1247 4609; baseline 0.005 -23"><span class='ocrx_word' id='word_1_312' title='bbox 146 4529 233 4592; x_wconf 83' lang='lat' dir='ltr'>stcrio</span> <span class='ocrx_word' id='word_1_313' title='bbox 252 4534 438 4595; x_wconf 69' lang='lat' dir='ltr'>excuti-ns</span> <span class='ocrx_word' id='word_1_314' title='bbox 457 4545 591 4594; x_wconf 85' lang='lat' dir='ltr'>sensus:</span> <span class='ocrx_word' id='word_1_315' title='bbox 618 4534 741 4609; x_wconf 83' lang='lat' dir='ltr'>quanto</span> <span class='ocrx_word' id='word_1_316' title='bbox 762 4527 864 4607; x_wconf 74' lang='lat' dir='ltr'>magis</span> <span class='ocrx_word' id='word_1_317' title='bbox 884 4526 943 4592; x_wconf 87' lang='lat' dir='ltr'>isla</span> <span class='ocrx_word' id='word_1_318' title='bbox 966 4526 998 4588; x_wconf 90' lang='lat' dir='ltr'>in</span> <span class='ocrx_word' id='word_1_319' title='bbox 1019 4524 1111 4591; x_wconf 90' lang='lat' dir='ltr'>libris</span> <span class='ocrx_word' id='word_1_320' title='bbox 1130 4523 1247 4608; x_wconf 70' lang='lat' dir='ltr'>Orige-</span> 
     </span>
    </p>
   </div>
   <div class='ocr_carea' id='block_1_2' title="bbox 0 0 1692 5567">
    <p class='ocr_par' dir='ltr' id='par_1_3' title="bbox 0 0 1692 5567">
     <span class='ocr_line' id='line_1_39' title="bbox 0 0 1692 5567; baseline 0 7"><span class='ocrx_word' id='word_1_321' title='bbox 0 0 1692 5567; x_wconf 95' lang='lat' dir='ltr'> </span> 
     </span>
    </p>
   </div>
  </div>
 </body>
</html>
