3375 5567
462 691 524 764 tto

895 795 1033 873 CAPUT
1059 797 1146 863 xvt.

466 997 571 1063 Cetera
583 1001 809 1079 expenduntur
827 1012 1016 1081 argumento
1030 1000 1302 1079 aduersariorum,
1316 996 1428 1083 guidus
1442 992 1559 1059 urtum-

501 1100 561 1165 tatr'
579 1120 755 1183 poenorum
776 1102 938 1169 contraire
958 1103 1045 1167 uirus
1065 1115 1110 1167 cst
1132 1100 1291 1183 Origenes.

463 1347 662 1488 Postquam
677 1408 773 1489 plura
795 1429 837 1472 cx
851 1407 999 1488 Origenis
1019 1408 1147 1487 scriptis
1167 1404 1338 1469 citavimus
1362 1420 1401 1467 ac
1422 1400 1559 1465 diluimus

395 1568 403 1581 ,
456 1509 645 1573 ιοεῑίιιιοηία
668 1519 737 1573 tum
752 1511 792 1573 de
811 1510 979 1591 suppliciis
1001 1510 1087 1588 apud
1103 1508 1223 1573 interos
1244 1505 1488 1575 incessantibus,
1501 1510 1559 1563 tum

464 1609 505 1671 de
519 1610 703 1689 expiatione
719 1620 939 1691 temporanea,
956 1613 1007 1673 cui
1027 1610 1132 1672 medio
1149 1618 1294 1687 tempore
1310 1607 1392 1669 idest
1405 1612 1474 1685 post
1488 1616 1558 1663 mor·

466 1723 529 1774 tem
550 1719 584 1775 et
603 1720 679 1775 ante
701 1714 973 1777 resurrectionem
995 1714 1142 1792 quisquis
1162 1710 1360 1791 subjiciatur
1378 1726 1500 1772 necesse
1519 1713 1559 1768 ast

455 1812 505 1873 ‚ad
526 1814 803 1877 immortalitatem
824 1816 1076 1893 assequendam3
1109 1814 1229 1878 frustra
1253 1814 1422 1875 videretur
1442 1808 1561 1888 reliquls

465 1914 688 1977 obsistentium
703 1917 899 1994 respondere
913 1916 1125 1996 argumentis,
1140 1915 1258 1996 quibus
1280 1912 1475 1975 catholicum
1490 1909 1560 1971 dda-

467 2018 576 2079 mantii
597 2036 726 2081 sensum
757 2018 954 2082 labefactare
975 2019 1081 2083 conati
1102 2024 1187 2081 sunt.
1212 2018 1361 2079 Attamen
1383 2016 1422 2077 ad
1445 2010 1561 2091 amplia

466 2137 534 2179 rem
554 2121 751 2199 quaestionis
772 2122 1053 2201 perspicuitatem,
1077 2120 1302 2199 investigatum
1329 2118 1472 2177 incamus
1491 2128 1563 2191 qnae

464 2221 622 2298 Origenes
642 2222 710 2300 ipse
731 2222 809 2283 alibi
823 2221 869 2284 ¹de
884 2222 997 2283 eadem
1020 2240 1055 2283 re
1077 2221 1174 2298 dicit;
1195 2226 1228 2281 ct
1249 2236 1288 2281 eo
1313 2218 1477 2279 lubentius
1496 2214 1562 2275 baec

467 2321 644 2401 proferam,
661 2341 728 2403 quo
744 2323 843 2401 magis
861 2324 940 2385 tbesi
962 2332 1092 2401 nostrae
1111 2321 1322 2385 satisfaciunt.
1346 2318 1408 2383 Ex.
1423 2338 1452 2399 g.
1466 2314 1562 2396 lioni-

465 2423 508 2485 lia
525 2422 550 2486 l.
573 2422 611 2486 ia
624 2422 814 2487 Esccbiclrm
829 2444 859 2487 n.
876 2422 940 2498 13,
956 2444 1082 2489 errasse
1103 2424 1253 2503 inquiunt
1273 2423 1350 2485 dum
1371 2420 1495 2485 scribit=
1509 2440 1523 2476 a
1535 2414 1562 2479 Si

467 2542 547 2589 rero
565 2527 699 2605 spiritus
720 2528 804 2590 mala
824 2546 889 2591 uon
916 2528 1088 2591 abstulerit
1108 2546 1126 2589 a
1149 2526 1256 2600 nobis,
1280 2524 1477 2605 purgationis
1496 2518 1562 2598 ignis

466 2625 659 2706 indigemus,
680 2629 801 2709 quippe
823 2630 1023 2693 necessarius
1045 2637 1093 2693 est
1109 2628 1199 2691 nobis
1221 2628 1300 2707 ignis
1321 2627 1360 2687 ad
1383 2621 1562 2704 expiandum

466 2728 535 2791 siva
557 2728 737 2793 tollendum
764 2738 914 2795 stannum
937 2739 969 2795 et
990 2730 1160 2811 plumbum
1182 2738 1318 2793 naturae
1339 2735 1467 2793 nostrae
1483 2738 1564 2801 supa·

465 2828 653 2895 rioductum
675 2838 736 2895 ate.
758 2850 779 2889 a
1177 2846 1180 2853 ·

467 2983 469 2990 .
547 2929 654 2995 Verba
667 2932 856 3013 hujusmodi
869 2942 902 2998 at
915 2934 1031 2999 similia
1044 2952 1141 3015 saepe
1153 2932 1301 3014 Origeuis
1316 2932 1444 3014 scriptia
1458 2931 1562 3009 insper-

464 3048 515 3105 sa,
526 3032 594 3113 ium
608 3052 672 3097 non
692 3049 811 3115 porum
831 3036 1056 3115 peecatoribus
1079 3043 1150 3116 post
1161 3034 1322 3117 judicium
1343 3042 1521 3097 extremum
1533 3025 1563 3091 il·

464 3132 548 3198 latas
567 3142 715 3214 spectare
735 3137 936 3212 mouimus,
960 3154 1075 3201 rerum
1097 3134 1321 3202 tautummodo
1343 3134 1442 3198 totins
1466 3132 1563 3198 bama·

468 3235 575 3301 uitatis
589 3236 817 3302 lustrationem
829 3246 903 3318 post
916 3237 1041 3301 obitum
1057 3237 1309 3315 incorruptionis
1324 3252 1423 3298 causa
1436 3232 1564 3297 obtincn

468 3336 541 3402 dae.
556 3338 664 3401 Aliter
683 3340 715 3402 lu
728 3338 841 3403 eodem
857 3336 1012 3403 Sermone
1026 3356 1138 3402 coram
1152 3337 1274 3418 populo
1290 3334 1563 3401 contradictionem

467 3439 657 3504 admisisset.
681 3437 718 3503 ln
738 3440 897 3522 principio
911 3458 1050 3521 namquo
1064 3439 1209 3521 eiusdem
1231 3437 1393 3503 Humiliae
1410 3438 1450 3504 ab
1470 3448 1564 3499 exem

468 3541 531 3620 plis
551 3542 680 3620 probat,
702 3539 807 3605 licum
828 3560 892 3605 nou
915 3550 1037 3605 tantum
1060 3542 1175 3623 punire
1196 3548 1383 3622 peccantes,
1414 3554 1522 3611 rernm
1539 3538 1566 3595 et

469 3641 725 3705 misericordiane
740 3643 877 3709 miscere
897 3642 1084 3722 suppliciis:
1103 3663 1120 3701 a
1136 3640 1359 3707 Misericordia
1381 3642 1498 3722 qnippe
1518 3632 1566 3697 nei

468 3744 500 3804 in
515 3742 668 3824 pondere.
691 3742 724 3806 Si
739 3760 802 3807 uon
824 3752 908 3806 esset
923 3743 1005 3809 utile
1018 3745 1220 3809 conversioni
1236 3744 1436 3824 peccantium
1451 3736 1567 3806 albina

469 3862 505 3906 re
527 3852 685 3906 tormenta
707 3844 936 3924 peccantibus,
969 3834 1133 3925 nunqnam
1165 3848 1348 3909 misericors
1369 3853 1402 3907 et
1428 3842 1567 3919 benignus

396 4029 405 4040 ι
469 3942 557 4007 Dens
578 3945 826 4025 poenisscelera
849 3946 979 4026 puniret
990 3967 1002 4025 3
1024 3947 1079 4010 sed
1100 3948 1193 4027 quasi
1209 3946 1501 4026 indulgentissimus
1521 3954 1567 4017 pn·

469 4055 520 4109 ter
540 4045 582 4110 ob
604 4046 666 4132 boc
690 4046 826 4128 corripit
848 4046 973 4123 lilium,
998 4057 1035 4111 ut
1056 4048 1202 4111 erudiat:
1225 4049 1318 4127 quasi
1341 4036 1566 4128 providentissi-

468 4166 541 4211 mus
562 4150 713 4228 magister
733 4148 776 4212 ita
796 4153 972 4213 severitate
998 4150 1111 4214 lrontis
1133 4152 1291 4214 lascivum
1314 4147 1504 4229 discipulum
1523 4156 1567 4203 en·

468 4248 576 4328 stigat,
596 4266 638 4311 ue
652 4250 804 4313 amariae
824 4251 975 4326 sentiens,
991 4259 1112 4331 pereat.
1127 4272 1144 4308 s
1160 4250 1244 4328 Quid
1268 4250 1352 4325 inde,
1369 4252 1426 4312 nisi
1450 4246 1503 4309 bai
1522 4242 1567 4302 bc·

468 4350 604 4430 nignitas
624 4370 700 4432 arga
723 4370 840 4432 pravos
861 4352 1002 4431 eruitur,
1026 4371 1169 4433 quorum
1191 4351 1444 4417 emendationem
1463 4347 1493 4407 in
1513 4342 1565 4404 bac

468 4453 533 4516 rita
556 4471 614 4534 per
635 4454 833 4534 punitionem
855 4455 1004 4534 quaerit,
1035 4474 1074 4518 ne
1095 4465 1254 4536 perpetuo
1280 4456 1311 4517 ln
1334 4453 1445 4517 lutura
1465 4445 1565 4512 seculo

472 4552 674 4634 puniantur?
690 4552 832 4634 ideoque
848 4554 946 4635 paulo
968 4566 1040 4636 post
1053 4556 1139 4620 addit
1162 4556 1201 4621 de
1222 4555 1388 4621 sodomitis
1401 4560 1433 4616 et
1451 4562 1564 4632 gomor·
