3375 5567
163 774 374 859 potuistine·
391 781 557 858 permanet
576 783 700 842 etcum
723 775 868 841 soluerit
883 773 971 843 Deus
991 776 1168 843 secuudum
1183 795 1234 853 es,

159 896 223 959 quse
233 879 308 942 ttcts
319 887 406 953 suut,
428 898 487 960 per
497 888 738 943 sscrsmcutum
757 879 910 943 tuburum
925 880 957 941 iu
973 880 1144 943 novissima
1158 880 1236 944 tuba

161 981 246 1042 iacere
262 988 299 1043 ut
317 982 437 1046 mortui
461 989 653 1063 resurgunt,
676 981 847 1062 peritiam
867 983 969 1062 ipsam
992 981 1235 1046 substantialem

160 1081 299 1157 rationem,
318 1100 404 1163 quse
419 1082 509 1146 ssirs
532 1091 710 1161 permanet,
732 1082 773 1147 dc
795 1089 901 1147 terrae
923 1084 1061 1165 putrere
1081 1083 1237 1149 susciten·

160 1192 222 1245 turs
232 1186 363 1247 mortuis
376 1204 419 1248 cx
431 1185 670 1248 omnibustocis
685 1184 718 1261 ii,
740 1184 861 1264 quibus
873 1184 955 1247 rotio
968 1184 1024 1247 iila
1039 1184 1237 1249 substratiae

156 1286 306 1363 eorponlis
332 1288 365 1349 iu
384 1286 460 1367 ipsis
479 1286 673 1366 corporibus
693 1284 927 1366 pernoctat:
949 1303 1035 1367 quse
1056 1286 1087 1349 iu
1116 1292 1238 1348 terrum

156 1387 292 1467 proispss,
305 1386 364 1451 Dei
377 1389 546 1452 roiuutstc
566 1388 686 1452 iterum
700 1389 891 1451 suscitatur.
905 1386 946 1451 Et
959 1388 1020 1451 hoc
1032 1385 1178 1450 arbitror
1190 1404 1241 1449 as-

155 1504 242 1549 serere
262 1487 423 1552 veientem
442 1486 637 1570 Apostolum
657 1488 776 1551 dixisse
794 1488 827 1551 in
841 1486 986 1569 Epistola
1002 1488 1106 1569 prims
1125 1486 1164 1549 sd
1180 1485 1241 1550 Co·

155 1586 265 1653 rinthios
292 1598 367 1671 post
386 1594 595 1655 assertionem
627 1589 877 1654 resurrectionis
913 1597 1131 1653 mortuorum.
1155 1586 1240 1652 Num

154 1707 211 1751 cum
227 1693 446 1773 proposuisset
464 1692 525 1757 sibi
545 1710 596 1768 os,
618 1710 704 1772 quac
724 1698 853 1772 possent
863 1692 905 1755 ub
924 1691 997 1755 aliis
1017 1689 1169 1772 objicite
1191 1708 1243 1752 rc·

153 1793 329 1855 surrectione
350 1800 583 1869 mortuorum,
604 1793 651 1857 sic
670 1793 728 1855 aits
751 1788 811 1855 seo
834 1789 916 1853 dicit
933 1786 1071 1872 clipeis:
1090 1790 1243 1871 masurio

154 1904 297 1972 rocroort
306 1890 449 1959 mortui?
465 1890 535 1970 Ono
554 1903 657 1959 cusas
670 1912 798 1977 corpore
811 1889 963 1957 minat?
974 1890 1086 1969 Stulte,
1108 1902 1144 1955 trs
1161 1892 1244 1973 poeti

154 1991 276 2065 esim,
296 2012 363 2055 stoa
384 1992 582 2075 vivificatur,
603 1993 670 2057 cisi
686 1993 780 2075 priris
800 1993 975 2078 moriatur:
998 2002 1028 2057 et
1051 1994 1134 2075 quod
1153 1991 1244 2057 semi·

153 2109 208 2163 sas,
225 2112 287 2157 seo
305 2114 424 2175 corpses
436 2096 519 2175 quot
536 2097 685 2175 saturnos
704 2104 761 2169 cst,
782 2095 931 2171 semines,
953 2096 1009 2159 sed
1027 2096 1151 2157 undum
1168 2112 1244 2173 pro·

153 2208 224 2268 aas,
241 2204 277 2257 nt
289 2204 375 2275 pisto
395 2194 511 2268 tritici,
531 2206 589 2261 ost
608 2196 748 2278 otiosius
768 2204 949 2259 ceterorum.
967 2195 1050 2259 Deos
1070 2205 1174 2259 ostem
1188 2196 1248 2257 tet

154 2291 194 2354 itti
209 2314 316 2377 corpus
341 2306 443 2378 prom
462 2296 574 2362 coluit.
605 2297 689 2363 Cum
709 2306 820 2363 autem
842 2298 1008 2363 muuiieste
1029 2298 1243 2369 ostendisset,

155 2396 213 2475 qnia
231 2400 351 2463 mortui
375 2407 565 2480 resurgunt,
585 2408 619 2463 et
639 2409 766 2464 certum
787 2409 884 2476 emet,
907 2400 993 2480 quod
1015 2399 1167 2465 Salvator
1188 2416 1245 2462 uo·

155 2505 207 2559 star
223 2518 293 2564 cum
307 2503 382 2582 ipso
404 2519 542 2582 corporo
554 2503 749 2578 resurrexit,
762 2500 851 2582 quoti
866 2508 1054 2582 susceperat
1066 2519 1108 2564 cx
1120 2499 1240 2576 Maris,

154 2617 202 2661 son
218 2610 324 2666 sutem
345 2603 425 2667 setis
444 2604 572 2668 clarum
593 2610 689 2679 esset,
710 2602 876 2683 quomodo
899 2604 1116 2667 resurrecturi
1138 2608 1246 2666 essent

154 2702 245 2776 ceteri,
267 2703 320 2765 ret
341 2702 442 2785 quoto
462 2720 583 2784 corpus
604 2702 759 2766 habituri:
783 2710 951 2783 comparet
972 2703 1245 2769 resurrectionem

154 2801 305 2866 seminibus
319 2820 407 2884 quae
420 2802 621 2866 seminantur
631 2804 663 2866 iu
679 2810 812 2877 terram,
828 2810 944 2883 utputa
958 2820 1060 2883 pruno
1075 2803 1242 2878 tremonti,

154 2901 222 2977 quoti
242 2921 317 2967 cum
339 2903 547 2968 cecideritin
569 2912 703 2979 terram,
725 2905 966 2986 corrumpiturs
982 2904 1037 2969 scd
1061 2905 1193 2967 rationis
1209 2906 1249 2965 it·

153 2999 202 3063 lius
221 3004 335 3080 virtus,
351 3023 439 3085 quac
457 3015 506 3071 est
519 3006 612 3068 insito
634 3006 665 3067 iu
680 3006 890 3070 interioribus
911 3005 982 3087 cius
1003 3003 1165 3080 metuitis,
1182 3005 1248 3085 ipss

154 3104 266 3169 rstiouis
287 3108 395 3170 virtus
414 3113 578 3188 sssuropts
606 3107 806 3189 adiacentem
835 3106 894 3169 sibi
918 3116 1037 3169 terrum
1068 3105 1121 3169 ret
1141 3123 1249 3185 uquse

153 3200 317 3281 humorem,
330 3206 389 3270 sed
404 3215 438 3269 et
447 3209 532 3271 stris
543 3209 805 3271 circumstantem
822 3208 1022 3287 temperiem,
1035 3206 1153 3269 caloris
1167 3222 1250 3286 quo·

153 3321 203 3383 quc
215 3307 429 3372 sufficientem
444 3309 601 3389 recipiens
623 3309 779 3382 inmitem,
796 3328 856 3391 per
872 3308 1013 3371 divinam
1030 3308 1204 3389 potentium
1217 3308 1249 3370 iu

152 3407 235 3469 cutmi
255 3409 307 3472 ret
328 3412 440 3490 spicso
460 3412 647 3490 consurgit3
671 3418 705 3473 et
726 3411 789 3473 hoc
809 3418 858 3472 est
878 3411 964 3490 quod
987 3410 1083 3473 dicit:
1106 3418 1143 3473 tn
1163 3410 1248 3492 priori

151 3506 285 3585 seminus,
305 3526 374 3571 soa
395 3502 591 3591 vivificetur,
611 3509 677 3573 uisi
693 3508 787 3591 prior
807 3511 987 3574 moriatur:
1008 3520 1036 3573 ct
1055 3512 1141 3591 qood
1161 3512 1251 3576 asari-

151 3623 210 3681 sus,
229 3629 292 3672 sos
313 3622 433 3690 corpur!
448 3613 532 3692 qood
549 3613 700 3691 [uturum
720 3620 777 3688 est,
796 3610 942 3675 seminus.
957 3610 1045 3693 Ergo
1066 3614 1141 3686 hoc,
1162 3614 1250 3694 quod

151 3708 221 3771 tsiit
241 3718 277 3773 ut
296 3729 410 3775 semen
429 3714 462 3775 iu
484 3722 604 3776 terram
626 3730 746 3793 corpus
767 3721 931 3788 nostrum,
954 3722 1178 3792 comparatum
1200 3722 1249 3777 est

152 3822 236 3883 rrrno
257 3812 426 3876 frumeuti.
447 3832 465 3869 s

311 4010 429 4076 Testes
451 4011 599 4097 Oripesis
618 4036 659 4079 ex
678 4039 704 4082 s.
730 4018 918 4103 Hieronymi
949 4025 1088 4087 versione

218 4214 474 4301 «Hieronymus
496 4237 575 4283 rero
595 4219 812 4285 diversimode
836 4224 918 4286 hauc
936 4225 1120 4304 pericopam
1138 4225 1252 4303 rertit;

156 4331 168 4366 ⁴1
186 4311 347 4396 Quotam,
369 4321 486 4401 iuquit,
507 4320 665 4385 sicmeuts
686 4330 781 4400 suut,
804 4325 1004 4406 philosophis
1024 4340 1157 4405 quoque
1178 4330 1253 4387 uota

157 4420 182 4473 et
199 4419 346 4497 medicis,
368 4421 410 4483 rte
430 4421 549 4500 quibus
569 4439 680 4486 omucs
701 4440 753 4485 res
773 4431 806 4486 et
836 4442 975 4507 corpors
1006 4426 1146 4489 hnmsua
1168 4441 1256 4487 com·

157 4522 233 4588 itcts
252 4529 341 4600 sunt,
364 4530 465 4600 turra,
487 4540 587 4604 sque,
608 4539 679 4599 ser,
700 4530 733 4587 ot
756 4522 857 4607 iguis:
891 4533 1012 4591 terram
1034 4528 1066 4589 iu
1087 4523 1252 4600 carnibus,
