3375 5567
428 748 467 827 ii,
489 750 545 833 psi
564 749 802 831 benefecerunt
821 748 857 812 in
876 746 1135 813 resurrectionem
1154 746 1256 823 citae,·
1270 748 1327 833 qui
1346 759 1449 816 estem
1462 751 1545 817 maia

429 848 555 932 sariunt
582 849 618 913 in
637 848 898 913 resurrectionem
914 849 1045 931 judieii.
1069 850 1197 913 Pariter
1215 850 1252 913 in
1274 850 1419 916 Psalmos
1438 872 1465 917 c.
1489 852 1543 918 Xl.

430 951 492 1015 sub
513 951 649 1033 mystico
666 948 801 1014 Oetaeae
822 951 966 1026 nomine,
980 950 1075 1013 duem
1096 952 1333 1031 iuterpretatur
1354 954 1439 1015 sitae
1458 972 1547 1034 prae·

430 1052 529 1113 sentis
549 1068 587 1112 ac
609 1049 841 1113 inlusisseculi
864 1052 1011 1123 initium,
1034 1050 1089 1113 ubi
1111 1051 1200 1113 nulla
1224 1051 1363 1129 amplius
1393 1052 1472 1114 bons
1497 1052 1547 1115 vel

430 1152 515 1214 mala
539 1152 743 1231 perpetrandi
766 1151 1033 1213 subministratur
1052 1152 1192 1213 occasio:
1210 1172 1227 1210 a
1248 1151 1308 1214 Sed
1324 1168 1548 1231 quaecumque

430 1253 504 1331 quis
531 1268 670 1331 operum
697 1253 817 1314 semina
841 1252 895 1312 blc
925 1253 1103 1331 sparserit,
1134 1252 1268 1315 illorum
1298 1252 1340 1314 ibi
1368 1254 1546 1332 manipulos

428 1350 562 1430 colligit.
581 1349 801 1426 Quamobrem
819 1352 850 1411 in
872 1351 934 1412 boc
950 1351 1072 1413 mundo
1089 1354 1315 1429 poenitentiam
1338 1370 1433 1431 agere
1446 1353 1547 1434 jubet,

429 1453 549 1531 quippe
566 1452 598 1512 iu
620 1451 746 1514 iulerno
762 1450 951 1530 hujusmodi
973 1452 1117 1513 studium
1129 1451 1283 1514 iniectum
1302 1452 1454 1527 manebit,
1470 1452 1549 1515 idest

430 1552 543 1613 nullus
565 1552 628 1613 erit
649 1552 865 1631 poenitenliae
887 1552 1025 1613 locus.»
1050 1550 1177 1613 Pariter
1197 1561 1229 1614 et
1250 1554 1363 1615 eodem
1384 1552 1492 1615 studio
1512 1570 1548 1612 es

432 1650 615 1713 describens
645 1648 796 1720 Sanctus,
818 1667 904 1729 quae
938 1654 1211 1714 resurrectionem
1233 1652 1487 1730 subsequentur,
1519 1652 1549 1711 iu

432 1749 496 1813 fine
516 1748 679 1813 Sermonis
701 1746 739 1811 V.
763 1746 806 1811 De
827 1748 1098 1826 Beatitudinilsus,
1122 1752 1347 1815 misericordes
1368 1769 1552 1831 repraesen-

434 1858 480 1913 tat
495 1850 684 1914 inhumanis
704 1852 872 1913 saevitiem
902 1853 1120 1932 exprobantes
1142 1853 1257 1933 bisque
1285 1852 1465 1915 dicentes«
1491 1850 1550 1915 Ubi

432 1968 575 2026 aurum,
599 1951 654 2013 ubi
677 1967 767 2012 vass·
783 1951 973 2030 splendida,
998 1954 1052 2016 ubi
1074 1972 1134 2031 per
1161 1953 1364 2032 signaculum
1395 1950 1551 2013 tbesauris

432 2050 572 2112 adbibita
595 2048 732 2113 cautio'l
747 2048 833 2126 Quid
857 2052 936 2115 baec
957 2052 996 2113 sd
1018 2052 1132 2115 datum
1146 2061 1178 2115 et
1195 2053 1367 2115 stridorem
1388 2050 1552 2113 dentium?

435 2141 517 2219 Quis
545 2143 740 2207 illuminabit
762 2144 937 2209 tenebras?
957 2143 1039 2221 Quis
1068 2147 1238 2226 extinguat
1256 2143 1448 2209 dammum?
1474 2142 1551 2220 Quis

432 2246 553 2307 avertit
571 2238 775 2322 ἄτελέυτητον
795 2263 961 2327 nunquam
983 2248 1174 2309 morientem
1197 2244 1360 2309 vermem?
1379 2266 1397 2303 s

514 2342 559 2407 Dc
580 2344 784 2410 psalmarum
803 2343 1067 2426 inscriptionibus
1088 2366 1117 2411 c.
1133 2344 1222 2410 xvi.
1239 2347 1324 2411 circa
1342 2346 1553 2409 resurrectio·

434 2462 506 2511 nem
521 2463 617 2525 egeus
630 2464 671 2510 ex
688 2446 781 2515 l’auli
795 2446 835 2509 ad
849 2446 1034 2511 Corinthios
1049 2449 1177 2521 serbis,
1191 2449 1249 2528 qui
1263 2446 1421 2510 destruxit
1435 2464 1553 2509 omnem

433 2546 635 2611 altitudinem
657 2552 740 2625 etc.;
762 2554 795 2610 et
816 2566 858 2611 cx
879 2548 947 2612 diri
968 2546 1132 2628 Baptistae
1151 2550 1207 2629 qui
1232 2550 1315 2611 riam
1335 2548 1554 2628 complanavit

433 2647 562 2710 vivendi
585 2666 627 2710 ex
644 2648 707 2721 bis,
723 2648 838 2728 inquit,
862 2649 1072 2729 intelligimus
1087 2650 1234 2728 ipsorum
1249 2650 1415 2712 bominum
1429 2667 1494 2712 non
1509 2647 1554 2709 lo·

433 2768 471 2812 re
490 2746 722 2821 abolitionem,
746 2766 786 2810 ne
807 2748 953 2811 divinum
974 2766 1059 2829 opus
1087 2748 1204 2813 inutile
1228 2749 1405 2825 reddatur,
1426 2752 1454 2812 si
1477 2748 1555 2811 reci·

426 2850 490 2911 'dat
509 2850 541 2911 in
556 2847 711 2924 nibilum3
726 2847 782 2910 sed
803 2847 879 2911 loco
900 2850 1046 2928 ipsorum
1060 2850 1179 2929 peribit
1198 2860 1381 2929 peccatum,
1403 2856 1436 2912 et
1456 2852 1489 2911 in
1508 2850 1552 2911 ni·

434 2948 539 3011 bllum
560 2954 791 3025 concertatum
813 2946 965 3011 delictum
986 2947 1053 3011 oris
1072 2968 1201 3025 eorum,
1224 2950 1271 3012 sit
1294 2958 1324 3011 et
1343 2968 1443 3011 sermo
1463 2947 1553 3010 ladio·

432 3066 507 3112 ram
527 3046 670 3125 ipsorum
690 3047 859 3127 superbia,
881 3050 1063 3125 execratio,
1083 3057 1118 3113 et
1137 3049 1340 3113 mendacium
1362 3046 1399 3112 iss
1413 3047 1467 3110 ira
1484 3064 1554 3109 eon-

431 3148 656 3212 summationis
676 3164 740 3210 nnn
760 3156 867 3211 erunt.
892 3147 986 3225 Quae
1006 3168 1083 3215 cum
1103 3150 1244 3231 amplius
1264 3168 1329 3227 nou
1351 3149 1487 3221 inerint,
1506 3164 1554 3208 co-

405 3314 410 3323 ,
433 3258 583 3329 pnnseesst
601 3249 679 3331 quia
703 3246 786 3313 Deus
805 3247 1023 3312 dominabitur
1043 3250 1138 3313 iacob
1151 3261 1180 3313 et
1199 3248 1317 3329 finibus
1335 3258 1450 3310 terrae.
1473 3245 1554 3311 Nul-

435 3350 493 3413 libi
514 3350 598 3412 euim
621 3350 755 3412 cloelia
776 3350 900 3412 mulitia
923 3351 1051 3426 relicta,
1067 3351 1099 3412 in
1118 3350 1268 3413 omuibus
1282 3347 1399 3411 linibus
1414 3349 1555 3410 domins·

437 3451 529 3512 bitur
550 3446 698 3514 Christus
710 3470 721 3528 ;
745 3468 910 3530 cumque,
933 3450 1020 3530 quod
1041 3453 1074 3513 in
1095 3449 1205 3513 multis
1226 3448 1423 3520 dominatur,
1446 3460 1555 3525 pecca·

436 3559 507 3614 tum
529 3549 689 3612 demedio
710 3550 949 3613 sustolletur.»
965 3549 1086 3613 lleiude
1100 3548 1283 3630 expendens
1299 3549 1465 3610 bominum
1485 3562 1553 3608 sor-

437 3658 501 3713 tem
523 3656 597 3727 post
613 3646 774 3726 judicium
796 3649 1075 3723 novissimum,de
1093 3647 1250 3729 improbis
1269 3649 1331 3710 sub
1356 3664 1473 3709 uuum
1493 3645 1556 3707 tos·

434 3763 500 3821 sna,
521 3755 550 3807 et
569 3746 683 3825 fascem
703 3744 865 3824 patientur
885 3756 922 3809 ut
941 3765 1035 3810 eones
1054 3749 1183 3810 scribite
1208 3745 1450 3809 «Manifestum
1471 3744 1555 3807 asbi-

437 3854 521 3922 tror,
542 3864 583 3909 ex
607 3846 667 3909 bac
686 3846 844 3909 sermonis
864 3848 1055 3921 iteratione,
1079 3848 1223 3909 homines
1244 3848 1278 3909 in
1306 3845 1469 3909 alterutro
1488 3843 1554 3906 sisa

437 3949 535 4021 bono,
557 3946 625 4009 sire
646 3948 755 4020 malo,
777 3948 808 4008 iu
829 3966 896 4026 qun
929 3965 1015 4010 uuna
1036 3949 1136 4010 setam
1157 3947 1326 4026 degerint,
1357 3946 1428 4011 lore
1448 3944 1555 4007 itidem

436 4055 509 4127 post
531 4048 612 4109 banc
639 4048 747 4110 sitam.
774 4045 839 4123 Qui
860 4048 944 4109 euim
967 4046 1111 4110 modain
1133 4048 1311 4127 impietate,
1332 4047 1426 4125 qussi
1449 4045 1481 4105 iu
1495 4044 1555 4106 nir·

428 4137 529 4213 'suisa
550 4148 716 4227 ambulet3
751 4164 858 4226 neque
879 4149 911 4209 in
932 4146 987 4210 illa
1009 4148 1141 4211 civitate
1161 4148 1267 4226 deuit3
1293 4163 1353 4209 uec
1379 4146 1553 4207 humanum

436 4250 661 4313 ebaractnsem
682 4249 715 4311 ia
737 4250 870 4329 propris
892 4249 957 4309 rita
979 4248 1133 4322 custodit,
1149 4247 1206 4311 sed
1220 4245 1380 4310 ederetur
1399 4253 1434 4307 et
1454 4240 1554 4305 veluti

436 4351 524 4412 canis
545 4348 685 4413 edicitur
705 4368 747 4411 ex
767 4366 829 4412 suo
850 4348 1004 4427 arbitri03
1026 4349 1053 4410 is
1073 4355 1107 4410 et
1129 4355 1206 4412 tuuc
1227 4347 1382 4427 temporis
1402 4362 1420 4407 a
1442 4358 1554 4422 super·

438 4463 479 4511 sss
501 4448 631 4513 civitate
659 4448 812 4513 excidens
843 4447 987 4512 omnium
1010 4448 1170 4513 bonorum
1192 4446 1328 4529 penuria
1349 4442 1552 4509 multabitur.
