3375 5567
423 684 463 755 M
873 786 1014 856 CAPUT
1037 787 1094 852 ΙΙΙ.

422 994 465 1057 tte
486 994 667 1059 aeternitate
683 1010 860 1076 pmnnrunr
878 990 1048 1075 perspicue
1066 988 1279 1054 testimoniet
1300 988 1452 1072 Gregorii
1465 988 1544 1055 rcri-

458 1096 524 1177 ptis
539 1097 638 1179 iectu
656 1095 729 1177 fidei
749 1105 778 1160 et
797 1095 959 1160 doctrinae
978 1092 1153 1159 rotbolieue
1171 1109 1299 1157 armni
1318 1094 1477 1173 reposito.

427 1420 442 1458 n
466 1342 600 1463 Nolite
621 1408 749 1465 mutare
772 1402 944 1477 terminos,
967 1397 1074 1480 inquit
1092 1418 1118 1464 s.
1140 1397 1321 1477 Gregorius
1340 1395 1373 1459 io
1394 1393 1544 1477 Epistola

423 1503 462 1564 ad
486 1502 691 1566 Ambrosiam
712 1510 745 1566 et
765 1500 983 1578 Euemeriam,
1005 1501 1105 1566 nolite
1127 1506 1255 1564 motare
1275 1498 1444 1573 terminos,
1458 1518 1542 1580 quos

422 1613 604 1683 posuerunt
625 1613 733 1684 putres
755 1605 869 1668 nostri:
884 1622 990 1685 neque
1010 1602 1216 1683 simplicioris
1231 1600 1484 1681 praedicationis
1495 1617 1545 1662 aa·

421 1706 551 1786 peruari
572 1705 783 1785 idiotismum
805 1724 865 1769 nec
885 1705 1025 1785 amplius
1047 1704 1235 1767 traditiones
1252 1703 1357 1765 varias
1378 1702 1545 1766 existi-e·

423 1806 477 1879 tis,
496 1806 550 1868 sed
573 1806 604 1868 in
625 1807 776 1888 autiquae
798 1806 872 1871 bdci
893 1806 1042 1887 regulum
1064 1805 1245 1869 incedite.»
1263 1802 1341 1868 Late
1360 1803 1486 1885 cuique
1499 1802 1546 1865 in·

423 1907 517 1969 terim
538 1915 659 1989 potent,
676 1909 723 1971 uti
745 1910 786 1971 ab
807 1911 898 1975 initio
918 1909 1070 1988 exposui,
1084 1908 1262 1971 sententiae
1275 1906 1485 1986 evangelicae
1503 1905 1544 1967 de

420 2007 656 2071 beatitudinum
677 2026 715 2075 ac
737 2028 915 2090 poenarum
938 2013 1155 2091 perpetuitate
1175 2027 1218 2072 ex
1238 2023 1297 2071 ore
1319 2004 1442 2071 Cbrlsti
1463 2006 1544 2073 indi·

420 2115 504 2183 otee‚
526 2126 677 2189 quaeque
698 2109 848 2189 deinceps
868 2109 910 2172 ab
923 2108 1088 2189 Apostolis
1109 2117 1142 2172 et
1157 2108 1372 2173 successivos
1390 2105 1544 2171 Patribus

421 2225 526 2289 usque
545 2226 631 2271 nunc
650 2209 770 2274 eisdem
793 2208 913 2283 verbis,
936 2211 1118 2290 eodemque
1139 2227 1256 2282 seusu,
1280 2209 1405 2273 rstioue
1427 2209 1542 2272 eadem

422 2312 616 2375 recitentur:
634 2334 651 2373 u
669 2312 710 2377 Et
729 2311 819 2376 ibunt
838 2313 874 2376 bi
888 2332 940 2377 ex.
956 2330 986 2392 g.
1009 2311 1046 2376 in
1066 2309 1259 2391 supplicium
1273 2320 1449 2387 namnum,
1459 2308 1544 2391 justi

420 2421 524 2475 nutem
537 2412 573 2476 in
586 2413 687 2479 or’tnnr
701 2426 866 2478 oeternum
880 2461 888 2478 .
903 2459 931 2476 ..
950 2412 1103 2477 &redite
1116 2433 1138 2476 u
1151 2429 1197 2474 nte
1211 2408 1375 2475 maledicti
1387 2408 1544 2491 inignem

420 2522 602 2593 ueternum,
624 2517 681 2600 qui
698 2528 834 2598 perotus
843 2522 900 2580 rtet
918 2515 1040 2581 diodoto
1059 2526 1088 2578 et
1108 2512 1232 2596 angelis
1251 2513 1319 2595 ejus
1332 2556 1341 2575 .
1355 2558 1382 2576 ..
1398 2514 1458 2577 ubi
1479 2530 1545 2573 oer-

418 2613 478 2678 mia
504 2635 611 2680 eorem
639 2636 703 2682 non
727 2618 885 2693 moritur,
907 2629 936 2681 et
955 2617 1043 2700 ignia
1071 2636 1136 2681 non
1156 2613 1382 2697 entinprtitrtr,
1403 2624 1469 2680 etc.
1492 2611 1543 2676 Ab

419 2714 500 2780 iesu
522 2716 640 2782 Christi
664 2720 768 2783 verbis
789 2739 828 2783 nc
848 2721 1040 2785 eorumdem
1062 2716 1197 2781 Petrum
1226 2716 1484 2797 expositionibus
1511 2720 1544 2775 et

422 2811 528 2883 mente
548 2821 589 2883 de
608 2822 671 2885 boo
691 2820 841 2902 dogmate
862 2823 949 2885 bend
963 2822 1117 2885 abscessit
1131 2817 1295 2903 Nyssenua
1317 2818 1349 2879 iu
1362 2818 1461 2881 variis
1474 2832 1542 2880 ser·

421 2919 570 2981 monibus
590 2920 792 3002 diversisque
812 2922 1012 3002 argumentis
1031 2938 1052 2983 e
1071 2940 1106 2983 se
1127 2918 1350 2999 pertractatis;
1366 2917 1423 2981 ubi
1437 2912 1542 2997 parsi

420 3017 683 3085 adstititoocusio
703 3022 743 3087 de
765 3040 943 3103 protorum
965 3022 1075 3103 poenis
1095 3023 1128 3084 io
1149 3020 1253 3084 altera
1272 3019 1335 3082 rite
1350 3016 1539 3083 disserendi.

501 3119 628 3185 llorere
655 3120 835 3204 Gregorius
856 3125 887 3187 in
907 3122 1066 3187 Oratione
1088 3118 1126 3184 V.
1148 3121 1185 3184 de
1210 3116 1469 3183 Bentitedinibrsr
1499 3134 1542 3180 ex

422 3220 589 3303 Evangelii
615 3225 834 3291 locutionibus
861 3224 963 3291 Venite
981 3221 1135 3287 denedicti
1160 3221 1271 3287 Putris
1300 3221 1363 3285 arei
1386 3230 1451 3285 etc.
1482 3216 1541 3280 Dei

418 3322 578 3403 judicium
600 3326 760 3391 extollens
779 3329 812 3391 iu
835 3330 1048 3393 retributione
1070 3331 1113 3390 ita
1134 3346 1169 3391 se
1189 3345 1224 3389 se
1245 3328 1341 3406 gerit,
1359 3333 1479 3388 utnon
1499 3338 1540 3383 ex

404 3427 616 3489 auctor-trote
638 3434 762 3489 tanturn
783 3430 925 3492 divinem
940 3428 1195 3493 misericordiam
1209 3444 1285 3507 erga
1301 3424 1470 3491 dumuatos
1485 3439 1542 3484 ex·

423 3524 546 3600 cludet,
567 3526 622 3589 sed
645 3536 676 3590 et
698 3530 727 3589 id
749 3529 856 3609 logico
869 3550 1017 3595 sermone
1033 3531 1192 3593 adstruat.
1208 3525 1328 3591 Scribit
1341 3527 1439 3589 euim:
1458 3546 1475 3584 r
1493 3524 1539 3585 lta

418 3623 545 3704 iustum
565 3644 697 3707 quoque
720 3625 777 3693 bei
795 3630 956 3710 judicium
985 3633 1103 3695 uostris
1131 3629 1355 3693 abortionibus
1385 3624 1541 3690 assimila·

426 3732 492 3804 tur;
514 3728 768 3812 qualiecumque
789 3752 807 3795 a
829 3734 921 3795 nobis
942 3735 1111 3795 commisse
1135 3732 1268 3805 luerint,
1293 3730 1373 3792 talea
1393 3728 1486 3791 nobis
1500 3726 1540 3786 de

421 3844 483 3891 suo
497 3830 653 3907 praebens
670 3833 909 3897 retributiones.
936 3831 1050 3911 Venite,
1066 3834 1183 3917 iuquit,
1197 3829 1359 3894 benedicti:
1374 3838 1408 3892 et
1419 3827 1460 3892 ite
1473 3842 1540 3887 mn·

422 3926 538 3991 tedicti.
560 3928 672 4011 quue
695 3937 866 3999 necessitas
886 3944 1020 3999 externa
1042 3937 1073 3998 in
1096 3937 1144 3998 bis
1165 3941 1237 4008 est,
1258 3950 1345 4013 quoe
1365 3931 1405 3993 ad
1427 3930 1540 3992 dexte·

424 4045 492 4091 rum
514 4032 645 4110 quidem
666 4033 834 4099 collocatis
852 4035 1053 4117 jucundam,
1076 4036 1115 4097 ad
1137 4034 1298 4097 sinistram
1322 4048 1399 4094 tero
1425 4026 1537 4092 struti-

424 4129 483 4194 bus
504 4133 653 4195 soerbam
671 4154 781 4199 rocem
800 4134 984 4200 attribuat?
999 4136 1049 4199 Au
1064 4154 1127 4198 nou
1142 4137 1173 4197 bi
1190 4134 1322 4216 quidem
1338 4139 1472 4211 propter
1485 4142 1537 4196 eas

422 4250 507 4312 guae
529 4234 699 4311 iecerunt,
722 4237 976 4301 misericordiam
997 4238 1162 4301 consecuti
1181 4245 1271 4314 suot;
1296 4234 1344 4298 illi
1368 4250 1471 4303 vero,
1490 4224 1537 4289 id·

422 4334 512 4396 circo
532 4337 619 4415 quod
641 4336 799 4400 adversus
815 4339 982 4418 proximos
1002 4347 1036 4400 ct
1057 4338 1231 4418 populares
1245 4335 1384 4397 immites
1397 4338 1431 4394 et
1443 4329 1536 4394 iubu-

424 4436 508 4496 maui
538 4437 693 4515 luerunt,
715 4457 850 4503 sectum
871 4449 903 4503 et
925 4439 1046 4501 immite
1066 4438 1127 4502 sibi
1148 4438 1223 4517 ipsis
1245 4435 1391 4499 tisinum
1419 4443 1537 4494 numen

426 4536 662 4605 reddiderunt'.J
684 4539 780 4607 Dives
802 4542 858 4607 ille
879 4541 1002 4605 deliciis
1020 4538 1167 4605 diffluens
1188 4546 1287 4618 atque
1300 4534 1435 4601 luxuria
1451 4546 1536 4595 meu·
