3375 5567
432 768 516 833 test,
538 775 596 821 uec
617 756 824 838 pronunciari
843 758 966 840 justus,
986 759 1043 823 sed
1064 778 1140 849 eum
1159 761 1275 825 exterit
1294 778 1311 822 s
1332 776 1470 841 munere,
1487 766 1517 822 et

430 859 471 923 de
494 861 577 923 vitae
593 860 690 941 hujus
704 878 805 941 ugone
818 861 1000 926 discesserit
1018 908 1025 923 .
1042 908 1050 924 .
1067 908 1077 925 .
1096 908 1104 923 .
1120 861 1161 925 Bt
1176 880 1289 926 revers
1310 880 1381 925 cum
1396 860 1518 941 dunste-
1592 883 1593 892 2

431 960 484 1021 ins
504 980 545 1024 ex
567 971 659 1041 purte
679 980 713 1025 se
734 961 818 1025 dicut
839 980 1012 1043 :gnoscere
1029 973 1061 1026 el
1081 983 1122 1027 ex
1144 972 1237 1043 purte
1257 962 1440 1041 intelligere,
1454 962 1517 1040 quis

432 1061 508 1134 erit,
529 1063 585 1141 qui
600 1062 729 1125 dicutur
748 1062 955 1142 intelligens?
968 1062 1277 1143 Quantumcumque
1291 1062 1374 1125 euim
1395 1061 1463 1140 quis
1479 1060 1520 1120 iu·

434 1160 618 1241 tellexeri13
641 1164 672 1225 in
692 1164 825 1245 speculo
843 1173 875 1226 et
896 1167 928 1226 in
948 1166 1127 1244 uenigmule
1149 1164 1311 1227 ridebitur
1330 1160 1518 1239 intelligere:

432 1265 508 1343 quin
531 1275 601 1345 post
615 1266 844 1346 depositionem
867 1270 986 1330 terreni
1006 1268 1152 1346 corporis
1174 1265 1319 1330 retertur
1335 1265 1415 1327 lucie
1432 1262 1469 1324 sd
1483 1261 1523 1322 ls-

432 1367 513 1429 ciem
534 1366 723 1447 intelligere.
747 1366 840 1433 Nuuc
862 1388 962 1444 reru,
996 1376 1033 1432 ul
1052 1372 1099 1431 sit
1117 1368 1309 1449 §empturus
1337 1360 1523 1445 corruptelis

431 1484 545 1547 corpur
558 1480 713 1549 aggravet
733 1469 889 1544 unimam,
903 1481 932 1534 ct
951 1469 1099 1553 demergit
1117 1481 1243 1534 terrere
1256 1468 1407 1533 laddum
1416 1484 1525 1529 mss

431 1569 532 1633 multa
551 1571 746 1651 cogitantem.
771 1570 861 1637 Unde
881 1572 938 1649 tit,
970 1584 1007 1637 ut
1028 1574 1152 1637 nonsit
1172 1572 1353 1653 intelligens
1374 1570 1455 1651 quis,
1474 1582 1524 1630 uec

433 1673 601 1751 requirens
623 1671 737 1737 [icum.
769 1672 854 1738 Dum
874 1676 957 1738 enim
978 1674 1125 1755 corporis
1152 1672 1422 1739 sollicitudinibus
1440 1686 1525 1733 eccu-

433 1790 562 1853 pumur,
577 1782 609 1838 et
629 1792 713 1854 quse
728 1776 863 1840 hominis
877 1784 953 1841 sunt
965 1778 1174 1857 quaerimuss
1191 1772 1298 1840 [lenm
1311 1789 1466 1854 quserers
1482 1768 1525 1832 rel

431 1892 517 1953 quse
537 1872 595 1939 Dei
615 1886 702 1952 sunt,
728 1878 871 1957 cogitare
892 1896 954 1941 uon
975 1874 1302 1959 communiones
1321 1880 1527 1938 suueeeterss

429 1983 613 2066 temperent
632 1978 779 2058 origenis
798 1981 989 2056 sementim,
1010 1996 1095 2059 quse
1117 1980 1312 2041 ridebuntur
1332 1975 1465 2040 luminis
1482 1990 1527 2035 sr-

437 2077 568 2142 bitrinm
581 2078 710 2143 laedere
726 2080 756 2142 in
769 2080 927 2145 virtutum
940 2080 1110 2157 exercitio,
1122 2096 1303 2159 eurumque
1314 2078 1452 2160 perterre
1463 2090 1529 2136 mu·

434 2180 601 2245 secutione
622 2181 653 2243 in
675 2181 889 2245 boemundo.

513 2280 591 2347 ltem
613 2284 644 2345 iu
662 2280 759 2347 Libro
775 2281 831 2346 vt.
848 2302 881 2347 ιι.
901 2283 932 2348 3.
951 2302 992 2347 ex
1007 2283 1127 2348 eisdem
1141 2282 1325 2366 Sapientiae
1339 2278 1454 2343 verbis:
1473 2294 1530 2337 ccr-

433 2381 581 2463 ruptidilc
600 2402 715 2465 cerpus
736 2395 893 2467 aggravet
922 2385 1063 2449 crimem
1083 2394 1147 2449 etc.
1170 2386 1303 2465 arguit:
1320 2378 1441 2446 «Unde
1459 2387 1488 2441 et
1504 2377 1531 2438 in

436 2488 595 2566 prementi
617 2488 679 2552 situ
701 2496 802 2569 puto,
818 2486 906 2568 quud
922 2487 1059 2550 lermum
1080 2492 1181 2567 utque
1212 2484 1365 2549 umbram
1388 2482 1530 2543 uirtutum

435 2594 547 2671 tenere
568 2591 724 2670 possimus
733 2610 745 2669 ;
766 2592 849 2669 ipses
865 2605 944 2652 rere
960 2592 1109 2666 rirtntes,
1126 2596 1203 2652 tune
1216 2603 1292 2650 cum
1316 2585 1458 2648 venerint
1470 2580 1529 2651 ills,

437 2706 521 2770 quse
542 2692 682 2771 perlecta
698 2700 781 2756 suut.
808 2688 847 2756 El
860 2692 933 2755 ideo
952 2692 1061 2773 justus
1081 2707 1168 2753 nune
1183 2689 1296 2768 magis,
1313 2694 1351 2750 ut
1367 2686 1442 2748 milti
1458 2680 1532 2745 ride·

438 2800 505 2867 tur,
527 2794 558 2855 in
580 2794 694 2856 umbra
718 2796 890 2869 uirtutum,
906 2812 1004 2876 quum
1026 2794 1058 2856 in
1078 2792 1154 2870 lusis
1176 2789 1354 2852 virtutibus
1377 2786 1529 2851 ririt....
1594 2795 1595 2824 ³

440 2890 642 2975 Proindeque
663 2897 695 2958 iu
714 2896 828 2960 umbre
848 2897 993 2979 justitiae
1013 2896 1097 2959 etin
1117 2890 1234 2958 umbre
1255 2888 1445 2971 sapientise,
1459 2881 1531 2948 eliu

439 2995 556 3061 umbre
574 2996 716 3060 veritatis
739 2998 892 3073 risimus,
912 2998 1036 3062 etiamsi
1050 2996 1128 3079 justi
1150 3002 1182 3058 et
1203 2995 1365 3073 sepientes
1384 2995 1417 3053 et
1430 2987 1532 3051 rerits·

439 3098 478 3160 lis
498 3106 658 3163 smstores
678 3116 746 3161 esse
768 3099 979 3163 videamur.»
998 3096 1038 3161 El
1059 3097 1140 3160 hece
1159 3094 1265 3156 omnis
1285 3088 1420 3155 discutit
1437 3100 1532 3151 couse-

438 3208 577 3280 quenter
591 3203 622 3263 iu
638 3198 734 3265 Libro
750 3198 806 3263 lll.
824 3200 868 3263 lle
885 3196 1060 3278 Principiis
1080 3196 1260 3262 heerettcos
1282 3192 1449 3263 vellicans,
1467 3186 1532 3249 nuic

438 3300 578 3383 dogmsti
593 3303 632 3367 de
653 3303 788 3367 hominis
809 3304 967 3367 arbitratu
982 3300 1185 3363 adserentes:
1207 3296 1263 3360 ubi
1284 3303 1359 3375 post
1378 3288 1532 3375 pluresin·

438 3404 663 3486 vestigationes
683 3406 814 3470 statuit:
833 3402 1034 3469 «lisuiieste
1053 3419 1145 3481 erge,
1165 3398 1326 3479 iuquiens,
1348 3403 1441 3458 etex
1461 3387 1532 3453 mul·

441 3505 480 3568 tis
502 3506 623 3571 indiciis
644 3506 904 3579 demonstretur,
936 3502 1023 3585 quod
1045 3483 1156 3564 suimu⁴
1171 3502 1311 3563 humens
1334 3495 1412 3557 dum
1431 3492 1463 3553 ln
1481 3489 1531 3550 llus

441 3612 489 3667 est
509 3624 668 3687 corpore,
694 3608 838 3686 recipere
860 3613 965 3687 petest
985 3604 1128 3692 diverses
1148 3602 1293 3679 energias
1312 3598 1383 3660 sire
1403 3594 1533 3674 inopem·

443 3710 544 3771 tiones
565 3708 737 3789 spirituum
759 3707 977 3782 diversorum,
1001 3704 1162 3766 malorum
1184 3709 1215 3765 el
1236 3701 1440 3764 benorum.»

521 3808 737 3873 Nihilominus
751 3810 836 3873 hund
852 3809 982 3872 silentes
1002 3806 1150 3886 origenis
1171 3802 1362 3876 sdremurii,
1377 3790 1533 3861 novumle

443 3908 676 3991 Pstngtmtsmo
697 3911 791 3975 illum
814 3905 1016 3973 insimulandi
1037 3912 1241 3986 praetextum
1261 3901 1533 3980 investigaremus

443 4010 539 4077 Libro
562 4012 599 4075 V.
622 4032 651 4074 n.
674 4008 714 4080 10
733 4015 764 4075 in
786 4012 929 4075 eumdem
948 4008 1123 4089 Epistulam
1142 4006 1187 4069 ud
1200 4001 1372 4074 domm,
1385 4010 1417 4063 el
1428 3994 1535 4077 specis·

443 4116 500 4175 tim
522 4133 563 4177 ex
578 4112 805 4194 sequentibus:
823 4132 840 4171 u
855 4110 888 4177 Si
907 4112 1005 4184 enim,
1020 4109 1065 4171 uit
1077 4107 1249 4187 Origenes,
1264 4104 1296 4165 in
1312 4102 1343 4164 id
1357 4100 1458 4163 enims
1473 4108 1534 4174 ger·

443 4212 588 4277 lectionis
609 4213 799 4289 escenderit,
823 4221 861 4276 ut
881 4231 924 4276 ex
945 4218 1013 4273 teto
1034 4208 1133 4272 corde
1152 4222 1225 4281 suc,
1246 4210 1279 4265 el
1299 4220 1341 4265 ex
1363 4206 1427 4263 tels
1442 4193 1533 4258 ssimi

443 4332 501 4379 suu
517 4323 550 4378 et
569 4332 611 4379 ex
633 4318 707 4379 totis
723 4315 844 4377 viribus
865 4313 933 4378 suis
954 4311 1066 4391 diliget
1085 4308 1188 4371 licum
1209 4312 1242 4369 et
1257 4302 1438 4385 proximum
1450 4307 1532 4358 surm

443 4424 598 4499 tunquam
612 4420 761 4499 sclusam,
774 4415 832 4481 ubi
854 4414 918 4478 erit
937 4411 1059 4494 peceuti
1083 4407 1202 4474 lccnsl
1223 4406 1348 4470 idcirco
1368 4399 1495 4477 denique
1506 4396 1532 4449 et

444 4518 476 4581 iu
497 4516 581 4599 lege
602 4520 665 4584 lnce
684 4519 816 4595 dicitur,
838 4519 980 4598 primum
1001 4530 1069 4579 esse
1091 4508 1290 4585 msudstum,
1310 4512 1344 4569 et
1363 4506 1395 4565 iu
1409 4496 1531 4571 crure
