3375 5567
444 797 492 872 psi
512 794 607 858 sicuti
628 797 796 858 electuris
819 793 970 857 Patribus
996 787 1236 854 condonandam
1262 804 1328 850 esse
1350 791 1433 865 puto.
1452 779 1530 844 Cete·

445 913 517 956 rum
540 897 618 958 mibi
640 895 750 970 modo,
765 895 944 958 Auctorem
959 911 976 954 e
994 890 1149 954 isbnlosis
1163 889 1350 952 commentis
1369 885 1407 946 dc
1426 884 1528 942 anima·

443 1013 517 1056 rum
539 997 715 1072 descensu,
747 998 816 1058 sive
841 994 1052 1074 emigratione
1081 994 1122 1054 nb
1142 1010 1181 1055 eo
1208 988 1327 1054 mundo
1348 983 1486 1049 invisibili
1504 982 1529 1040 in

444 1096 531 1160 bnuc
551 1097 708 1162 mnndum
732 1096 902 1171 visibitem,
918 1095 1139 1168 abhorruisse,
1154 1094 1388 1156 demonstrasse
1402 1087 1471 1149 satis
1482 1090 1530 1146 ert.

521 1196 630 1279 Huius
650 1200 776 1279 generis
796 1217 898 1276 porro
919 1215 1028 1260 omnes
1042 1197 1081 1258 de
1105 1193 1312 1258 terrestribus
1326 1196 1383 1253 ant
1403 1185 1532 1250 coelesti·

442 1299 503 1362 ltus
522 1300 705 1363 locationes
725 1301 829 1362 relate
850 1299 889 1362 ad
911 1301 1037 1361 animae
1059 1298 1256 1369 mansiones,
1279 1311 1342 1356 nou
1363 1289 1419 1354 nisi
1440 1287 1531 1386 mysti-

439 1417 477 1462 ce
496 1401 565 1462 sire
591 1419 688 1464 sensu
708 1401 844 1481 spiritali
875 1401 1103 1480 comprehendi
1127 1404 1217 1478 petel
1236 1396 1276 1458 ab
1298 1394 1423 1466 eodem,
1445 1387 1530 1450 selnti

440 1507 474 1562 et
494 1501 560 1580 ipse
580 1502 728 1567 Cbristue
747 1503 913 1582 discipulis
933 1502 1000 1564 suis
1019 1500 1221 1580 significavit,
1245 1499 1416 1578 inquiens:
1436 1511 1483 1554 aar
1500 1507 1532 1548 ιι

440 1601 557 1663 mundo
576 1600 667 1665 erlis:
690 1621 745 1682 ego
765 1621 830 1666 nou
853 1621 924 1665 rom
938 1619 978 1662 ec
997 1600 1053 1662 doc
1074 1599 1209 1663 mundo.-
1225 1621 1241 1656 s
1257 1595 1339 1660 Vide
1360 1595 1453 1670 enim,
1466 1589 1534 1670 opti·

440 1719 492 1764 me
511 1702 590 1765 dicit
608 1703 787 1784 Origenes,
808 1721 849 1766 en
872 1703 1038 1780 municeps
1061 1717 1237 1779 corporum
1263 1699 1377 1777 aliquo
1398 1702 1485 1776 pacto
1502 1693 1535 1752 sit

438 1821 479 1865 ex
495 1803 558 1865 boc
578 1804 712 1881 maudo,
726 1822 791 1868 non
807 1813 912 1867 tamen
926 1822 968 1866 ex
989 1803 1121 1864 internis
1139 1801 1310 1866 localiter:
1329 1803 1533 1860 verumtamen

440 1902 508 1982 ipse
528 1904 625 1966 etiem
644 1923 686 1968 ex
706 1904 840 1968 internis
854 1912 915 1979 cst,
937 1903 1177 1982 comparatione
1195 1916 1319 1973 rerum,
1344 1915 1427 1977 qnae
1448 1899 1536 1954 meato

439 2005 671 2086 percipiantur.
696 2003 821 2068 Etenim
834 2005 937 2068 omnis
959 2005 1123 2082 municeps
1139 2019 1267 2075 eornm,
1283 2017 1370 2080 qnae
1391 1997 1534 2064 ridentur,

437 2123 589 2185 quaeque
610 2115 850 2186 pertranseunt,
872 2115 905 2169 et
926 2123 1010 2185 quse
1030 2112 1106 2169 sant
1128 2102 1333 2181 temporalia,
1356 2119 1398 2162 ex
1419 2095 1534 2160 internis

436 2216 497 2283 est,
519 2208 617 2269 etiam
638 2208 664 2270 si
681 2227 723 2271 ex
743 2209 986 2289 comparatione
1000 2208 1149 2270 locorum
1171 2206 1212 2268 sit
1224 2222 1267 2266 ex
1287 2199 1446 2281 supernis.
1461 2195 1537 2259 Licet

438 2315 543 2371 tamen
558 2309 768 2388 cuicumque,
783 2310 841 2389 qni
861 2328 902 2372 ex
918 2308 1063 2384 internis,
1086 2315 1119 2370 et
1132 2323 1174 2368 ex
1189 2306 1251 2367 boc
1267 2301 1390 2365 mundo
1404 2306 1436 2362 et
1455 2307 1536 2360 eter·

425 2424 473 2468 ‚ra
496 2407 608 2484 inerit,
630 2409 797 2472 immutari
818 2417 851 2471 et
871 2407 941 2472 fleri
963 2427 980 2471 e
1001 2409 1160 2487 supernis,
1184 2424 1243 2468 uec
1264 2405 1406 2483 amplius
1427 2419 1465 2464 ex
1486 2401 1536 2460 boc

379 2495 387 2506 ⁸
437 2506 558 2570 mundo
578 2525 657 2571 esse.
682 2508 785 2572 Alteri
804 2509 902 2572 etiam
921 2508 1011 2583 licet,
1034 2527 1074 2570 ex
1098 2508 1159 2570 boc
1179 2506 1291 2570 seculo
1307 2523 1383 2568 cum
1404 2503 1455 2577 sit,
1475 2500 1534 2560 lieri

436 2625 456 2671 e
475 2609 581 2686 cneio,
603 2608 729 2674 dicente
742 2610 908 2691 discipulis
929 2607 1118 2674 Selsatnrer
1141 2627 1182 2672 ex
1199 2601 1535 2680 mandassemus

438 2727 493 2771 uos
512 2728 528 2770 c
547 2712 663 2774 mamb
682 2710 773 2791 elegi,
793 2730 850 2774 uec
869 2711 1007 2790 emplius
1027 2730 1068 2774 esc
1081 2711 1197 2773 mnodo
1216 2707 1299 2772 estis.
1320 2729 1338 2766 s
1364 2705 1405 2770 Et
1426 2707 1475 2768 bic
1488 2703 1538 2766 init

438 2819 471 2873 et
490 2819 541 2874 est
559 2813 855 2878 ecclesiasticorum
871 2813 1005 2876 Patrnm
1026 2829 1134 2877 sermo
1155 2818 1188 2874 et
1201 2827 1327 2884 sensus,
1351 2827 1369 2872 s
1392 2826 1458 2888 qao
1472 2823 1539 2868 nun·

436 2928 535 2991 qnam
557 2915 690 2976 recessit
708 2912 884 2992 Origenes,
910 2913 1118 2992 ubicumque
1139 2911 1315 2974 detestatus
1344 2909 1537 2971 etbnicerou

437 3017 616 3075 commenta
639 3011 680 3076 de
699 3013 824 3076 animae
845 3014 1006 3076 bumanne
1026 3013 1150 3092 origiue
1170 3018 1204 3076 et
1223 3011 1420 3075 conditione.

518 3108 665 3190 lienique
691 3112 799 3192 qnoed
829 3111 1016 3193 bojnsmodi
1037 3112 1076 3174 de
1105 3112 1209 3174 enimn
1240 3112 1382 3174 bumana
1404 3103 1537 3186 Origeais

437 3212 709 3292 iureeligationes‚
730 3214 902 3294 repetenda
924 3214 1054 3278 suntab
1075 3216 1144 3295 ipso
1163 3213 1337 3294 praemissa
1358 3219 1428 3275 tum
1444 3209 1481 3272 de
1498 3207 1537 3270 di·

436 3312 609 3376 scussinnis
629 3311 831 3388 difficaltate,
850 3320 917 3377 tum
936 3313 976 3376 ds
997 3314 1183 3392 opinionum
1205 3313 1362 3376 varietate
1385 3315 1416 3376 iu
1437 3323 1537 3390 graece

439 3420 471 3478 et
491 3413 663 3476 christiana
687 3415 890 3495 pbilosopbia
907 3421 984 3478 tuuc
999 3413 1281 3478 insolescentium:
1296 3413 1380 3475 adeo
1403 3417 1450 3487 nt,
1469 3411 1492 3472 si
1512 3411 1537 3470 io

438 3514 587 3576 omnibus
601 3513 757 3594 Origenes
777 3513 918 3594 dogmati
940 3513 1102 3579 calboiico
1116 3533 1177 3578 uon
1198 3513 1392 3578 satisiecerit
1405 3512 1540 3575 edamur·

437 3613 512 3687 sim,
535 3616 567 3676 in
582 3613 630 3675 bis
651 3631 714 3677 non
729 3621 766 3678 nt
786 3632 900 3678 errans
920 3622 978 3678 ant
992 3614 1187 3689 haereticos,
1208 3613 1263 3676 sed
1286 3615 1395 3694 potins
1412 3622 1448 3678 ut
1466 3613 1541 3690 igna-

442 3731 498 3776 rus
518 3711 742 3794 corripiendos
762 3715 814 3778 sit.
832 3713 881 3778 dc
902 3714 974 3778 iden
999 3715 1126 3778 iuterim
1146 3722 1330 3794 opportune
1350 3713 1442 3778 nobie
1455 3713 1540 3778 obre·

436 3814 544 3889 ninot,
566 3831 651 3893 quae
669 3814 783 3878 scribit
801 3812 842 3877 de
875 3816 936 3878 boc
956 3821 1148 3894 argumento
1176 3833 1202 3876 s.
1226 3812 1429 3893 Augustinus
1449 3813 1479 3874 in
1498 3807 1542 3872 Li·

440 3915 501 3978 bro
523 3913 578 3977 vt.
594 3923 628 3978 et
641 3914 714 3978 vll.
737 3915 782 3978 Dc
797 3913 912 3979 Generi
924 3917 967 3978 ed
986 3915 1137 3990 litteram,
1155 3930 1311 3989 assereus,
1331 3913 1451 3978 multos
1466 3927 1540 3976 mor·

434 4017 522 4080 tales
543 4017 574 4077 in
596 4017 657 4080 bac
677 4016 865 4095 quaestione
887 4017 1009 4080 diutine
1030 4015 1195 4080 laborasse
1202 4036 1214 4094 3
1244 4021 1277 4078 et
1296 4017 1394 4078 etiam
1414 4011 1540 4095 portaris

441 4119 473 4180 iu
494 4137 561 4198 qno
582 4117 781 4193 laborarent,
805 4119 982 4198 plurimum
998 4117 1178 4197 reliquisse.
1200 4114 1368 4182 Neminem
1383 4116 1487 4180 adbuc
1499 4113 1539 4174 di·

441 4221 485 4283 cit
507 4227 688 4299 repertum,
709 4219 766 4299 qni
789 4226 854 4283 tam
874 4218 1017 4282 dilucide
1038 4219 1077 4282 de
1098 4219 1201 4281 anima
1223 4218 1400 4299 scripserit,
1415 4227 1451 4281 ut
1471 4212 1540 4278 nibil

442 4321 584 4402 amplius
611 4321 653 4383 sit
672 4320 906 4399 quaerendum.
939 4318 985 4382 dc
1007 4318 1119 4384 deinde
1148 4319 1228 4383 illud
1251 4319 1342 4383 nobis
1363 4317 1540 4400 praesertin

442 4423 529 4486 baud
550 4432 600 4484 est
618 4422 855 4504 omittendum,
877 4421 964 4500 quod
987 4420 1027 4483 de
1048 4440 1087 4484 eo
1122 4421 1234 4486 scribit
1253 4427 1279 4484 ι’.
1314 4419 1496 4501 Pamphilus
1514 4417 1540 4476 iu

442 4541 491 4586 cc.
517 4520 587 4586 vll.
608 4530 641 4587 et
662 4520 718 4586 lx.
742 4523 965 4604 Apologelici,
989 4523 1157 4602 iuquiens,
1179 4522 1351 4602 Origenem
1373 4521 1429 4586 etsi
1449 4515 1542 4594 dinei·
