3375 5567
423 684 485 754 ‘itit

425 800 548 862 rentes,
578 797 636 856 out
661 789 762 871 filies,
793 781 851 856 esst
885 783 1023 873 aptista,
1048 801 1106 855 oet
1134 792 1260 855 ἀοιιιιιιιι
1280 798 1409 872 propter
1432 809 1531 855 aenea

426 911 543 964 ιιιιιιιιι,
563 891 747 973 eentepturn
765 893 909 974 accipiet,
924 904 953 957 et
967 893 1066 957 vitem
1085 903 1244 957 aeternam
1260 892 1438 974 possidebit.
1454 892 1532 970 Quo·

428 1012 502 1058 rum
519 995 696 1058 verborum
718 993 890 1058 Glossator
904 1012 1040 1076 graecus
1055 996 1242 1058 transvertit
1257 995 1457 1076 mntssitque
1469 1013 1531 1059 sen·

429 1112 500 1158 sum
526 1095 567 1156 eb
595 1113 659 1167 eo,
683 1111 781 1176 quem
805 1095 935 1174 voluit,
966 1096 1151 1182 etquidem
1180 1095 1258 1178 jure
1288 1095 1440 1160 iudicarit
1459 1093 1533 1158 Aba·

431 1196 581 1262 mentius.
654 1205 659 1216 '

826 1401 914 1466 Vetus
935 1399 1168 1480 interpretatio.

514 1601 593 1666 item
604 1602 711 1682 quoad
727 1601 906 1667 additiones
918 1604 1056 1666 notando
1067 1601 1295 1682 snntexposita
1306 1597 1535 1665 iu'l'omoxiit.

436 1723 466 1765 n.
484 1701 515 1766 2.
538 1702 577 1765 tte
593 1701 676 1765 Etis.
699 1703 874 1784 Postquam
895 1704 1051 1786 Origenes
1072 1704 1168 1786 juxta
1191 1710 1334 1766 reterens
1357 1699 1539 1782 interpreta-

433 1807 551 1867 tionem
574 1803 721 1878 tatinum,
743 1801 947 1884 scripturam
970 1805 1137 1868 discussits
1162 1812 1191 1865 et
1215 1803 1247 1865 ri
1265 1801 1367 1865 nubtis
1381 1801 1535 1880 suscipere,

431 1905 498 1984 ipre
513 1914 558 1968 eet
573 1903 680 1978 Elias,
699 1903 757 1986 qni
770 1913 922 1968 osnturus
935 1901 995 1976 est',
1015 1905 1180 1969 transitui
1198 1905 1379 1986 sequentiae
1403 1925 1420 1963 ιι
1436 1901 1539 1966 Attae

435 2013 565 2079 eutem,
588 2006 704 2086 inquit,
728 2005 895 2069 videamus
911 2007 999 2086 quod
1021 2008 1089 2070 site
1104 2015 1132 2070 et
1153 2008 1293 2085 pensent
1310 2003 1341 2066 ei
1359 2011 1481 2085 pisente
1497 2019 1541 2062 ro

436 2109 587 2182 inerunt,
608 2109 647 2170 ed
674 2125 779 2188 quem*
797 2105 967 2172 refertur:
989 2115 1103 2172 utrum
1128 2108 1168 2170 ub
1194 2106 1344 2183 Scribas,
1367 2107 1408 2169 be
1432 2104 1540 2185 quibus

434 2212 669 2290 interrogantes
691 2209 839 2290 discipuli
869 2209 1037 2274 ‹tteetnnte
1058 2209 1138 2292 qnid
1163 2227 1236 2290 erpo
1260 2210 1375 2271 dieunt
1394 2198 1540 2271 Seriboe?

436 2309 498 2376 Sed
520 2329 584 2374 non
605 2312 786 2375 invenimus
807 2311 930 2390 aliquid
953 2305 1082 2392 passum
1109 2310 1268 2375 ioannem
1287 2327 1307 2372 a
1331 2309 1468 2384 Scribis,
1489 2304 1539 2367 nisi

438 2413 536 2489 torte,
553 2413 629 2493 quia
645 2430 707 2477 non
722 2411 932 2476 erediderunt
944 2414 986 2477 ei.
1008 2406 1078 2476 Ἀιιῑ
1097 2413 1156 2477 nisi
1179 2413 1276 2487 torte,
1292 2411 1382 2492 quod
1402 2407 1541 2490 superius

436 2514 590 2586 diximus,
607 2513 684 2578 soeii
698 2513 828 2578 tuerent
844 2513 920 2578 faeti
934 2516 966 2576 in
978 2515 1029 2589 iis,
1042 2533 1128 2595 qnae
1141 2514 1251 2579 intulit
1263 2511 1411 2577 Herodes
1425 2507 1539 2595 Ioanni.

436 2613 532 2679 Atius
553 2621 663 2678 autem
684 2614 877 2698 (ticinensi
899 2617 963 2679 ait:
978 2626 1009 2681 et
1027 2618 1169 2698 sererent
1184 2613 1214 2677 ei
1233 2621 1355 2696 quanto
1368 2613 1541 2682 sesemet.

439 2733 502 2779 non
523 2715 562 2778 ad
585 2714 714 2779 Seriba‘s
734 2716 876 2793 referri,
898 2716 954 2778 sed
976 2717 1016 2779 ab
1038 2715 1203 2781 Herodem
1223 2722 1256 2780 et
1277 2713 1493 2780 Herodiatiem
1514 2714 1543 2770 st

437 2817 537 2886 titiam
558 2814 629 2899 ejus
640 2837 653 2898 3
675 2825 809 2898 propter
830 2818 893 2881 boe
912 2826 1022 2882 eutem
1043 2819 1131 2899 quob
1152 2819 1324 2900 seqnitur:
1352 2817 1402 2880 eie
1420 2826 1449 2879 et
1466 2809 1543 2894 fitius

439 2916 577 2983 bominis
593 2916 734 3000 patietur
752 2918 792 2982 ob
812 2918 870 2995 eir,
893 2931 1131 3000 cousequenter
1149 2921 1290 3000 dieitur3
1308 2921 1335 2984 si
1355 2920 1495 3000 primurn
1507 2911 1543 2974 ab

441 3018 570 3084 Scribas
583 3019 735 3101 pertinet,
751 3028 784 3084 et
805 3021 868 3083 boe
881 3020 922 3083 ab
938 3019 1077 3085 Scribas.
1091 3021 1125 3087 Si
1145 3021 1416 3101 autem'primum
1437 3016 1475 3079 sd
1489 3011 1544 3077 He·

441 3119 554 3184 rodem
576 3127 609 3183 et
630 3117 848 3184 Herodiedem
869 3126 903 3184 et
923 3121 1022 3184 biliam
1045 3121 1129 3203 ejus;
1150 3130 1184 3186 et
1202 3120 1381 3186 seeundum
1402 3119 1543 3198 adipson

442 3220 526 3286 Num
545 3221 710 3285 invenitur
731 3233 763 3286 et
783 3219 932 3286 Herodes
951 3223 984 3285 in
1006 3231 1111 3286 morte
1132 3222 1251 3289 Christi
1273 3223 1372 3287 inisse
1393 3217 1543 3293 ennesius,

441 3329 474 3386 et
494 3321 598 3386 omnis
618 3323 735 3386 domus
756 3323 838 3404 ejus.
862 3343 880 3381 ιι
902 3321 1006 3405 cnjus
1020 3324 1230 3404 expositionis
1249 3329 1375 3388 moesi
1394 3332 1431 3387 ut
1444 3323 1546 3384 immo

441 3441 557 3488 remur
576 3436 706 3488 sensum
727 3426 923 3502 scrutaturi,
945 3443 1021 3490 eum
1041 3425 1119 3490 sutis
1140 3433 1259 3506 puteat.

888 3625 990 3691 Verrio
1012 3626 1122 3692 Hustii
1220 3629 1223 3634 ’

524 3827 596 3892 floe
609 3834 719 3892 eutem
740 3829 803 3894 diei
820 3830 934 3912 nequit
945 3831 987 3894 be
1002 3837 1094 3895 textu
1109 3848 1227 3912 grseeo
1242 3832 1403 3916 Anonymi
1417 3831 1459 3892 sb
1469 3826 1547 3892 flue

442 3930 487 3992 tio
512 3929 681 4004 translato,
703 3929 760 4011 qui
783 3933 890 3994 turios
904 3933 991 4014 eupit
1011 3933 1133 4013 glossas
1151 3950 1285 4007 eorum,
1298 3949 1385 4013 quae
1397 3945 1548 3996 commeo·

443 4037 529 4094 utus
541 4037 589 4094 est
608 4030 778 4111 Origenes,
795 4049 948 4114 quosque
969 4033 1012 4098 ite
1028 4053 1063 4098 se
1083 4034 1214 4098 habeut:
1232 4057 1250 4094 ιι
1266 4032 1433 4100 Dubitabit
1445 4040 1545 4096 sutem

442 4131 560 4212 uliquis
575 4132 763 4211 suspiritus
784 4141 817 4195 et
834 4134 939 4196 virtus
960 4133 1067 4209 bitiae,
1080 4153 1166 4217 quae
1185 4139 1219 4200 in
1233 4135 1358 4201 Ioanne
1377 4143 1481 4208 erant,
1494 4131 1546 4194 ali·

445 4233 524 4312 quid
547 4250 697 4313 perpesse
713 4233 775 4295 siut
792 4233 889 4315 juxte
904 4235 1001 4298 ittet:
1022 4237 1210 4316 [renuntia
1229 4257 1264 4300 eo
1276 4245 1485 4320 quoecumque
1502 4251 1548 4294 tt·

445 4334 585 4396 istrum:
602 4351 641 4397 so
654 4333 694 4396 ed
717 4333 747 4395 id
763 4334 954 4414 simpliciter
974 4339 1119 4419 quibem,
1132 4340 1286 4419 quoniam
1307 4338 1545 4403 nihilubsoount

444 4434 487 4495 ob
514 4434 727 4506 charitatem,
749 4432 937 4515 adjuvantis
966 4439 1106 4519 compati
1127 4438 1258 4521 sbjutis.
1290 4437 1333 4501 Et
1353 4436 1448 4502 bosus
1476 4447 1546 4512 ergo

444 4534 533 4599 dieit:
552 4546 683 4616 propter
702 4534 842 4612 infirmos
856 4535 1005 4613 infirmus
1017 4539 1089 4620 sei;
1110 4553 1137 4607 et
1157 4541 1193 4604 ob
1207 4538 1388 4618 ιιιιιὶιιιιιι,
1403 4536 1545 4610 ueruto
