3375 5567
169 810 223 857 esse
239 792 289 867 sit,
310 800 345 855 ot
364 792 434 853 sire
457 786 570 862 velint,
590 790 659 851 sive
681 783 793 863 oolint,
816 800 983 867 nunquam
1007 802 1180 866 resurgere
1196 804 1251 865 po-

167 897 276 969 tacrirt,
290 895 375 957 omni
390 892 505 954 salutis
519 909 574 970 spe
588 890 629 953 ab
644 891 690 954 eis
703 889 851 969 adempte
866 888 962 953 sicuti
977 894 1010 951 ot
1025 888 1250 969 poeniteutiam

168 994 248 1056 veluti
260 1000 350 1056 antea
366 1011 384 1054 a
400 1010 452 1053 ne
467 991 655 1053 testimoniis
671 990 860 1070 perspicuis,
877 989 996 1069 quibus
1021 1006 1060 1051 oe
1074 986 1252 1049 adversarii

166 1094 271 1173 quidem
290 1094 440 1172 origenis
461 1092 685 1171 refragentur,
707 1089 903 1171 patefactum
926 1098 984 1153 est.

226 1193 301 1260 llinc
321 1211 402 1273 ergo
421 1196 591 1263 statuitur,
606 1193 638 1254 ui
655 1194 685 1254 iu
700 1192 888 1272 antilogium
899 1192 1026 1273 penitus
1039 1189 1186 1253 incidisse
1202 1207 1255 1252 re·
1328 1180 1331 1185 ’

165 1296 242 1359 lium
268 1297 523 1370 Adamantiuro,
555 1295 688 1357 falsatos
716 1294 844 1357 codices
870 1293 984 1374 legisse
1009 1292 1179 1355 dicendum
1207 1298 1255 1355 est

166 1392 394 1480 Hieronymum,
405 1398 534 1463 diverse
550 1394 810 1469 transferentem,
822 1394 910 1475 quod
925 1401 1153 1473 argumentum
1167 1392 1255 1455 illius

167 1515 215 1558 son
225 1498 369 1560 intendit:
381 1497 655 1578 quemadmodum
668 1497 700 1558 in
711 1495 852 1559 menuda
864 1493 960 1559 Parte
971 1494 1069 1559 letius
1080 1494 1256 1575 disputant·

165 1606 215 1659 tur.
235 1598 444 1680 Quapropter
460 1609 527 1662 turn
546 1599 590 1661 ult
611 1599 693 1661 trane
714 1598 818 1660 minus
838 1615 976 1677 nequem
1001 1594 1190 1681 Hieronymi
1210 1598 1257 1659 in·

163 1703 422 1778 terpretationem,
438 1709 505 1763 tum
526 1720 570 1763 ex
585 1702 702 1763 ueteris
721 1699 871 1777 tlrigenis
885 1699 1048 1763 sententiis
1068 1705 1100 1761 et
1118 1697 1256 1761 maxime

165 1800 302 1865 inlibris
326 1802 371 1865 De
394 1800 587 1881 Principiis,
608 1819 690 1881 quas
712 1799 860 1864 Bullions
881 1801 1036 1863 obscuras
1057 1804 1089 1864 in
1113 1802 1259 1862 versione

164 1902 278 1981 reliquit
307 1903 508 1983 aliqnando,
531 1903 615 1965 nude
636 1911 670 1965 et
700 1904 821 1981 posteri
843 1920 882 1964 ac
911 1902 1001 1964 latini
1024 1903 1188 1981 speciatim
1218 1900 1258 1963 de

164 2004 260 2065 eedem
279 2004 424 2083 Origene
443 2002 557 2065 odensi
576 2012 664 2077 sunt,
688 2012 756 2066 tuus
778 2023 819 2065 ex
842 2004 965 2081 graecis
996 2005 1069 2083 ipsis
1092 2002 1258 2082 scriptori·

163 2104 224 2179 ins,
234 2108 288 2185 qni
304 2107 442 2180 malitia,
457 2123 517 2168 scu
532 2106 726 2185 ignorantia,
739 2105 884 2185 ejusdem
898 2099 1002 2168 libros
1017 2104 1257 2185 percurrentes,

163 2204 236 2269 illius
255 2216 397 2269 mentem
418 2218 551 2286 praeter
570 2208 618 2269 ias
640 2216 912 2283 transverterunt,
936 2207 1087 2271 timeatur
1107 2206 1259 2286 amplius,

164 2324 245 2384 qoam
260 2315 351 2371 reete
377 2306 564 2389 Pamphilus
581 2316 708 2390 martyr
726 2309 807 2388 (qni
828 2308 976 2387 proiecto
988 2307 1112 2387 Scripta
1134 2305 1262 2371 Periur-

161 2408 228 2470 cioa
245 2419 416 2475 scrutatus
437 2411 553 2474 nullibi
574 2410 671 2473 talem
692 2411 732 2474 de
763 2412 874 2475 lutura
908 2411 1102 2475 doemonum
1123 2412 1191 2473 sive
1212 2428 1263 2472 re·

163 2511 330 2587 proborum
348 2512 457 2576 salute
476 2512 707 2576 animadvertit
725 2514 886 2589 erroreml
910 2512 1063 2576 Auctoris
1085 2513 1186 2575 uestri
1207 2512 1264 2575 do·

160 2614 268 2678 etrioae
290 2613 411 2676 vindex
426 2623 538 2677 eontra
553 2613 698 2694 ejusdem
721 2624 929 2678 accusatores
944 2614 1109 2676 invehitur
1130 2614 1171 2677 ob
1187 2613 1260 2688 tras,

163 2732 229 2791 qum
258 2716 414 2795 praemisi
445 2732 583 2777 causas:
608 2736 624 2773 a
648 2714 820 2779 Praeterea
851 2716 948 2778 etiam
970 2714 1050 2777 illud
1074 2720 1123 2777 est
1143 2716 1264 2777 inveni·

162 2832 201 2887 re,
224 2817 329 2895 iuquit
350 2818 384 2878 in
399 2814 604 2879 Praelatione
621 2815 811 2898 Apologiae,
826 2818 914 2898 qnod
941 2835 1169 2897 nonnunquam
1186 2817 1265 2880 tales

161 2926 225 2979 snut
241 2926 452 2981 accusatores
473 2918 571 2997 ejus,
592 2920 650 2998 qui
676 2938 734 2981 aee
755 2937 904 2999 graecam
927 2922 1077 2985 noverint
1097 2920 1262 3000 lingnam

163 3018 208 3079 alii
226 3020 421 3082 omnimodis
440 3021 604 3098 imperiti,
625 3022 774 3106 nonnulli
796 3023 920 3085 etiamsi
942 3021 1065 3103 aliquid
1098 3023 1268 3087 videantur

164 3119 271 3183 tatere
286 3121 438 3201 peritiae,
453 3140 517 3183 non
540 3130 645 3183 tamen
660 3122 758 3184 etiam
773 3122 803 3183 id
818 3124 916 3185 studii
934 3123 1084 3185 habuisse
1099 3124 1268 3185 inveniun-

165 3228 222 3297 tnr,
236 3232 273 3285 nt
284 3223 381 3286 libris
401 3222 474 3303 ejus
496 3240 627 3302 operam
642 3222 800 3285 dederint.
823 3221 892 3285 Aut
905 3224 930 3285 si
945 3222 1099 3285 acciderit
1114 3231 1150 3284 ut
1170 3224 1267 3288 etism

164 3322 315 3401 tegerint,
336 3342 401 3386 non
421 3324 576 3387 continuo
597 3326 694 3387 etiam
717 3331 825 3388 tautae
851 3325 1043 3387 eruditionis
1065 3323 1209 3397 luerint,
1233 3332 1270 3387 ut

163 3423 358 3487 altitudinem
379 3443 494 3489 sensns
515 3425 587 3508 ejus
609 3427 743 3505 assequi
757 3425 937 3505 quiverint,
959 3444 1027 3506 qun
1041 3443 1092 3501 ea,
1114 3444 1199 3506 quae
1212 3425 1270 3489 ille

165 3523 285 3588 diuerso
311 3536 486 3606 prospectu
509 3545 569 3606 pro
590 3528 670 3590 locis
691 3536 724 3590 et
743 3527 850 3590 causis
871 3528 1029 3591 disserere
1044 3527 1139 3601 solet,
1155 3527 1270 3590 adver·

164 3633 224 3689 tere
242 3628 412 3691 soluerint
427 3637 489 3691 ete.
502 3648 519 3685 a
534 3626 676 3708 ideoque
691 3629 733 3689 ob
745 3630 801 3690 lars
816 3630 1019 3708 potissimum
1034 3646 1148 3692 causas
1162 3630 1269 3709 quoad

164 3724 486 3803 doemonissalntem,
506 3730 640 3809 ipsemet
653 3729 811 3810 Origenes
838 3730 878 3792 ad
900 3731 1020 3794 amieos
1044 3730 1273 3795 alexandrinos

165 3830 313 3905 uniens,
325 3831 540 3894 inimicorum
555 3846 693 3895 suornm
715 3832 910 3895 calumniam
927 3832 1121 3908 manitestat,
1143 3851 1218 3895 enm
1234 3832 1269 3905 ii,

166 3932 243 4007 qnod
266 3933 335 4009 ipae
350 3950 515 4012 nunquam
536 3950 595 3996 nee
609 3935 704 4007 dixit,
727 3952 786 3997 nee
802 3936 1012 4014 excogitavit,
1031 3934 1107 3997 talia
1125 3936 1273 3998 docuisse

169 4029 368 4107 affirmarim,
387 4034 576 4099 doemonem
596 4035 721 4098 scilieet
741 4036 884 4099 malitiae
906 4044 1032 4118 patrem
1054 4038 1191 4118 ejusque
1212 4036 1275 4098 eri·

169 4132 250 4195 uinis
271 4152 312 4195 ae
333 4152 511 4213 poenarum
531 4136 637 4198 socios
659 4137 730 4201 iore
750 4137 933 4201 salvandos.

239 4234 292 4299 Ex
314 4238 365 4299 lais
385 4236 516 4318 insuper
536 4240 719 4316 praemissis
740 4248 775 4303 et
804 4240 912 4321 quoad
938 4238 1103 4320 Pamphili
1119 4253 1180 4321 pro
1200 4238 1275 4302 Osi·

172 4348 242 4411 grue
254 4336 461 4418 Apologiam,
475 4352 508 4401 et
526 4340 665 4403 alteram
679 4339 829 4421 Origeuis
850 4328 994 4422 eiusdem
1009 4341 1274 4405 contestationem

174 4434 342 4500 solemnem
373 4439 414 4501 de
444 4438 516 4503 fidei
546 4458 627 4505 suae
657 4442 840 4523 integritate
867 4444 952 4506 eirea
979 4442 1174 4507 doemonum
1205 4458 1277 4521 per·

173 4532 320 4601 ditionem
342 4548 543 4620 perpetuam,
565 4540 632 4605 dno
653 4542 732 4603 milri
752 4542 891 4607 notanda
912 4540 1108 4607 offeruntur.
1131 4542 1276 4605 Primum
