3375 5567
144 797 172 860 ibi
187 798 218 861 le
235 797 433 864 retributione
456 797 631 880 unicnique
653 815 714 879 pro
736 798 858 862 meritis
881 804 951 877 post
970 796 1130 878 judicium
1151 818 1209 860 no·

145 901 267 964 estnon
285 901 478 974 obvenienti,
500 887 671 980 specialem
694 900 839 962 instituat
858 917 1051 964 sermonem.

197 1000 385 1082 Quapropter
406 1009 439 1064 et
460 1002 547 1081 oootl
562 1001 675 1064 aetate
690 1000 784 1064 tloeet
799 1000 922 1064 Paulos
938 1019 967 1060 r.
983 996 1046 1066 50:
1066 1001 1134 1066 llec
1152 1021 1211 1065 cat·

143 1111 180 1162 tin
193 1101 252 1164 lieo
268 1103 399 1183 iratres,
433 1101 512 1182 pario
531 1121 607 1164 coro
624 1112 653 1166 et
673 1100 805 1182 scepeie
825 1120 958 1181 raonem
981 1100 1039 1164 llea'
1052 1103 1211 1182 possidere

145 1221 184 1262 roa
198 1213 331 1282 metent:
351 1223 449 1286 neptae
469 1203 631 1284 corruptio
652 1201 903 1283 incorruptelam
921 1202 1107 1283 possidebit3
1129 1207 1211 1279 bec,

144 1304 250 1380 inquam,
265 1304 346 1367 baud
365 1305 589 1368 tautummodo
603 1307 634 1368 in
652 1305 796 1368 loturam
812 1305 991 1384 proborum
1006 1315 1127 1369 sortem
1142 1321 1212 1368 vcr-

144 1405 207 1480 titor,
225 1406 257 1468 iis
277 1408 306 1468 in
326 1425 429 1486 regam
460 1405 591 1468 coelesti
614 1416 782 1485 paratam3
808 1422 923 1469 rerum
951 1413 983 1468 et
1004 1406 1045 1469 tle
1066 1409 1213 1488 reprobis

143 1507 291 1588 ibiagitnr5
315 1510 365 1571 rel
390 1509 498 1589 potius
519 1507 558 1568 de
589 1507 797 1570 humanitatis
828 1505 1000 1568 universae
1031 1507 1213 1572 conditione

143 1608 162 1668 ir
177 1609 272 1672 nelias
292 1610 475 1689 retingentla
499 1626 557 1688 per
573 1611 863 1685 regenerationem,
879 1615 917 1671 ut
932 1607 963 1670 in
982 1616 1153 1674 aeternum
1171 1612 1215 1674 vi·

144 1721 187 1782 tat,
198 1712 333 1792 loquitur
349 1711 538 1792 Apostolus.
556 1708 711 1791 ldcoque,
727 1709 883 1789 euoluit,
900 1727 1033 1789 repertor
1050 1709 1116 1785 liet,
1139 1730 1213 1775 com

140 1811 275 1892 alipoaodo
296 1814 476 1895 praesentis
497 1829 630 1892 quoque
651 1811 722 1874 seri
747 1809 923 1876 Ecclesiam
945 1795 1214 1892 eomprehendam

141 1916 296 1994 quantoque
309 1913 431 1978 Christi
454 1930 589 1994 regnum
612 1929 686 1974 corn
704 1912 800 1974 Patre
820 1911 852 1974 in
866 1913 966 1976 coelis
979 1913 1039 1976 sibi
1054 1915 1144 1988 velit,
1160 1915 1215 1977 obi

141 2017 294 2096 eupiterna
314 2016 474 2080 fruitione
495 2033 569 2076 corn
587 2013 656 2076 Deo
677 2014 842 2077 laetantur
863 2015 988 2093 sancti;
1010 2016 1041 2076 io
1062 2017 1216 2078 hocloco
1349 2012 1352 2016 ’

142 2125 215 2178 tanen
234 2115 352 2180 Paulos
374 2116 458 2179 illoti
480 2116 587 2179 solnm
602 2115 721 2180 Christi
741 2135 878 2196 regnum
898 2117 1031 2193 iudicet,
1055 2118 1109 2182 ubi
1130 2118 1217 2178 deri·

139 2225 171 2278 eta
188 2227 291 2294 morte,
314 2219 439 2281 malitia
460 2237 518 2280 seu
540 2219 797 2297 concupiscentie
819 2219 924 2282 camis
944 2219 986 2280 ab
1007 2219 1136 2284 bomine
1156 2219 1218 2284 lis·

139 2319 221 2398 tipata,
240 2328 398 2399 potestate
413 2319 622 2383 tenebrarum
644 2321 765 2393 diruta,
782 2319 873 2383 eolus
891 2319 1042 2384 Christus
1064 2321 1219 2400 regnabit.

138 2415 214 2482 ltobi
227 2419 333 2486 omnes
349 2441 369 2486 e
392 2423 529 2502 putrere
543 2422 657 2484 mortis
674 2421 907 2500 expergefacti,
923 2419 1089 2487 Christum
1111 2421 1215 2486 Deum

139 2523 258 2599 euicui,
289 2525 524 2604 glorificabunt
552 2541 628 2586 cum
651 2530 715 2586 tarn
737 2524 780 2605 pii
802 2541 901 2603 quoru
923 2525 1034 2605 impii,
1056 2532 1120 2586 tam
1138 2525 1219 2605 justi

138 2641 205 2702 quan
218 2637 418 2707 peccatores,
440 2628 499 2690 etsi
521 2624 724 2705 inaequalem
740 2625 955 2689 contuitionem
974 2643 1038 2706 pro
1059 2626 1221 2707 cujusque

139 2729 228 2790 ueritis
246 2733 412 2804 sortituri,
429 2729 483 2792 alii
500 2729 530 2790 in
551 2727 651 2792 coelis
672 2725 776 2792 Deum
799 2729 881 2792 lacie
901 2729 940 2790 ol
963 2729 1078 2792 leciem
1101 2731 1219 2804 intuiti,

140 2825 202 2890 ionis
219 2833 366 2894 omnibus
389 2829 560 2903 cumulati,
582 2831 682 2892 ceteri
702 2847 778 2894 cunr
794 2826 1006 2893 doemonibus
1027 2830 1223 2894 incessanter

142 2929 240 3006 niort,
268 2933 474 2997 eruciatibus
504 2931 611 2995 allecti
641 2931 868 3012 sempiternis:
900 2930 988 3010 qood
1020 2931 1097 2992 alibi
1127 2932 1223 2994 docet

141 3028 295 3110 ipostnlus.
1160 3049 1165 3058 ’

194 3130 279 3198 lione
298 3151 405 3216 porro
427 3150 555 3222 sensum
577 3131 722 3214 objicere
752 3132 964 3213 apostolicam
994 3133 1182 3196 sententiam
1205 3151 1224 3192 e

138 3239 440 3310 misrrumum,
476 3237 530 3300 nbi
553 3235 643 3297 nulla
666 3236 778 3314 agitor
797 3234 944 3314 specialis
966 3235 1085 3296 mentio
1106 3251 1165 3296 uec
1185 3231 1226 3294 tle
1342 3312 1345 3316 Δ

107 3337 108 3368 ³
140 3335 232 3408 probis,
251 3355 361 3419 neque
384 3338 424 3400 tle
444 3336 592 3417 reprobis
613 3336 859 3410 resuscitandis,
880 3336 935 3400 sed
950 3352 1062 3400 omnes
1081 3335 1226 3398 indiscri-

107 3467 108 3470 =
139 3435 262 3514 niratiur,
278 3443 337 3512 ait,
351 3442 535 3504 necessario
550 3445 732 3518 resurgent,
747 3455 858 3500 omues
876 3437 1120 3501 immortalitate
1134 3454 1226 3517 prae·

107 3527 108 3550 ¹
139 3531 239 3608 dlibet
260 3561 375 3606 omnes
396 3539 679 3620 incorruptibiles;
701 3546 731 3602 et
747 3540 895 3619 quamvis
915 3539 1067 3602 vitiorum
1081 3540 1226 3602 omnium

107 3681 108 3688 ,
141 3645 290 3718 congeriem
313 3646 346 3705 in
369 3660 430 3707 sua
451 3659 589 3723 corpora
612 3641 803 3715 intulerint,
830 3641 1011 3720 incorrupti
1032 3647 1226 3722 resurgent:

107 3759 108 3764 ¹
141 3743 300 3809 canetenim
323 3746 421 3819 tribe,
443 3753 471 3805 et
492 3740 609 3806 mortui
629 3749 793 3823 reserpere
813 3740 995 3822 incorrupti
1006 3783 1016 3815 ,
1040 3742 1113 3805 boni
1138 3741 1229 3804 mali·

107 3831 108 3852 ¹
143 3854 186 3912 pue
201 3845 302 3908 simol.
330 3845 476 3926 ldeoqne
498 3853 533 3908 ut
556 3845 642 3906 hune
669 3851 790 3906 statum
812 3843 1065 3922 incorruptionis
1087 3843 1226 3907 bumana

144 3945 270 4026 pertingat
291 3957 436 4020 notura,
458 3964 476 4008 a
501 3945 604 4008 reteri
634 3946 763 4008 bomine
784 3945 815 4006 in
836 3959 958 4006 norom
987 3943 1053 4023 ipsa
1076 3943 1227 4004 mumulo

147 4045 225 4123 treit;
250 4047 341 4128 quoe
368 4064 478 4110 serem
509 4045 785 4126 regenerationem
806 4063 844 4108 ac
867 4045 1133 4111 restaurationem
1156 4060 1230 4104 eon·

146 4143 233 4222 stituit,
254 4151 362 4214 veluti
384 4148 521 4232 praelati
543 4148 726 4227 Scriptores
738 4155 879 4208 mentem
900 4145 1110 4226 apostolicam
1132 4144 1229 4206 iuter·

107 4277 108 4294 ,
148 4252 246 4324 pietati,
266 4252 465 4314 riocueront.
485 4249 534 4313 lix
557 4251 606 4312 bis
617 4250 719 4333 igitur
734 4250 806 4312 talis
820 4267 855 4312 se
870 4249 967 4310 babet
982 4248 1152 4326 pericopae
1161 4263 1233 4308 seo-

146 4361 196 4410 tus:
208 4349 269 4414 lloc
282 4363 391 4418 cratem
403 4351 490 4426 alico,
510 4351 640 4432 iratres,
656 4352 733 4434 quic
747 4370 823 4414 coro
836 4360 865 4414 et
878 4348 1011 4430 scepeie
1023 4366 1156 4428 repetem
1177 4345 1233 4408 llai

148 4453 271 4517 ”rddere
298 4472 365 4516 eon
383 4463 537 4536 persuum·
567 4470 663 4532 nepae
689 4450 849 4534 corruptio
876 4447 1120 4530 correptionem.
1150 4447 1236 4511 ltlest

150 4543 256 4618 tentate
268 4564 387 4620 nature
409 4555 471 4620 sub
493 4564 627 4639 peccato
649 4555 790 4638 perdite,
807 4550 993 4614 comatibus
1015 4549 1100 4612 vitiis
1120 4565 1235 4611 corro-.
