3375 5567
142 766 239 824 auteu
260 777 326 821 ιιιιι
349 757 475 834 colens,
498 777 557 822 nec
577 765 690 838 sponte
711 759 843 840 propria
859 801 869 831 ,
884 756 940 821 sed
964 757 1130 821 voluntate
1152 756 1244 837 ejus,

142 862 190 941 qui
214 860 376 940 ιιιιιιιιιιιι
403 861 565 923 universa.
599 859 737 940 Propter
758 860 864 940 ipsum
893 874 971 938 ergo
998 856 1143 937 subjecta
1173 863 1219 918 est
1233 875 1244 933 3

140 960 275 1042 subjecta
296 968 407 1023 antem
428 978 492 1021 nou
512 977 550 1022 ea
571 962 767 1034 conditione,
790 967 828 1022 ιιι
849 966 976 1022 maneat
996 975 1124 1038 semper
1140 957 1248 1038 subje-

142 1071 184 1126 cu
205 1062 351 1136 vanitati,
371 1063 427 1124 eetl
449 1081 523 1124 cum
545 1060 686 1142 quatiant
706 1081 774 1142 spe.
798 1059 892 1137 Quae
907 1068 1016 1125 autern
1038 1062 1080 1122 sit
1098 1079 1170 1142 spes
1185 1062 1244 1122 ista

140 1171 365 1226 commemorat
384 1162 512 1226 diceusr
534 1163 737 1243 quoniamst
759 1162 841 1245 ipso,
863 1164 919 1239 ait,
942 1173 1088 1224 creatura
1104 1159 1249 1224 liberuli-

140 1277 186 1328 ter
196 1263 374 1327 coercitutr
393 1263 624 1344 corruptionis,
640 1262 676 1326 ιἰι
697 1263 869 1330 terricum
885 1260 1009 1340 olorioc
1023 1261 1163 1342 filiorum
1178 1260 1248 1326 nes.

142 1367 311 1430 litantem
327 1365 450 1428 l’aulns
462 1366 547 1428 scire
559 1384 594 1428 se
610 1374 644 1428 et
656 1366 777 1428 similes
792 1364 866 1440 sibi,
881 1361 1031 1443 quonium
1046 1361 1148 1426 omnis
1162 1382 1249 1426 crec-

142 1479 210 1531 tsrc
229 1464 430 1548 cosqcmiscit
449 1473 479 1527 ct
499 1467 643 1528 condolet
663 1484 762 1547 usquc
782 1466 901 1538 odituc,
925 1467 974 1528 rel
999 1474 1034 1530 ut
1060 1466 1131 1528 aliis
1154 1466 1251 1528 lrabe-

143 1579 191 1632 tnr
209 1567 467 1648 exemplaribus,
488 1564 688 1647 conquassaris
707 1575 736 1629 ιι
752 1564 899 1646 parturit
919 1583 1016 1646 usque
1037 1565 1152 1630 calluc.
1168 1565 1251 1630 Con-

142 1669 310 1750 gcmiscerc
331 1675 442 1733 autern
462 1676 496 1732 et
515 1668 692 1733 condolere
712 1677 760 1733 est
779 1687 855 1732 cum
878 1669 944 1732 alio
965 1668 1094 1732 dolente
1124 1669 1176 1730 vel
1198 1687 1250 1749 ge·

143 1780 242 1836 necte
261 1789 392 1852 gemere
412 1779 446 1833 et
466 1768 592 1847 dolere,
614 1772 677 1834 hoc
697 1779 757 1845 est,
780 1788 856 1834 curn
879 1771 945 1850 ipse
965 1771 1097 1852 quidem
1118 1787 1249 1835 causam

144 1871 285 1951 gemendi
305 1889 370 1936 unu
390 1870 510 1934 habeat
530 1871 756 1946 reluctanti,
777 1872 877 1952 gemit
898 1879 1004 1935 tamen
1028 1891 1089 1954 pro
1110 1891 1171 1949 co,
1194 1875 1251 1952 qui

143 1991 265 2038 musam
289 1973 386 2037 habel
406 1972 553 2053 gemendi
575 1974 626 2036 rel
646 1972 789 2037 dolendi.
812 1969 884 2036 lloc
903 1978 1013 2036 autern
1035 1973 1125 2046 dicit,
1143 1973 1251 2038 iacere

142 2083 334 2150 ereaturam,
351 2091 413 2154 pro
432 2091 472 2137 eo
489 2073 577 2153 quod
601 2074 733 2137 vanitati
746 2072 893 2154 subjecta
915 2080 976 2150 est,
993 2081 1026 2137 et
1045 2076 1077 2136 in
1091 2076 1250 2138 servitute

144 2175 356 2254 corruptionis
376 2176 480 2256 posita
502 2185 563 2239 etc.
587 2195 603 2232 s

215 2273 329 2355 ltaque
345 2292 421 2339 cuns
442 2278 488 2339 ait
503 2274 659 2357 Origenes
682 2277 764 2340 hanc
781 2281 981 2354 erecturam,
997 2278 1080 2340 idest
1093 2278 1250 2342 elementa

144 2377 246 2441 nundi
265 2379 417 2457 quamuis
440 2377 609 2472 rationalia
631 2376 748 2458 subjici
773 2377 905 2441 sanitati
937 2380 1037 2442 invite
1061 2395 1118 2442 nec
1136 2379 1253 2459 sponte

144 2481 281 2558 propria,
302 2480 358 2541 setl
382 2479 549 2543 voluntate
563 2481 712 2555 alterius,
735 2479 889 2559 arguitur
904 2481 1004 2560 ipsunt
1024 2480 1100 2562 jure
1115 2481 1253 2545 arbitra-

145 2587 192 2642 tus
209 2579 259 2642 sni
275 2595 402 2655 carere,
419 2597 636 2660 necunquam
651 2580 721 2660 ipen
737 2581 783 2643 uti
804 2599 909 2658 posse,
925 2584 980 2644 scd
995 2601 1030 2643 se
1044 2601 1078 2644 se
1095 2601 1112 2643 ιι
1130 2590 1255 2646 mature

143 2681 263 2761 agilan,
286 2684 343 2761 qni
365 2671 666 2762 caru-quocumque
689 2681 772 2756 vnit,
795 2681 896 2744 ducit.
922 2682 1071 2744 attamen
1093 2675 1253 2762 cumipse

145 2777 287 2846 Creatori
305 2799 368 2847 sno
389 2783 421 2843 ia
441 2783 590 2868 omuibus
610 2783 831 2862 obsequatur,
848 2779 998 2862 quamvis
1018 2783 1172 2846 recedere
1193 2803 1255 2846 non

144 2885 235 2960 possit
254 2884 295 2945 ab
316 2884 459 2963 incepto,
481 2883 601 2947 dicitnr
621 2884 671 2950 ab,
685 2881 878 2948 adamantio
899 2882 1004 2963 lonico
1024 2886 1093 2948 sire
1116 2887 1254 2948 rationa-

144 2983 179 3047 lis
198 3003 287 3061 esse,
309 2986 351 3048 alt
382 2987 448 3065 ipsa
472 2978 596 3048 ratione
627 2988 678 3067 agi
699 2995 732 3048 et
752 2985 850 3060 duci,
873 2987 932 3048 etsi
958 2994 1073 3049 natura
1096 2987 1167 3067 ejus
1188 3004 1256 3048 om·

145 3086 213 3148 nino
233 3087 410 3150 materialis
430 3089 472 3150 sit
492 3088 562 3151 ullo
583 3089 707 3168 absque
726 3089 928 3152 discretionis
949 3105 1058 3161 sensu,
1081 3106 1138 3151 seu
1161 3089 1254 3167 spiri·

146 3186 210 3251 talis
230 3189 473 3269 intelligentiae,
494 3207 561 3270 quo
581 3192 715 3271 spiritus
736 3190 892 3254 coelestes
912 3197 945 3252 et
967 3190 1110 3252 homines
1126 3192 1253 3269 potiun-

146 3295 205 3352 tur.
229 3289 278 3354 Ex
299 3292 362 3355 laoc
382 3292 484 3371 igitur
502 3291 690 3372 Οιίςιιιιιιι,
713 3308 789 3355 cunr
810 3300 980 3355 creatnrss
1003 3292 1177 3354 rationales
1199 3309 1253 3353 no·

145 3393 238 3456 uiuat
256 3394 416 3458 elementa
437 3393 536 3474 hujus
558 3393 668 3476 muntii
696 3394 849 3458 coelestia
871 3401 904 3456 ct
925 3395 1115 3466 terrestria,
1140 3393 1254 3456 latissi-

145 3507 226 3555 nurn
245 3493 454 3557 intervalium
486 3494 664 3572 collocasse
684 3494 867 3559 ostenditur
897 3496 979 3558 inter
1001 3495 1166 3558 hominum
1205 3514 1255 3557 rs·

147 3595 371 3673 tiouslitalem,
394 3613 433 3659 ac
463 3595 667 3676 reliquarum
697 3615 932 3677 corporearum
962 3606 1191 3661 ereaturarum
1220 3600 1251 3660 in

145 3694 236 3772 ipsius
256 3696 393 3760 hominis
413 3696 606 3778 obsequium
628 3699 842 3760 conditarum.
867 3696 973 3772 Quam
995 3697 1127 3777 insuper
1149 3700 1253 3762 homi·

145 3796 362 3862 cierationem
386 3799 515 3876 saepius
540 3800 607 3878 inse
637 3798 699 3862 salt
729 3799 891 3862 uocabulo
915 3799 1050 3878 spiritus
1077 3802 1144 3862 sive
1170 3819 1256 3864 men·

147 3895 184 3956 tis
201 3897 411 3979 distinguens,
434 3917 532 3979 quam
555 3901 813 3979 praeclarissime
833 3898 976 3962 delinivit
998 3908 1029 3963 et
1051 3905 1253 3981 nuncupavit

146 4010 187 4056 ex
203 3995 305 4059 lirina
329 3999 466 4078 imagine
495 3999 615 4062 lromlni
637 3999 734 4062 inclita
756 4018 774 4060 a
798 3996 885 4062 Deo:
915 3997 1073 4079 sociamus
1100 3999 1256 4062 homiaem

144 4094 414 4176 mimastrensis
434 4096 677 4163 similitudinem
697 4109 868 4173 nostram
890 4117 929 4164 ac
951 4099 1022 4164 ideo
1046 4100 1102 4162 lias
1132 4103 1256 4181 pariter

146 4203 306 4261 creaturas
325 4200 386 4262 etsi
413 4200 607 4276 rationales,
632 4201 770 4263 hominis
795 4201 1004 4264 dominationi
1034 4219 1160 4281 suoque
1184 4205 1255 4265 ostri

146 4294 275 4376 subjecit
297 4298 395 4364 Deus.

222 4397 394 4479 Propterea
416 4399 517 4480 naulo
546 4406 620 4477 nost
637 4400 768 4476 subdit,
793 4402 875 4464 lsanc
897 4410 1085 4466 creaturam
1100 4391 1255 4464 'rationa-

149 4496 208 4558 lem
220 4515 306 4579 spem
329 4501 441 4565 lovere
456 4501 652 4582 quaudoque
674 4503 716 4565 ab
729 4504 780 4566 lais
796 4503 894 4566 rebus
906 4505 1073 4584 corporeis
1095 4511 1127 4566 et
1142 4519 1258 4568 corru-
