3375 5567
435 659 515 730 sm

857 764 996 832 CAPUT
1018 765 1134 832 XXVI.

436 969 586 1049 Sequitur
606 971 763 1034 discussio
782 982 810 1032 et
829 971 1088 1051 quaeritantium
1104 973 1181 1052 jore
1200 971 1428 1035 rennuitae
1447 969 1539 1034 antio·

474 1075 590 1141 cianus
609 1092 648 1136 oc
663 1083 736 1152 port
755 1091 827 1136 enm
855 1072 947 1136 calmi
963 1072 1128 1152 Oriprnrm
1147 1073 1403 1154 reprehenderint
1421 1073 1456 1135 ob
1475 1075 1542 1136 nlic-

475 1173 584 1253 porr‘ne
603 1173 735 1239 abusum
755 1171 791 1234 t'n
811 1172 934 1238 divinis
954 1170 1132 1251 Scripturt's
1152 1174 1357 1254 reponendis.

439 1417 538 1542 Post
552 1479 632 1540 boec
649 1475 742 1540 rnlde
756 1477 955 1554 perscrutari
973 1478 1004 1540 in
1020 1479 1081 1541 boc
1095 1480 1283 1557 quaestione
1297 1481 1435 1544 interest
1448 1497 1473 1541 s.
1491 1477 1545 1541 lin·

442 1579 552 1642 atarbii
575 1577 756 1640 antiocheni
776 1575 1038 1642 liiseertatiomm
1059 1577 1104 1640 De
1118 1577 1380 1658 Enpnstrr'mptdc
1401 1580 1468 1641 sire
1489 1575 1549 1639 Vrs-

439 1678 580 1760 tritoque
601 1697 642 1742 cx
664 1676 762 1740 Libro
782 1675 806 1739 Ι.
824 1675 950 1756 Regum
968 1697 996 1741 c.
1018 1677 1168 1742 xxviii.
1193 1678 1227 1741 ln
1241 1697 1325 1759 qna,
1344 1697 1420 1743 cum
1445 1681 1547 1758 etipse

442 1783 485 1844 nb
515 1779 700 1860 huiusmodi
722 1778 895 1857 allegorias
923 1797 1021 1859 supra
1045 1781 1177 1846 modum
1200 1781 1331 1844 vellicet
1364 1778 1542 1859 origenem,

442 1883 583 1948 maxime
604 1881 646 1944 ob
667 1879 901 1959 expositionem
915 1881 955 1944 de
976 1877 1137 1945 Samuelis
1150 1883 1369 1962 apparitione,
1392 1883 1478 1944 baud
1496 1881 1546 1942 dis·

441 1985 561 2064 plicent
581 1983 717 2056 lectori,
743 1983 902 2060 quaedam
926 1999 1121 2061 percurrere
1141 2001 1205 2046 non
1224 1987 1302 2047 satis
1325 1993 1479 2048 accurate
1498 2003 1545 2046 er·

444 2101 540 2163 pense
554 2083 596 2149 ab
615 2081 729 2144 eodem
746 2079 928 2144 Eustatbio.
947 2081 994 2144 Ac
1010 2084 1115 2161 primo
1135 2083 1291 2146 audiatur
1305 2084 1397 2164 quod
1411 2089 1468 2148 istc
1481 2085 1546 2145 scri·

444 2185 587 2250 bitoirca
609 2180 781 2245 Tractatus
795 2181 941 2261 eiusdem
962 2183 1110 2261 origenis
1125 2187 1157 2247 in
1178 2183 1253 2247 iob:
1279 2185 1421 2248 «Porro
1443 2187 1472 2246 in
1489 2185 1545 2246 sols

443 2288 483 2348 de
503 2284 580 2355 lob,
603 2285 659 2362 qui
681 2281 783 2348 mutu
806 2300 918 2361 passus
939 2291 999 2356 cst,
1024 2283 1185 2358 liomiliis,
1208 2303 1272 2347 nnn
1291 2287 1478 2348 admiratur
1496 2283 1546 2346 tol·

444 2385 626 2455 infantiam,
650 2399 713 2446 non
735 2382 937 2446 commendat
960 2384 1127 2458 virtutem,
1150 2403 1212 2447 non
1234 2385 1353 2464 probat
1376 2385 1480 2458 iidem,
1496 2401 1547 2444 non

446 2485 643 2551 fortitudinia
664 2485 760 2549 animi
783 2485 933 2564 exemplo
948 2484 1113 2561 describit,
1136 2500 1199 2548 non
1213 2496 1344 2568 tyrones
1371 2489 1549 2548 militenus·

447 2587 612 2666 pnitudine
626 2587 735 2660 animi,
754 2588 931 2666 vigoreque
952 2586 1144 2666 prudentiae
1158 2588 1199 2650 ad
1223 2589 1382 2652 virtutem
1399 2589 1546 2662 bortatur,

447 2705 510 2751 non
530 2694 636 2750 armat
657 2695 858 2760 certatores,
882 2696 918 2750 ut
940 2686 1069 2750 fortiter
1099 2706 1158 2768 pro
1180 2689 1297 2768 piolalo
1319 2696 1472 2768 pugnent.
1496 2686 1547 2750 Sed

447 2791 528 2852 baec
543 2789 649 2852 omnis
663 2795 935 2866 proetcrpressus,
950 2789 1080 2852 sublimi
1096 2789 1219 2852 dicendi
1237 2791 1332 2852 modo
1350 2791 1491 2853 filiarum
1504 2805 1548 2850 no

450 2889 588 2954 minibus
603 2888 814 2968 exponendis,
829 2890 961 2954 aniliter
983 2891 1085 2953 mulin
1111 2893 1318 2969 consumpsit.
1332 2888 1458 2954 Vernus
1478 2905 1549 2968 qnae

448 2993 488 3053 de
509 2991 571 3054 diei
593 2993 721 3054 nomine
741 3001 773 3054 et
795 2991 916 3054 cassiae
936 2991 1005 3054 sire
1026 2995 1242 3074 cornucoplae
1263 3004 1408 3073 negatus
1427 3003 1484 3066 eet,
1505 2994 1547 3052 bic

449 3110 705 3157 commemorare
722 3091 864 3164 ‚difficile
885 3101 954 3156 est:
980 3094 1152 3172 multiplici
1173 3111 1314 3175 namque
1338 3103 1463 3158 scatent
1488 3093 1549 3155 luti·

454 3196 555 3256 lilblc.
579 3213 597 3250 n

529 3291 597 3359 Sint
625 3310 725 3371 porro
756 3311 814 3356 occ
835 3311 875 3354 ne
906 3309 1030 3372 nequae
1060 3293 1247 3374 hujusmodi
1273 3295 1547 3374 exprobratione,

393 3381 399 3391 ’
450 3394 611 3460 adversus
631 3393 804 3471 origenem
825 3395 932 3473 iactae
955 3395 996 3458 nb
1014 3393 1199 3470 Eustalbin,
1226 3396 1278 3458 rix
1300 3396 1431 3460 decerni
1447 3405 1546 3478 presel,

451 3515 525 3560 oum
537 3496 604 3574 janu
627 3494 856 3560 Comrnentsrii
876 3495 1027 3558 tinctoris
1049 3497 1079 3557 io
1096 3498 1181 3559 buuc
1205 3495 1337 3559 Librum
1354 3497 1545 3576 deperierint:

450 3616 490 3660 ac
511 3598 647 3658 nonnisi
668 3596 828 3674 quaedam
847 3605 999 3675 excerpta
1022 3605 1171 3659 maneant
1186 3615 1300 3676 graeca
1317 3601 1348 3658 in
1367 3596 1546 3660 Bibliotbrrr

452 3695 676 3761 Gallandiana.
694 3694 912 3759 Nihilominus
933 3699 958 3758 si
980 3717 1021 3758 ex
1045 3699 1091 3759 bis
1115 3701 1318 3776 arguendum
1343 3701 1386 3762 sit
1409 3697 1547 3776 reliquiis,

451 3807 538 3860 etex
560 3796 765 3858 citationibus
780 3797 844 3859 buc
866 3797 946 3858 illuc
962 3799 993 3858 in
1006 3795 1155 3876 Origenis
1170 3799 1261 3861 libris
1275 3801 1459 3878 saepissime
1474 3811 1547 3874 spar·

452 3898 517 3971 ais,
540 3896 658 3960 laisum
680 3899 810 3960 omnino
831 3899 1047 3977 reputandum
1070 3907 1118 3962 est
1138 3908 1236 3978 atque
1265 3901 1476 3978 incongruunt
1497 3895 1548 3958 lio·

451 3999 560 4062 stetbii
578 3999 750 4077 indicium.
775 3997 819 4066 lit
839 4001 980 4077 primum
1002 4001 1133 4080 quidem
1154 4003 1245 4064 nobis
1266 4001 1385 4074 adstat,
1402 4011 1433 4064 el
1451 4006 1545 4063 contra

454 4103 559 4179 ipsum
582 4097 787 4163 Eustatbium
810 4120 835 4162 s.
861 4097 975 4162 Hilarii
998 4103 1200 4180 pictaviensis
1220 4103 1364 4164 studium
1386 4105 1416 4164 in
1440 4103 1493 4163 boa
1513 4099 1548 4157 la·

453 4203 518 4264 tine
539 4219 580 4264 ex
603 4203 725 4279 graecis
746 4203 890 4281 genuinis
913 4202 1076 4264 codicibus
1094 4205 1315 4266 transferendo
1336 4205 1462 4280 Operam
1483 4203 1546 4277 quin

453 4314 486 4368 et
506 4305 572 4383 ipso
593 4304 633 4365 de
654 4303 802 4382 origenis
823 4306 968 4365 sensibus
991 4305 1095 4366 minos
1117 4309 1218 4383 aptis,
1235 4315 1292 4366 aul
1313 4323 1458 4366 sermone
1478 4299 1546 4362 iutili

455 4404 651 4469 concinnatis
673 4404 801 4466 indicet.
825 4401 987 4467 Hilarium
1010 4405 1094 4478 dico,
1118 4405 1212 4485 cujus
1228 4405 1328 4467 libros
1349 4408 1395 4467 ait
1410 4403 1546 4478 Hierony·

459 4523 555 4581 mos,
578 4505 652 4584 quia
672 4523 790 4569 securo
811 4506 966 4569 decurrat
990 4507 1078 4585 podo.
1105 4505 1142 4567 bt
1163 4507 1312 4585 quanrris
1335 4505 1429 4568 bodie
1450 4497 1545 4566 Hilarii
