3375 5567
193 796 357 874 situdine,
378 810 474 861 nemo
491 793 736 875 suspicaretur,
757 787 1114 874 comprehenderemus
1142 789 1240 855 animi
1258 793 1310 854 sui

193 895 420 982 pravitatem?
1283 935 1285 942 ›

274 1000 423 1080 itemque
442 997 513 1063 deri
536 1015 681 1078 unquam
702 999 834 1079 poterit,
855 1001 891 1062 ut
904 997 1060 1078 Origenes
1075 995 1294 1061 Alexandriae

194 1106 226 1167 in
249 1102 380 1178 Arabia,
402 1102 434 1164 in
455 1102 648 1173 Palaestina,
674 1103 706 1163 in
727 1098 944 1182 Cappadocia,
966 1103 999 1164 iu
1021 1098 1144 1183 Achaia
1157 1107 1189 1164 et
1204 1119 1308 1181 usqne

193 1205 346 1282 Bonam,
368 1207 401 1267 in
419 1205 539 1268 scholis
560 1203 699 1286 publicis
720 1222 758 1268 ac
779 1205 926 1284 privatis,
948 1203 982 1265 in
996 1204 1152 1275 ecclesiis,
1168 1204 1200 1265 in
1214 1222 1309 1285 syno-

193 1309 256 1385 dis,
278 1325 390 1372 coram
410 1306 559 1370 iideiibns
580 1316 612 1370 et
633 1305 828 1383 infidelibus,
851 1305 1042 1370 orthodoxis
1064 1312 1097 1368 ct
1124 1306 1306 1383 haereticis,

194 1428 235 1474 ac
255 1410 447 1492 praesertim
466 1409 528 1471 snb
542 1409 723 1472 testimonio
737 1407 961 1484 diaconorum,
978 1405 1257 1492 presbyterorum,
1278 1412 1311 1469 et

194 1511 424 1592 episcoporum
445 1509 575 1584 doeens,
597 1518 655 1573 aut
679 1509 846 1591 disputans
858 1529 870 1588 3
893 1509 1047 1572 deridico
1062 1525 1205 1586 unquam
1218 1516 1309 1589 pote·

195 1614 253 1689 rit,
269 1618 308 1676 ut
333 1612 464 1687 barum,
486 1611 609 1691 ubique
629 1613 798 1690 regionum
822 1628 979 1674 venenum
1002 1609 1108 1674 cordis
1128 1609 1179 1672 sni
1201 1609 1312 1674 occui-

196 1713 297 1790 tarit;
317 1718 351 1773 et
371 1710 460 1774 alind
475 1728 586 1774 coram
602 1709 814 1790 profiteretur
829 1709 871 1771 ab
883 1729 934 1784 eo,
951 1709 1039 1790 quod
1058 1711 1143 1773 intus
1165 1717 1309 1790 putaret,

196 1819 257 1876 aut
275 1809 438 1876 sentiret?
457 1819 491 1874 et
511 1811 584 1873 binc
605 1810 754 1892 dogmata
774 1827 867 1874 snera
888 1813 1079 1888 simularet,
1103 1829 1163 1893 pro
1191 1810 1310 1890 quibus

198 1929 303 1991 usque
323 1909 364 1973 ad
387 1911 515 1975 vincula
536 1918 634 1991 atque
657 1918 816 1974 tormenta
846 1911 1029 1993 pugnavit?
1049 1914 1127 1993 quin
1148 1914 1235 1993 ipse,
1262 1909 1311 1974 uti

196 2012 308 2075 variae
328 2012 483 2075 instarent
503 2012 765 2074 circumstantiae
786 2019 818 2074 et
833 2013 1001 2076 bominum
1016 2023 1048 2077 et
1063 2015 1213 2077 iocorum
1228 2030 1311 2092 quo·

197 2111 372 2176 dammodo
384 2113 481 2175 animi
505 2117 557 2176 sui
572 2114 818 2193 perversitatem
844 2113 997 2193 proderet
1012 2115 1144 2194 (quippe
1158 2120 1191 2176 et
1206 2113 1309 2176 bomi-

200 2213 249 2275 nis
263 2220 313 2276 est
333 2230 375 2275 ex
390 2210 586 2275 abundantia
601 2212 708 2276 cordis
723 2233 758 2276 os
772 2214 877 2295 ioqui)
892 2221 925 2278 et
938 2215 1016 2294 quin
1029 2212 1163 2293 proinde
1183 2212 1310 2276 audito-

198 2331 253 2378 rea
275 2313 478 2377 locutionum
506 2331 641 2378 suarum
657 2315 900 2394 ambiguitatem
916 2314 1221 2390 animadverterent,
1237 2331 1312 2376 sua·

199 2434 341 2496 rumque
362 2414 520 2478 foetorem
542 2415 772 2495 cogitationum
794 2416 968 2494 matarum,
984 2417 1010 2480 si
1029 2435 1142 2496 reapse
1166 2423 1231 2478 tnm
1252 2417 1310 2479 im·

199 2516 302 2598 proba
340 2516 489 2597 dogmata
523 2515 689 2596 professus
723 2515 838 2582 esset?
865 2517 928 2582 Er.
963 2536 993 2598 g.
1030 2516 1209 2599 disciputus
1244 2517 1316 2598 ejus

196 2637 223 2682 s.
247 2615 425 2698 Gregorius
446 2615 712 2699 Tbaumatnrgus
734 2616 977 2704 Neocaesareae
998 2620 1181 2700 episcopus,
1198 2617 1314 2682 Hiero·

195 2719 399 2802 solymorum
414 2719 558 2794 antistes,
573 2720 658 2781 alter
672 2718 862 2797 Caesareae,
879 2721 964 2783 niter
978 2716 1069 2803 Tyri,
1087 2720 1170 2784 aiter
1190 2719 1313 2800 Cappa·

198 2819 324 2896 dociae,
345 2819 430 2883 aiter
451 2818 666 2893 Athenarum,
689 2838 727 2883 ac
742 2838 864 2895 omnes,
881 2821 937 2899 qni
954 2819 1080 2883 duabus
1094 2819 1223 2902 synodis
1238 2837 1314 2882 cum

199 2939 241 2985 eo
261 2921 413 2985 adstitere
433 2922 466 2983 in
489 2920 623 2997 Arabis,
646 2924 800 3002 episcopi,
825 2939 885 2984 nec
917 2938 981 2982 non
1003 2921 1102 2984 ceteri
1130 2921 1189 2983 riri
1212 2919 1311 2996 docti,

199 3021 384 3102 peripsum
405 3021 445 3083 ad
468 3023 637 3085 veritatem
665 3022 706 3083 ab
727 3021 853 3085 haeresi
876 3019 1022 3095 reducti,
1046 3021 1096 3084 rel
1118 3038 1199 3101 quos
1221 3018 1315 3085 Chri·

201 3131 254 3186 sto
273 3121 316 3182 ab
335 3120 523 3184 infidelitate
541 3123 691 3185 lucratus
712 3129 782 3196 est,
804 3124 927 3202 quique
949 3120 990 3184 ob
1011 3121 1144 3184 eximias
1174 3121 1313 3184 virtutes

197 3227 310 3303 postea
334 3222 366 3284 in
387 3220 532 3286 Ecclesia
547 3224 749 3304 praestitere,
768 3241 806 3286 ac
822 3223 953 3286 demum
969 3223 1127 3306 martyrio
1142 3221 1314 3288 coronati?

200 3321 275 3400 Qua
296 3323 433 3400 ratione,
455 3322 539 3399 dieo,
562 3322 697 3404 praefati
717 3324 818 3386 sancti
838 3331 872 3387 et
893 3332 1052 3405 martyres
1074 3324 1150 3387 huic
1169 3343 1314 3389 commu·

198 3424 342 3488 nicantes
361 3442 425 3487 nou
445 3424 562 3501 obiter,
583 3424 638 3489 sed
660 3424 729 3498 diu,
751 3443 789 3488 ae
810 3424 850 3488 de
867 3426 962 3488 rebus
978 3423 1050 3487 fidei
1067 3433 1182 3489 mutuo
1199 3443 1314 3491 consu·

197 3526 325 3601 lentes,
347 3542 411 3587 uon
432 3525 632 3589 adverterint
652 3526 837 3589 simulatam
859 3529 960 3607 ipsius
982 3525 1132 3604 pietatem
1147 3555 1167 3601 ,·
1186 3544 1225 3590 ac
1247 3529 1315 3607 opi·

198 3627 333 3690 nionum
352 3643 488 3690 suarum
510 3625 700 3692 initaciam?
722 3626 790 3690 Aut
810 3627 1049 3701 diversimode,
1071 3645 1132 3689 cur
1159 3626 1315 3706 Origenes

198 3728 233 3790 in
257 3727 317 3790 hos
336 3727 446 3807 lapsus
466 3744 609 3803 errores,
625 3727 658 3788 in
673 3729 895 3802 concionibus,
918 3729 949 3790 ic
970 3727 1101 3803 scholis,
1124 3729 1156 3790 iu
1170 3730 1317 3792 cateche-

198 3826 308 3903 sibus,
330 3827 363 3889 in
383 3825 512 3911 synodis
533 3828 575 3888 ab
594 3828 783 3892 auditorum
812 3831 948 3892 auribus
969 3830 1043 3894 ilios
1070 3828 1256 3903 abscondit,
1279 3836 1317 3892 ut

199 3929 315 3993 deinde
334 3931 455 4010 scripto
475 3930 657 4008 mandaret,
679 3949 718 3995 ac
739 3933 920 4011 posteritati
942 3928 1123 3994 illuderet?
1145 3939 1188 4007 et,
1213 3939 1250 3993 ut
1271 3933 1314 3994 ita

198 4031 317 4111 dicam,
339 4039 522 4112 praesentes
542 4040 709 4112 servarem
730 4052 832 4114 seque
853 4039 1064 4115 posterosque
1085 4030 1265 4113 perderet?

749 4232 777 4295 V

280 4431 361 4498 item
381 4433 443 4498 sub
463 4433 577 4498 eodem
597 4425 883 4517 argumentationis
904 4453 1021 4517 genere
1043 4437 1217 4517 pergendo,
1239 4438 1314 4501 Ori·

199 4535 289 4618 genis
309 4536 450 4602 bostium
481 4537 622 4618 acceptis
641 4538 922 4616 accusationibus,
945 4538 1018 4619 quis
1039 4538 1179 4620 ignorat,
1195 4556 1311 4619 agrum
