3375 5567
446 784 668 863 quiescentes,
698 798 819 845 norum
840 782 941 863 ipsius
969 781 1084 863 dogma
1114 781 1209 845 laoile
1229 781 1415 863 complexos
1443 782 1540 843 luisse.

443 884 485 947 Et
507 888 552 949 sic
573 885 673 966 panto
688 891 759 965 post
773 884 840 963 ipsc
862 887 893 945 in
916 885 1119 965 paragrapho
1140 882 1197 947 ΙΙΙ.
1220 885 1325 965 (iusta
1341 882 1484 949 Gallandi
1507 882 1540 945 E·

446 988 610 1063 ditionem)
633 988 663 1049 in
685 987 789 1066 ipsnm
811 985 985 1067 origenem
1008 986 1174 1049 invehitur
1196 986 1364 1065 inquiens:
1388 1006 1404 1043 ι
1424 984 1482 1049 Sed
1502 988 1541 1047 io

444 1090 590 1152 dustrius
610 1107 687 1153 sanc
707 1086 865 1167 Origenes
886 1088 1092 1152 idololatriae
1106 1090 1318 1151 instrumenta
1340 1096 1374 1149 et
1395 1087 1540 1149 sauciato·

444 1208 516 1254 rum
539 1208 655 1254 eornm
677 1190 871 1269 praecipue,
901 1206 987 1269 quaa
1008 1188 1111 1263 liunt,
1133 1187 1272 1251 mortuis
1293 1187 1456 1261 evocatis,
1475 1203 1540 1248 cum

445 1291 580 1353 baberet
600 1293 631 1353 in
646 1292 754 1353 animo
774 1290 965 1363 obtrudere,
982 1292 1014 1353 in
1029 1308 1155 1353 sacram
1170 1292 1328 1353 mentitur
1342 1288 1540 1368 Scriptorum.

443 1390 571 1473 Quippe
592 1392 759 1471 Scriptura
778 1402 903 1473 aperte,
925 1393 1098 1473 palamque
1113 1392 1250 1466 dicente,
1268 1393 1439 1457 mulierem
1458 1392 1543 1455 diuis

442 1510 496 1555 se:
520 1512 610 1573 quem
630 1494 758 1557 evocabo
778 1487 864 1557 tibi?
885 1491 1062 1556 Consilium
1093 1492 1281 1571 scripturae
1303 1495 1335 1554 ιιι
1364 1494 1542 1555 contrariam

445 1605 569 1673 partem
592 1594 748 1668 aderens,
771 1612 941 1673 personam
963 1596 1008 1658 ait
1030 1595 1110 1657 baec
1129 1594 1248 1657 dixisse
1272 1592 1414 1675 Spiritus
1436 1594 1540 1657 Sancti.

444 1692 599 1775 Deinceps
620 1697 736 1773 raptim
770 1714 875 1774 usque
895 1715 935 1759 eo
956 1715 975 1758 a
998 1698 1132 1760 veritate
1153 1694 1307 1768 delicuit,
1343 1704 1381 1758 nt
1402 1696 1543 1757 tenattem

441 1796 588 1859 mulieris
605 1798 700 1859 rerba
716 1794 850 1875 Spiritui
865 1798 981 1861 Sancto
1002 1817 1066 1861 non
1087 1808 1243 1863 vereatur
1256 1800 1446 1877 impingere.
1467 1794 1543 1859 llaec

443 1913 518 1957 cam
540 1897 770 1961 discretissimis
793 1899 898 1961 serbis
919 1900 1015 1980 impie
1035 1898 1174 1975 effutiat,
1198 1908 1302 1961 totum
1320 1898 1424 1962 reiert
1437 1901 1467 1958 ιιι
1486 1897 1543 1973 Spi-

438 2000 543 2061 ritum
565 1998 729 2074 Sanctum,
745 2001 914 2065 auditores
935 2002 1063 2063 nomine
1084 2000 1147 2065 lide
1167 2002 1263 2081 digno
1285 2002 1543 2080 persuaderem

443 2107 547 2161 uatus.
880 2095 883 2108 '
1119 2144 1124 2150 .

525 2221 541 2259 a
558 2200 726 2275 Quaesivit
747 2202 871 2281 itaque,
883 2210 919 2265 nt
928 2202 995 2283 jam
1011 2202 1090 2277 dixi,
1106 2202 1239 2274 mulier,
1252 2213 1285 2265 et
1298 2203 1395 2281 quasi
1412 2209 1543 2265 mortuos

440 2304 595 2366 evocandi
618 2304 804 2369 facultatem
822 2304 967 2378 baberet,
983 2322 1087 2383 poem,
1102 2305 1160 2379 ait,
1182 2303 1313 2365 evocabo
1335 2299 1420 2367 tibi?
1435 2302 1542 2365 Verum

442 2405 500 2484 qui
521 2406 657 2469 oracula
674 2405 876 2481 consulebat,
893 2415 929 2468 ut
942 2405 1297 2479 Samueledoceretur,
1313 2413 1457 2485 petente,
1479 2403 1544 2470 sub

440 2503 508 2567 dit:
530 2512 559 2567 ιι
578 2503 659 2567 cidit
671 2505 787 2569 molier
808 2502 984 2569 Samuelem
999 2514 1052 2567 :et
1070 2506 1198 2569 sublata
1216 2524 1295 2569 voce
1315 2507 1484 2580 clamarit,
1504 2503 1544 2563 di·

440 2605 556 2683 aitqua
571 2606 727 2685 principi:
744 2624 803 2669 cur
814 2604 959 2687 fefellisti
977 2603 1048 2669 me?
1068 2604 1112 2667 Bt
1126 2616 1161 2668 ta
1174 2624 1206 2668 es
1217 2603 1308 2669 Sciat.
1328 2606 1371 2671 Et
1388 2616 1542 2689 postquam

440 2722 500 2769 reu
522 2708 676 2771 dixisset:
699 2726 737 2769 sae
759 2706 890 2787 tisaeas3
912 2718 941 2773 et
960 2707 1039 2788 ocia
1058 2703 1199 2771 vidisti?
1221 2708 1351 2773 Rursus
1384 2709 1543 2795 pptbouan

440 2808 560 2873 habens
582 2811 712 2885 mulier,
735 2811 852 2875 inlert:
884 2813 957 2873 deos
975 2809 1046 2873 cidi
1064 2812 1264 2873 cacerdsntes
1283 2812 1320 2873 de
1342 2822 1442 2873 terra.
1470 2807 1543 2873 Cum

441 2927 521 2975 vcro
544 2912 669 2973 tandem
691 2912 838 2991 princeps
862 2912 1114 2990 interrogasset:
1137 2928 1217 2991 ptrue
1237 2920 1284 2972 est
1302 2913 1412 2992 formo
1430 2900 1544 2973 illias?

441 3010 491 3071 ltd
516 3013 650 3075 verbam
671 3012 713 3074 ita
739 3012 836 3076 allata
861 3020 930 3075 este
955 3009 1094 3073 bominis
1115 3010 1194 3073 recti
1213 3013 1416 3075 meruissetis
1435 3012 1470 3073 de
1491 3020 1544 3069 ter·

440 3128 500 3185 ra,·
521 3120 550 3172 et
569 3110 635 3191 ipse
654 3109 790 3175 amictas
808 3109 955 3189 diploide.
978 3109 1065 3188 Quid
1081 3120 1250 3189 praeterea
1271 3130 1366 3176 sacra
1390 3112 1543 3190 Scriptum

441 3212 570 3277 tradit?
590 3212 679 3277 accit
699 3210 778 3277 Saul
791 3214 873 3294 pand
893 3210 1020 3276 Samuel
1034 3222 1111 3275 esset
1128 3211 1202 3286 isim·
1219 3222 1248 3274 et
1267 3210 1441 3276 inelinavit
1459 3228 1544 3274 sesa-

436 3333 496 3396 per
507 3312 619 3396 faciem
633 3332 726 3377 auam
739 3314 775 3377 ιἰι
796 3322 895 3389 terro,
909 3325 937 3378 ιι
956 3313 1106 3377 adoromt
1118 3332 1201 3378 eum.
1216 3314 1427 3377 Manifestum
1447 3316 1543 3391 itaque

439 3427 500 3494 eat,
523 3419 637 3481 nullibi
659 3418 788 3481 omnino
808 3432 979 3479 sacrarum
999 3416 1245 3496 Scripturarum
1258 3418 1380 3478 seriem
1401 3414 1543 3477 affirmas

440 3538 488 3595 sc,
510 3535 569 3597 por
588 3518 761 3581 mulierem
789 3516 881 3579 illam
902 3514 1150 3598 ventriloquam
1172 3516 1357 3582 Samuelem
1383 3526 1542 3579 evocatum

441 3638 521 3685 esse.
544 3620 605 3687 Sed
626 3620 682 3682 illa
713 3619 844 3698 quidem
865 3620 898 3680 ιιι
927 3619 1040 3698 primis
1061 3636 1121 3698 par
1141 3621 1326 3682 incitantem
1357 3621 1460 3699 ipsam
1479 3617 1543 3677 dae·

440 3740 581 3797 monem,
603 3722 680 3783 dicit
693 3720 787 3785 illum
808 3719 1011 3784 evocandam
1022 3740 1034 3799 ι
1055 3721 1170 3784 deinde
1189 3729 1223 3783 at
1249 3720 1328 3783 deos
1347 3720 1543 3785 ascendentes

440 3824 551 3887 sidere
571 3824 708 3903 gloriata
730 3822 968 3899 fraudulenter,
981 3823 1071 3902 sigua
1092 3824 1229 3887 bominis
1251 3822 1400 3887 tradebat
1420 3822 1459 3886 ad
1480 3820 1543 3881 insi

441 3926 509 3987 dias
530 3930 591 3987 etc.
614 3940 631 3980 n

521 4022 609 4087 ilaec
630 4024 800 4102 bucusque
820 4024 971 4103 loquitur
984 4042 1009 4087 s.
1029 4022 1220 4087 Eustatbius
1240 4031 1353 4086 eontra
1375 4021 1543 4104 praelatam

441 4122 591 4203 Origcnis
611 4122 870 4202 expositionem
892 4132 1047 4203 tantoque
1067 4123 1141 4187 aalo
1161 4123 1194 4183 in
1214 4123 1319 4201 ipsum
1341 4121 1483 4200 erumpit
1502 4118 1543 4178 ri·

441 4241 530 4298 rum,
551 4223 643 4304 qnasi
671 4233 775 4287 artem
798 4225 954 4301 magicam
974 4226 1007 4285 ia
1035 4223 1181 4287 lidelinm
1214 4231 1343 4285 coetum
1374 4220 1541 4287 obtrudere

308 4340 315 4353 ’
441 4325 556 4403 aellet3
577 4341 720 4403 eumque
740 4324 920 4403 corripiens
939 4324 1027 4402 quod
1050 4325 1082 4385 iu
1103 4316 1249 4385 mulieris
1268 4340 1438 4385 sermone:
1458 4336 1539 4399 paras

435 4425 565 4487 macodo
584 4422 666 4500 tibi,
687 4442 822 4505 persona
855 4424 995 4505 Spiritus
1023 4422 1130 4489 Sancti
1155 4426 1187 4487 in
1215 4442 1274 4489 ors
1297 4422 1537 4501 ventriloquae,

439 4528 497 4589 ista
519 4526 653 4591 dixisset
674 4527 782 4593 rerba.
802 4525 843 4591 Et
862 4528 909 4591 aie
928 4534 1037 4591 cetera
1059 4525 1216 4589 lanaticae
1238 4524 1383 4589 mulieris
1402 4524 1482 4588 dicta
1499 4522 1536 4583 si·
