3375 5567
465 787 592 849 ctobant
612 787 736 863 studia,
758 788 1006 871 appellabantur
1028 792 1121 870 magi.
1145 788 1323 873 Hesychius
1343 792 1405 854 ait:
1428 805 1534 870 ⁸⁰9⁸·

461 888 552 968 pium
565 898 594 951 et
606 890 779 969 theologum
793 900 820 954 et
833 894 1022 955 sacerdotem
1034 892 1196 973 oppalient
1205 910 1324 973 perone.
1339 890 1443 956 Snidas
1458 892 1534 955 item:

466 990 551 1071 mugi
570 994 655 1071 opud
670 1012 781 1075 perans
798 993 980 1073 philosophi
1006 1005 1035 1058 el
1051 992 1214 1075 philothei.
1243 994 1290 1058 Ao
1318 994 1387 1057 ideo
1405 994 1434 1055 in
1451 990 1539 1055 Eran-

467 1094 569 1171 gelio:
592 1105 622 1157 el
640 1113 705 1157 ecoe
725 1094 809 1176 mogi
822 1095 860 1158 nb
883 1092 1007 1158 Oriente
1025 1104 1177 1156 veneunt
1197 1092 1437 1174 Hierosolymam
1452 1091 1540 1153 dhes·

467 1207 510 1258 tes
523 1205 583 1258 oto.
602 1194 648 1259 De
660 1198 787 1277 reliquo
803 1206 926 1260 constat
940 1215 1084 1277 quoqne,
1100 1198 1183 1259 hanc
1198 1214 1308 1260 rocem
1323 1196 1429 1258 deinde
1441 1194 1471 1257 in
1482 1212 1540 1274 per·
1600 1213 1601 1272 3

471 1314 600 1359 uersum
614 1314 741 1361 sensum
756 1297 935 1360 traductam
950 1296 1066 1373 luisse,
1081 1314 1120 1359 ac
1131 1296 1356 1360 seductoribus
1369 1297 1541 1377 inscriptam,

466 1398 728 1475 incantatoribus,
752 1399 912 1472 veneficis,
933 1398 990 1477 qni
1011 1400 1176 1461 daemonia
1198 1398 1404 1461 consulebant
1421 1407 1477 1460 etc.

545 1496 584 1561 Et
601 1501 660 1564 hou
683 1509 805 1564 tantum
827 1501 986 1581 quaesivit
1006 1499 1182 1579 Origenes:
1204 1500 1340 1563 nominis
1354 1499 1469 1576 napae
1485 1512 1542 1558 aen
1600 1533 1601 1564 t

463 1621 535 1665 suin
558 1604 779 1683 primaevum,
811 1602 971 1693 abstracte
992 1602 1035 1664 ibi
1063 1601 1286 1677 considerans,
1317 1598 1484 1666 nullimode
1500 1616 1543 1660 re·
1600 1629 1601 1636 ι

465 1722 524 1777 ru,
547 1720 630 1783 qnae
651 1704 762 1766 deinde
780 1703 952 1767 arbitraria
972 1696 1008 1767 et'
1024 1704 1165 1785 practice
1184 1704 1246 1767 snb
1275 1721 1314 1767 ea
1336 1701 1466 1765 dictione
1483 1716 1544 1762 coo

466 1812 558 1883 cepta
579 1812 665 1880 snut,
687 1821 783 1866 sanae
803 1804 1004 1866 adversantia
1024 1803 1260 1884 philosophiae,
1274 1804 1477 1881 moribusque
1488 1814 1545 1861 eor·

373 1922 375 1927 ’
465 1904 652 1983 rumpendis
674 1906 749 1966 satis
771 1904 894 1967 idonea.
918 1903 1059 1985 Ideoque
1079 1923 1172 1980 enm,
1197 1915 1328 1986 praeter
1351 1904 1431 1967 banc
1447 1897 1547 1980 signib

467 2006 636 2076 cntionem,
659 2007 699 2069 de
717 2009 839 2087 magiae
853 2006 997 2070 artilioiis
1010 2007 1142 2070 locutus
1155 2017 1215 2082 est,
1230 2026 1366 2088 prorsus
1379 2004 1490 2084 abipsa
1503 2000 1546 2061 ab

465 2110 605 2183 horruit,
628 2126 665 2170 ac
687 2109 786 2171 veluti
807 2128 825 2171 a
848 2109 1002 2188 religione
1022 2109 1196 2172 christiana
1217 2109 1400 2170 damnatam
1419 2104 1547 2185 repudia·

466 2211 510 2271 rit
521 2230 532 2289 3
555 2226 592 2272 ao
613 2226 676 2271 una
698 2208 809 2273 lideles
830 2210 870 2273 ab
890 2209 1035 2291 ejusdem
1056 2210 1287 2273 exercitatione
1308 2217 1342 2271 et
1364 2204 1546 2270 illusionibus
1600 2253 1601 2260 ,

467 2310 637 2375 deterruit.
658 2311 690 2372 ld
705 2322 814 2375 autem
836 2312 936 2393 paulo
955 2319 1030 2375 anta
1049 2312 1081 2372 in
1099 2310 1213 2373 eodem
1224 2308 1324 2373 Libro
1341 2309 1365 2371 l.
1381 2327 1412 2372 n.
1425 2306 1455 2373 le
1470 2305 1546 2370 Celso

466 2412 569 2473 eidem
592 2411 782 2490 respondens
805 2410 1026 2487 Adamantius,
1047 2410 1140 2473 dicit:
1164 2409 1338 2473 «dividens
1358 2418 1424 2484 est,
1442 2406 1547 2471 nnllam
1600 2425 1601 2474 3

464 2530 482 2573 a
504 2512 683 2576 christianis
704 2514 952 2576 incantationum
973 2522 1076 2575 artem
1096 2511 1254 2586 adhiberi,
1274 2512 1334 2575 nisi
1349 2510 1427 2573 lesu
1440 2523 1546 2577 nomeu
1600 2557 1601 2568 ,

464 2622 496 2676 et
525 2614 587 2677 elia
616 2614 790 2691 nonnulla,
820 2633 905 2695 qnae
934 2612 1121 2695 scripturae
1152 2614 1278 2676 divinae
1308 2610 1465 2676 credenda
1492 2626 1546 2673 esse
1600 2659 1601 2668 ,

464 2716 618 2779 docent.»
1600 2717 1601 2722 ’

545 2816 632 2881 llaec
655 2837 753 2899 porro
765 2822 805 2911 'in
820 2817 918 2883 Libro
938 2818 992 2882 vt.
1009 2838 1039 2882 n.
1059 2815 1109 2885 39.
1125 2829 1276 2882 accurata
1295 2816 1486 2882 discussione
1502 2830 1548 2876 cn·

463 2920 576 3001 ponit,
598 2921 775 2985 calumnias
797 2921 948 2985 relellens
967 2922 999 2984 iu
1019 2919 1218 2985 Christianos
1246 2920 1356 2983 illatas
1382 2919 1424 2982 ab
1451 2916 1546 2981 eodem
1600 2905 1601 2968 ἐ

460 3021 565 3087 Celso:
581 3032 679 3102 atque
692 3024 745 3085 nbi
760 3024 800 3087 de
813 3023 994 3087 nominihus
1008 3023 1144 3085 deorum
1159 3023 1366 3086 ethnicorum
1383 3017 1492 3085 similia
1509 3018 1547 3078 lc-

462 3126 575 3204 quitur
593 3124 688 3189 sicuti
709 3128 740 3188 iu
762 3125 914 3205 praelatis
934 3125 1053 3200 dicens,
1075 3124 1203 3184 nomina
1225 3122 1366 3185 deornm
1386 3118 1548 3201 prosarie
1600 3143 1601 3180 1

462 3235 526 3289 tate
547 3228 710 3290 nationum
733 3228 894 3290 derivasse
914 3226 946 3289 im
967 3226 1172 3299 hominihus,
1195 3224 1251 3304 qni
1272 3224 1389 3288 relicta
1414 3222 1548 3305 primast

460 3344 542 3407 porr
564 3326 744 3392 Conditoris
766 3330 916 3401 notione,
936 3328 1002 3392 suis
1023 3327 1083 3391 diis
1102 3327 1229 3389 nomina
1251 3342 1313 3405 pro
1334 3326 1428 3388 libito
1447 3318 1547 3385 indide

464 3434 562 3491 runt:
579 3425 728 3492 «Verum
748 3429 879 3508 (subdit)
901 3429 941 3491 de
958 3429 1006 3491 his
1021 3428 1088 3510 jam
1106 3444 1203 3507 snpra
1217 3427 1294 3489 satia
1308 3444 1327 3486 a
1341 3425 1432 3487 nobis
1444 3424 1546 3484 dictum

464 3536 532 3591 est:
555 3547 667 3609 nempe
689 3529 742 3593 nbi
765 3530 973 3609 probavimus
994 3549 1055 3592 non
1075 3529 1223 3591 eumdem
1238 3546 1307 3589 esse
1322 3518 1547 3588 Soiohotmlo

467 3646 539 3692 vem
558 3674 565 3689 .
581 3676 588 3691 .
605 3674 613 3692 .
629 3627 749 3694 Deinde
772 3648 885 3694 aursus
905 3630 1042 3709 magicas
1056 3629 1241 3709 praestigias
1253 3628 1344 3690 nohis
1359 3625 1483 3697 occinit,
1496 3638 1548 3682 eas·

464 3747 527 3809 que
545 3729 684 3794 'lortasse
705 3730 820 3794 nemini
843 3731 956 3795 tribuit
967 3752 978 3812 3
1000 3748 1074 3795 cum
1093 3733 1136 3793 sit
1154 3748 1261 3804 nemo,
1283 3730 1342 3809 qni
1362 3731 1397 3791 in
1412 3726 1547 3803 religione

463 3831 592 3911 qualem
615 3832 820 3913 aggreditur,
842 3831 1026 3913 hujusmodi
1047 3839 1150 3893 artem
1171 3827 1474 3893 exerceatuPaulo
1492 3827 1549 3902 post

462 3934 606 4015 ejusdem
628 3932 711 3999 Celsi
732 3934 1020 3998 obtrectationibus
1042 3933 1247 4013 respondens.
1268 3929 1450 3994 christianis
1468 3921 1548 3988 ascri·
1600 3937 1601 3942 ’

462 4034 562 4098 bentls
584 4037 719 4115 magicas
740 4045 837 4109 artes,
860 4043 918 4098 ent
936 4034 1154 4114 expiationes,
1176 4041 1234 4095 eut
1253 4034 1398 4099 earmina
1418 4029 1456 4091 ad
1476 4023 1547 4087 infir

462 4138 587 4200 mitates
608 4137 832 4217 expellendas,
853 4155 911 4198 sen
932 4136 963 4197 iu
985 4136 1176 4197 daemonum
1205 4132 1309 4212 effigie
1329 4125 1549 4211 componendas

463 4248 520 4303 aut
543 4242 629 4302 uaria
652 4240 790 4303 remedia
806 4238 845 4302 ad
867 4236 1044 4300 amolienda
1063 4234 1226 4313 venelioia,
1246 4236 1278 4297 io
1294 4234 1447 4308 restibus,
1462 4232 1553 4292 innn-

464 4342 572 4417 maris,
596 4344 626 4405 in
641 4341 755 4421 plantis
770 4349 830 4403 eto.
845 4338 1030 4402 concludite
1046 4358 1063 4396 a
1078 4335 1167 4412 Quas
1180 4336 1417 4401 criminationes
1430 4346 1489 4394 non
1504 4344 1549 4407 pe

461 4442 561 4504 stolot
582 4451 668 4505 recta
691 4443 774 4505 ratio
789 4447 826 4504 ut
840 4438 1038 4513 refellamus,
1055 4455 1129 4501 conr
1144 4438 1263 4501 hornan
1277 4437 1446 4499 criminum
1459 4433 1489 4493 in
1501 4440 1547 4486 not

464 4558 503 4605 ne
524 4542 683 4607 letissima
706 4541 835 4622 quidem
856 4540 997 4621 suspicio
1011 4540 1190 4604 oonvwiat.
1206 4558 1224 4596 a
1242 4537 1322 4603 ltem
1336 4555 1366 4600 n.
1380 4530 1421 4601 s)
1433 4536 1462 4597 in
1476 4530 1545 4593 iden
