3375 5567
389 770 504 839 seculo
525 785 583 833 nec
604 764 798 849 poenitentia
820 762 937 840 deleri,
952 780 1012 827 neo
1032 758 1091 825 Dei
1105 758 1325 825 misericordia
1346 757 1435 827 ablui
1455 777 1510 827 uno

391 889 501 953 quam.
535 870 650 949 itaque
671 869 702 929 ia
735 866 899 930 Pruimum
926 861 1056 928 mtum
1084 862 1128 926 lie
1154 862 1297 935 Octava,
1327 872 1511 945 peccatores

392 974 543 1035 hortatus
558 972 597 1033 ad
615 969 879 1049 resipiscentiam,
901 984 977 1029 cum
998 966 1108 1030 adbuc
1119 965 1162 1029 sit
1182 966 1511 1046 poenitentiaeiocns‚

390 1072 514 1137 scribite
539 1092 555 1131 a
577 1068 649 1135 Non
672 1070 757 1131 euim
779 1069 919 1148 amplius
940 1067 1005 1128 erit
1025 1067 1057 1128 in
1079 1060 1199 1132 morte,
1219 1064 1276 1146 qui
1299 1054 1449 1129 morbum
1469 1084 1511 1127 ex

393 1175 567 1237 vitiositate
588 1166 687 1251 atque
709 1171 852 1249 nequitia
873 1168 933 1229 sibi
954 1176 1173 1243 contractum,
1203 1186 1262 1247 per
1284 1165 1342 1228 bei
1365 1166 1512 1228 recorda·

393 1272 772 1350 tionemcurarepossi13
792 1270 945 1349 quoniam
958 1270 989 1329 in
1006 1278 1091 1331 terra
1107 1268 1239 1347 quidem
1254 1266 1413 1329 confessio
1430 1267 1512 1328 sires

393 1374 556 1453 habet;in
584 1372 710 1435 inierno
732 1381 840 1433 autem
855 1370 917 1432 boc
937 1387 1000 1431 non
1016 1369 1090 1431 erit.
1112 1388 1129 1425 u
1156 1367 1199 1430 Et
1213 1368 1244 1428 in
1258 1366 1412 1447 Mysticae
1434 1365 1516 1428 citae

393 1473 517 1553 Moysis
529 1471 791 1553 interpretatione
802 1470 926 1553 adjicit:
940 1492 956 1529 a
969 1468 1051 1534 Cum
1068 1471 1191 1532 venerit
1202 1469 1352 1533 Christus
1370 1471 1401 1531 iu
1417 1470 1515 1549 maie·

394 1584 477 1639 state
496 1593 555 1638 sua
577 1584 610 1639 et
630 1592 741 1637 omnes
762 1573 867 1652 angeli
888 1588 1000 1635 secum
1020 1590 1084 1646 eo,
1108 1574 1164 1634 rix
1181 1570 1261 1652 justi
1283 1571 1406 1651 gloriae
1426 1570 1516 1634 itlius

394 1685 492 1741 erunt
512 1692 656 1755 capaces.
680 1673 801 1755 impius
832 1680 942 1737 autem
964 1680 998 1735 et
1015 1672 1253 1752 judaizantium
1282 1679 1388 1735 sectae
1411 1680 1518 1735 tantae

399 1776 526 1839 visionis
551 1784 703 1855 expertes
724 1774 910 1837 manebunt.
930 1770 1082 1835 Totietur
1101 1773 1332 1854 enimimpios,
1353 1790 1392 1836 ne
1412 1773 1517 1837 rideat

397 1878 533 1959 pieriam
557 1874 728 1941 Domini.»

475 1977 518 2043 Et
541 1977 701 2057 proiecto,
724 1978 772 2041 uti
794 1997 901 2058 nuper
912 1980 995 2043 dixit
1014 1976 1190 2042 abactam
1207 1996 1274 2039 non
1286 1976 1368 2055 enirn
1381 1976 1518 2040 esitan-

392 2076 481 2157 piiar
501 2075 537 2141 in
558 2087 667 2150 morte,
698 2076 755 2159 qui
774 2080 915 2141 merdam
936 2100 977 2142 eac
995 2078 1168 2143 vitiositate
1189 2078 1250 2143 sibi
1278 2088 1474 2143 contractans
1491 2086 1520 2139 et

321 2260 323 2265 Ι
399 2176 553 2260 nequitia,
571 2196 632 2257 per
653 2176 711 2242 bet
730 2176 962 2244 invocationem
982 2165 1229 2261 suscipatis,
1250 2183 1328 2244 satis
1354 2181 1394 2245 iis
1415 2181 1520 2244 verbis

399 2281 507 2357 docet,
529 2281 615 2361 apud
638 2281 758 2346 inieras
780 2291 853 2364 post
870 2282 1031 2366 judicium
1051 2294 1238 2348 extremum
1259 2284 1388 2348 nullum
1409 2285 1519 2347 iocum

403 2380 473 2445 tieri
496 2382 659 2462 nequitiae
680 2383 838 2463 medelae3
855 2384 994 2465 ideoque
1007 2385 1109 2448 alium
1124 2404 1194 2448 esse
1211 2376 1332 2464 ignem,
1344 2390 1519 2464 ceteraque

403 2490 576 2560 tormenta,
602 2484 721 2564 quibua
745 2484 875 2567 reprobi
905 2496 978 2565 post
998 2485 1273 2550 resurrectionem
1300 2492 1333 2548 et
1357 2484 1517 2566 judicium

286 2656 288 2663 y
398 2584 624 2667 subjicientur,
646 2586 688 2649 ab
709 2589 781 2666 igne
802 2588 940 2669 aliisquo
961 2589 1161 2652 cruciatibus
1182 2589 1333 2661 carium,
1354 2604 1437 2667 quos
1449 2592 1521 2668 post
1554 2631 1558 2637 .

400 2695 540 2751 mortem
561 2688 727 2768 patientur
748 2688 895 2753 homiues
915 2691 957 2752 ab
980 2690 1161 2753 vitiositatis
1177 2689 1362 2752 adiectiones
1377 2689 1453 2769 pius
1472 2687 1522 2750 rei

401 2788 506 2850 minus
527 2796 676 2851 naturam
693 2796 837 2852 nostram
855 2798 1019 2869 urgentes,
1041 2789 1243 2871 proindeque
1259 2790 1375 2871 majori
1398 2787 1450 2851 rei
1465 2788 1522 2850 mi·

400 2888 486 2965 nori,
509 2890 556 2953 uti
578 2890 644 2968 ipse
665 2889 830 2967 opinatur,
845 2893 999 2971 temporis
1020 2890 1206 2974 interculta,
1228 2888 1449 2953 excruciandi.
1475 2886 1521 2950 De

402 2986 464 3050 hac
478 3005 618 3068 namque
639 2988 719 3068 iguis
740 2989 1135 3055 incendentis-acerbitate
1149 2991 1293 3066 locutus,
1308 2992 1413 3070 iguem
1430 2996 1523 3052 rocat

402 3088 635 3168 expiatorium.
660 3089 702 3151 Et
721 3106 797 3153 sane
819 3110 895 3155 cum
922 3094 965 3155 sit
985 3093 1200 3173 expiatorias,
1229 3093 1325 3154 etiam
1348 3092 1520 3155 terminum

403 3186 595 3267 expiationis
616 3190 795 3265 concludit,
817 3190 915 3270 eique
935 3190 1092 3254 adimitur
1122 3194 1306 3255 aeternitas.
1329 3191 1522 3253 notatores

403 3286 604 3369 ubicumque
625 3289 665 3351 de
687 3290 771 3363 tatis,
795 3308 881 3369 quae
902 3290 1064 3354 bumaaao
1084 3298 1221 3356 naturae
1243 3291 1285 3354 ob
1312 3298 1525 3372 protoparen-

407 3394 476 3451 tum
498 3388 629 3467 cuipam
650 3389 785 3468 ingruit,
814 3390 996 3454 vitiositatis
1016 3390 1224 3469 dissipatione
1247 3390 1445 3471 disputarit,
1466 3405 1527 3468 per

406 3486 546 3553 divinam
567 3490 723 3569 exigenda
742 3492 909 3566 virtutem,
926 3496 959 3555 et
971 3491 1103 3572 quidem
1123 3491 1332 3555 novissimum
1348 3497 1525 3571 praeeunte

402 3587 577 3670 judicium,
590 3606 694 3669 vpares
715 3589 847 3654 adhibet
866 3591 1049 3656 locutiones
1062 3612 1116 3656 ex.
1131 3610 1161 3671 g.
1178 3610 1239 3673 per
1256 3590 1361 3671 ipsein
1384 3590 1526 3671 eamme·

405 3686 492 3749 rium
513 3686 624 3751 anima
644 3690 830 3753 mundatae
848 3690 1006 3755 sordidast
1029 3692 1082 3755 rel
1100 3690 1276 3755 necessario
1294 3690 1435 3766 domines
1455 3688 1527 3769 ipae

401 3788 588 3869 perpendi:
610 3807 670 3853 seu
685 3808 743 3867 per
762 3786 868 3870 ipnem
886 3791 994 3855 carati
1004 3810 1016 3853 .·
1037 3801 1095 3857 aut
1114 3809 1195 3855 cara
1222 3791 1311 3872 ipsis
1336 3788 1506 3871 euperpati
1515 3808 1528 3848 t

406 3889 460 3955 vel
478 3890 666 3970 separantia
685 3889 786 3953 morbi
794 3910 855 3971 prr
874 3891 1077 3959 medicinam.-
1091 3902 1150 3958 aut
1169 3891 1404 3974 ipnisabsamet
1423 3892 1461 3956 in
1473 3892 1527 3953 io·

406 3987 491 4053 miae
509 3990 592 4071 qaod
608 3998 734 4069 praeter
752 4000 905 4057 amaram
927 4012 1019 4059 marn
1038 4006 1084 4057 est
1102 4002 1164 4059 etc.

488 4088 516 4155 E
537 4098 652 4155 contra
673 4110 752 4157 rero
772 4112 798 4157 s.
821 4091 1002 4175 Episcopus
1015 4095 1056 4158 de
1077 4095 1334 4176 poenis,quibus
1350 4096 1525 4175 perignem

409 4189 497 4271 apud
531 4190 651 4255 interos
672 4192 804 4271 reprobi
836 4193 1014 4259 mulctandi
1033 4204 1110 4258 sunt
1129 4204 1203 4275 post
1231 4195 1528 4265 resurrectionem,

411 4308 584 4371 quaerens,
608 4291 709 4357 relati
729 4300 824 4357 antea
845 4294 985 4370 ostendi,
996 4313 1164 4376 nunquam
1178 4295 1330 4360 eumdem
1350 4296 1456 4375 ignem
1470 4310 1529 4355 aec

410 4396 646 4473 expiatorium,
666 4414 724 4461 nec
744 4396 986 4474 lustratorium,
1008 4414 1068 4463 nec
1096 4398 1346 4479 abstergentem,
1367 4414 1426 4460 uec
1452 4412 1530 4460 cau

413 4504 606 4575 sumentem,
628 4516 686 4563 nec
707 4497 944 4575 medicinalem,
965 4516 1025 4565 uec
1042 4508 1214 4567 curantem
1234 4500 1325 4579 dicit,
1337 4518 1397 4564 uec
1415 4514 1457 4563 eo
1470 4497 1531 4561 sni·
