<?xml version="1.0" encoding="UTF-8"?>
<!DOCTYPE html PUBLIC "-//W3C//DTD XHTML 1.0 Transitional//EN"
    "http://www.w3.org/TR/xhtml1/DTD/xhtml1-transitional.dtd">
<html xmlns="http://www.w3.org/1999/xhtml" xml:lang="en" lang="en">
 <head>
  <title>
</title>
<meta http-equiv="Content-Type" content="text/html;charset=utf-8" />
  <meta name='ocr-system' content='tesseract 3.04.00' />
  <meta name='ocr-capabilities' content='ocr_page ocr_carea ocr_par ocr_line ocrx_word'/>
</head>
<body>
  <div class='ocr_page' id='page_1' title='image "./insgregoriinyss02vincgoog/insgregoriinyss02vincgoog_0749.png"; bbox 0 0 3375 5567; ppageno 0'>
   <div class='ocr_carea' id='block_1_1' title="bbox 145 753 1263 3155">
    <p class='ocr_par' dir='ltr' id='par_1_1' title="bbox 145 753 1257 2246">
     <span class='ocr_line' id='line_1_1' title="bbox 214 753 1250 840; baseline -0.003 -18"><span class='ocrx_word' id='word_1_1' title='bbox 214 756 246 823; x_wconf 89' lang='lat' dir='ltr'><strong>lo</strong></span> <span class='ocrx_word' id='word_1_2' title='bbox 261 759 308 823; x_wconf 86' lang='lat' dir='ltr'><strong>lris</strong></span> <span class='ocrx_word' id='word_1_3' title='bbox 329 760 439 840; x_wconf 86' lang='lat' dir='ltr'><strong>itaque</strong></span> <span class='ocrx_word' id='word_1_4' title='bbox 455 758 537 823; x_wconf 91' lang='lat' dir='ltr'><strong>illud</strong></span> <span class='ocrx_word' id='word_1_5' title='bbox 562 756 720 838; x_wconf 74' lang='lat' dir='ltr'><strong>signifieat</strong></span> <span class='ocrx_word' id='word_1_6' title='bbox 733 754 910 836; x_wconf 80' lang='lat' dir='ltr'><strong>Origenes:</strong></span> <span class='ocrx_word' id='word_1_7' title='bbox 926 773 1002 821; x_wconf 88' lang='lat' dir='ltr'><strong>eum</strong></span> <span class='ocrx_word' id='word_1_8' title='bbox 1016 753 1118 831; x_wconf 81' lang='lat' dir='ltr'><strong>Deus,</strong></span> <span class='ocrx_word' id='word_1_9' title='bbox 1133 755 1250 837; x_wconf 85' lang='lat' dir='ltr'><strong>iuquit,</strong></span> 
     </span>
     <span class='ocr_line' id='line_1_2' title="bbox 148 856 1251 942; baseline -0.005 -19"><span class='ocrx_word' id='word_1_10' title='bbox 148 860 247 939; x_wconf 74' lang='lat' dir='ltr'><strong>mnus,</strong></span> <span class='ocrx_word' id='word_1_11' title='bbox 270 862 326 940; x_wconf 88' lang='lat' dir='ltr'><strong>qui</strong></span> <span class='ocrx_word' id='word_1_12' title='bbox 348 861 507 942; x_wconf 86' lang='lat' dir='ltr'><strong>spiritales</strong></span> <span class='ocrx_word' id='word_1_13' title='bbox 529 868 561 922; x_wconf 89' lang='lat' dir='ltr'><strong>et</strong></span> <span class='ocrx_word' id='word_1_14' title='bbox 584 868 728 924; x_wconf 86' lang='lat' dir='ltr'><strong>terrenos</strong></span> <span class='ocrx_word' id='word_1_15' title='bbox 751 857 840 929; x_wconf 87' lang='lat' dir='ltr'><strong>lacit,</strong></span> <span class='ocrx_word' id='word_1_16' title='bbox 863 856 957 931; x_wconf 89' lang='lat' dir='ltr'><strong>idest,</strong></span> <span class='ocrx_word' id='word_1_17' title='bbox 980 856 1038 937; x_wconf 84' lang='lat' dir='ltr'><strong>qui</strong></span> <span class='ocrx_word' id='word_1_18' title='bbox 1059 875 1122 919; x_wconf 91' lang='lat' dir='ltr'><strong>non</strong></span> <span class='ocrx_word' id='word_1_19' title='bbox 1143 858 1251 920; x_wconf 88' lang='lat' dir='ltr'><strong>solum</strong></span> 
     </span>
     <span class='ocr_line' id='line_1_3' title="bbox 145 957 1248 1044; baseline -0.003 -19"><span class='ocrx_word' id='word_1_20' title='bbox 145 980 192 1025; x_wconf 91' lang='lat' dir='ltr'><strong>eos</strong></span> <span class='ocrx_word' id='word_1_21' title='bbox 203 962 254 1041; x_wconf 85' lang='lat' dir='ltr'><strong>qui</strong></span> <span class='ocrx_word' id='word_1_22' title='bbox 264 963 380 1044; x_wconf 90' lang='lat' dir='ltr'><strong>spiritu</strong></span> <span class='ocrx_word' id='word_1_23' title='bbox 395 962 520 1036; x_wconf 85' lang='lat' dir='ltr'><strong>vivunt,</strong></span> <span class='ocrx_word' id='word_1_24' title='bbox 532 970 565 1023; x_wconf 88' lang='lat' dir='ltr'><strong>et</strong></span> <span class='ocrx_word' id='word_1_25' title='bbox 580 980 641 1023; x_wconf 88' lang='lat' dir='ltr'><strong>non</strong></span> <span class='ocrx_word' id='word_1_26' title='bbox 653 962 683 1021; x_wconf 92' lang='lat' dir='ltr'><strong>in</strong></span> <span class='ocrx_word' id='word_1_27' title='bbox 698 977 808 1034; x_wconf 86' lang='lat' dir='ltr'><strong>carae,</strong></span> <span class='ocrx_word' id='word_1_28' title='bbox 824 957 899 1022; x_wconf 88' lang='lat' dir='ltr'><strong>iacit</strong></span> <span class='ocrx_word' id='word_1_29' title='bbox 910 959 1005 1021; x_wconf 89' lang='lat' dir='ltr'><strong>sicuti</strong></span> <span class='ocrx_word' id='word_1_30' title='bbox 1020 966 1178 1033; x_wconf 88' lang='lat' dir='ltr'><strong>terrenos,</strong></span> <span class='ocrx_word' id='word_1_31' title='bbox 1190 960 1248 1038; x_wconf 85' lang='lat' dir='ltr'><strong>qui</strong></span> 
     </span>
     <span class='ocr_line' id='line_1_4' title="bbox 146 1059 1249 1142; baseline -0.004 -19"><span class='ocrx_word' id='word_1_32' title='bbox 146 1072 257 1125; x_wconf 91' lang='lat' dir='ltr'><strong>terrena</strong></span> <span class='ocrx_word' id='word_1_33' title='bbox 278 1063 419 1140; x_wconf 87' lang='lat' dir='ltr'><strong>sapiunt,</strong></span> <span class='ocrx_word' id='word_1_34' title='bbox 436 1062 491 1142; x_wconf 89' lang='lat' dir='ltr'><strong>qui</strong></span> <span class='ocrx_word' id='word_1_35' title='bbox 508 1063 537 1121; x_wconf 95' lang='lat' dir='ltr'><strong>in</strong></span> <span class='ocrx_word' id='word_1_36' title='bbox 559 1079 654 1123; x_wconf 90' lang='lat' dir='ltr'><strong>carne</strong></span> <span class='ocrx_word' id='word_1_37' title='bbox 673 1062 785 1123; x_wconf 89' lang='lat' dir='ltr'><strong>vivunt</strong></span> <span class='ocrx_word' id='word_1_38' title='bbox 801 1068 832 1121; x_wconf 90' lang='lat' dir='ltr'><strong>et</strong></span> <span class='ocrx_word' id='word_1_39' title='bbox 855 1077 918 1120; x_wconf 93' lang='lat' dir='ltr'><strong>nou</strong></span> <span class='ocrx_word' id='word_1_40' title='bbox 940 1059 970 1119; x_wconf 89' lang='lat' dir='ltr'><strong>in</strong></span> <span class='ocrx_word' id='word_1_41' title='bbox 991 1060 1107 1137; x_wconf 88' lang='lat' dir='ltr'><strong>spiritu</strong></span> <span class='ocrx_word' id='word_1_42' title='bbox 1119 1078 1131 1137; x_wconf 75' lang='lat'>3</span> <span class='ocrx_word' id='word_1_43' title='bbox 1147 1059 1249 1121; x_wconf 89' lang='lat' dir='ltr'><strong>donec</strong></span> 
     </span>
     <span class='ocr_line' id='line_1_5' title="bbox 146 1159 1250 1243; baseline -0.003 -20"><span class='ocrx_word' id='word_1_44' title='bbox 146 1162 196 1243; x_wconf 87' lang='lat' dir='ltr'><strong>ipsi</strong></span> <span class='ocrx_word' id='word_1_45' title='bbox 215 1164 244 1225; x_wconf 91' lang='lat' dir='ltr'><strong>in</strong></span> <span class='ocrx_word' id='word_1_46' title='bbox 266 1163 326 1227; x_wconf 82' lang='lat' dir='ltr'><strong>itae</strong></span> <span class='ocrx_word' id='word_1_47' title='bbox 349 1163 469 1241; x_wconf 89' lang='lat' dir='ltr'><strong>degunt</strong></span> <span class='ocrx_word' id='word_1_48' title='bbox 495 1165 570 1238; x_wconf 91' lang='lat' dir='ltr'><strong>vita,</strong></span> <span class='ocrx_word' id='word_1_49' title='bbox 592 1162 642 1224; x_wconf 91' lang='lat' dir='ltr'><strong>sui</strong></span> <span class='ocrx_word' id='word_1_50' title='bbox 663 1162 746 1243; x_wconf 85' lang='lat' dir='ltr'><strong>juris</strong></span> <span class='ocrx_word' id='word_1_51' title='bbox 771 1168 859 1234; x_wconf 91' lang='lat' dir='ltr'><strong>sunt,</strong></span> <span class='ocrx_word' id='word_1_52' title='bbox 875 1177 913 1220; x_wconf 89' lang='lat' dir='ltr'><strong>ae</strong></span> <span class='ocrx_word' id='word_1_53' title='bbox 931 1160 1033 1222; x_wconf 88' lang='lat' dir='ltr'><strong>libere</strong></span> <span class='ocrx_word' id='word_1_54' title='bbox 1051 1166 1163 1239; x_wconf 91' lang='lat' dir='ltr'><strong>agunt,</strong></span> <span class='ocrx_word' id='word_1_55' title='bbox 1179 1159 1250 1221; x_wconf 85' lang='lat' dir='ltr'><strong>lieri</strong></span> 
     </span>
     <span class='ocr_line' id='line_1_6' title="bbox 146 1262 1251 1344; baseline -0.001 -20"><span class='ocrx_word' id='word_1_56' title='bbox 146 1272 251 1344; x_wconf 91' lang='lat' dir='ltr'><strong>potest,</strong></span> <span class='ocrx_word' id='word_1_57' title='bbox 274 1275 313 1328; x_wconf 91' lang='lat' dir='ltr'><strong>ut</strong></span> <span class='ocrx_word' id='word_1_58' title='bbox 336 1282 390 1326; x_wconf 89' lang='lat' dir='ltr'><strong>vas</strong></span> <span class='ocrx_word' id='word_1_59' title='bbox 413 1265 557 1337; x_wconf 85' lang='lat' dir='ltr'><strong>honoris,</strong></span> <span class='ocrx_word' id='word_1_60' title='bbox 581 1262 660 1327; x_wconf 86' lang='lat' dir='ltr'><strong>idest</strong></span> <span class='ocrx_word' id='word_1_61' title='bbox 683 1264 797 1338; x_wconf 85' lang='lat' dir='ltr'><strong>bonus,</strong></span> <span class='ocrx_word' id='word_1_62' title='bbox 817 1271 965 1326; x_wconf 88' lang='lat' dir='ltr'><strong>vertatur</strong></span> <span class='ocrx_word' id='word_1_63' title='bbox 988 1264 1018 1323; x_wconf 91' lang='lat' dir='ltr'><strong>in</strong></span> <span class='ocrx_word' id='word_1_64' title='bbox 1042 1280 1097 1323; x_wconf 90' lang='lat' dir='ltr'><strong>vas</strong></span> <span class='ocrx_word' id='word_1_65' title='bbox 1117 1263 1251 1340; x_wconf 87' lang='lat' dir='ltr'><strong>ignomi-</strong></span> 
     </span>
     <span class='ocr_line' id='line_1_7' title="bbox 146 1363 1252 1440; baseline -0.001 -15"><span class='ocrx_word' id='word_1_66' title='bbox 146 1365 206 1427; x_wconf 87' lang='lat' dir='ltr'><strong>niae</strong></span> <span class='ocrx_word' id='word_1_67' title='bbox 225 1366 256 1425; x_wconf 91' lang='lat' dir='ltr'><strong>iu</strong></span> <span class='ocrx_word' id='word_1_68' title='bbox 277 1382 360 1427; x_wconf 89' lang='lat' dir='ltr'><strong>nova</strong></span> <span class='ocrx_word' id='word_1_69' title='bbox 383 1366 567 1440; x_wconf 84' lang='lat' dir='ltr'><strong>creatione,</strong></span> <span class='ocrx_word' id='word_1_70' title='bbox 600 1365 681 1427; x_wconf 89' lang='lat' dir='ltr'><strong>idest</strong></span> <span class='ocrx_word' id='word_1_71' title='bbox 712 1364 743 1426; x_wconf 91' lang='lat' dir='ltr'><strong>iu</strong></span> <span class='ocrx_word' id='word_1_72' title='bbox 765 1364 880 1427; x_wconf 84' lang='lat' dir='ltr'><strong>tuturo</strong></span> <span class='ocrx_word' id='word_1_73' title='bbox 899 1364 1035 1436; x_wconf 87' lang='lat' dir='ltr'><strong>seculo,</strong></span> <span class='ocrx_word' id='word_1_74' title='bbox 1057 1364 1088 1423; x_wconf 94' lang='lat' dir='ltr'><strong>in</strong></span> <span class='ocrx_word' id='word_1_75' title='bbox 1109 1363 1252 1424; x_wconf 87' lang='lat' dir='ltr'><strong>ueritate</strong></span> 
     </span>
     <span class='ocr_line' id='line_1_8' title="bbox 146 1460 1250 1543; baseline -0.002 -18"><span class='ocrx_word' id='word_1_76' title='bbox 146 1462 219 1525; x_wconf 82' lang='lat' dir='ltr'><strong>coeli</strong></span> <span class='ocrx_word' id='word_1_77' title='bbox 234 1471 266 1526; x_wconf 88' lang='lat' dir='ltr'><strong>et</strong></span> <span class='ocrx_word' id='word_1_78' title='bbox 288 1474 407 1541; x_wconf 90' lang='lat' dir='ltr'><strong>terrae,</strong></span> <span class='ocrx_word' id='word_1_79' title='bbox 431 1472 566 1541; x_wconf 88' lang='lat' dir='ltr'><strong>propter</strong></span> <span class='ocrx_word' id='word_1_80' title='bbox 580 1482 678 1543; x_wconf 89' lang='lat' dir='ltr'><strong>opera</strong></span> <span class='ocrx_word' id='word_1_81' title='bbox 695 1464 820 1542; x_wconf 92' lang='lat' dir='ltr'><strong>indigna</strong></span> <span class='ocrx_word' id='word_1_82' title='bbox 838 1464 870 1525; x_wconf 93' lang='lat' dir='ltr'><strong>in</strong></span> <span class='ocrx_word' id='word_1_83' title='bbox 892 1463 954 1525; x_wconf 82' lang='lat' dir='ltr'><strong>lrac</strong></span> <span class='ocrx_word' id='word_1_84' title='bbox 970 1464 1033 1525; x_wconf 90' lang='lat' dir='ltr'><strong>vita</strong></span> <span class='ocrx_word' id='word_1_85' title='bbox 1049 1473 1081 1525; x_wconf 92' lang='lat' dir='ltr'><strong>et</strong></span> <span class='ocrx_word' id='word_1_86' title='bbox 1095 1472 1168 1523; x_wconf 87' lang='lat' dir='ltr'><strong>ante</strong></span> <span class='ocrx_word' id='word_1_87' title='bbox 1183 1460 1250 1523; x_wconf 90' lang='lat' dir='ltr'><strong>obi·</strong></span> 
     </span>
     <span class='ocr_line' id='line_1_9' title="bbox 149 1565 1252 1646; baseline 0 -21"><span class='ocrx_word' id='word_1_88' title='bbox 149 1574 209 1627; x_wconf 91' lang='lat' dir='ltr'><strong>tom</strong></span> <span class='ocrx_word' id='word_1_89' title='bbox 231 1573 366 1644; x_wconf 89' lang='lat' dir='ltr'><strong>patrata.</strong></span> <span class='ocrx_word' id='word_1_90' title='bbox 387 1565 487 1642; x_wconf 90' lang='lat' dir='ltr'><strong>item,</strong></span> <span class='ocrx_word' id='word_1_91' title='bbox 508 1566 564 1646; x_wconf 87' lang='lat' dir='ltr'><strong>qui</strong></span> <span class='ocrx_word' id='word_1_92' title='bbox 588 1567 617 1627; x_wconf 92' lang='lat' dir='ltr'><strong>iu</strong></span> <span class='ocrx_word' id='word_1_93' title='bbox 640 1566 701 1627; x_wconf 89' lang='lat' dir='ltr'><strong>hoc</strong></span> <span class='ocrx_word' id='word_1_94' title='bbox 721 1565 833 1629; x_wconf 87' lang='lat' dir='ltr'><strong>seculo</strong></span> <span class='ocrx_word' id='word_1_95' title='bbox 850 1566 900 1626; x_wconf 79' lang='lat' dir='ltr'><strong>nir</strong></span> <span class='ocrx_word' id='word_1_96' title='bbox 916 1572 1077 1638; x_wconf 88' lang='lat' dir='ltr'><strong>terrenus,</strong></span> <span class='ocrx_word' id='word_1_97' title='bbox 1100 1565 1252 1625; x_wconf 89' lang='lat' dir='ltr'><strong>nimirum</strong></span> 
     </span>
     <span class='ocr_line' id='line_1_10' title="bbox 146 1664 1251 1745; baseline 0 -21"><span class='ocrx_word' id='word_1_98' title='bbox 146 1664 262 1739; x_wconf 91' lang='lat' dir='ltr'><strong>malus,</strong></span> <span class='ocrx_word' id='word_1_99' title='bbox 292 1666 333 1727; x_wconf 89' lang='lat' dir='ltr'><strong>ob</strong></span> <span class='ocrx_word' id='word_1_100' title='bbox 356 1666 529 1745; x_wconf 71' lang='lat' dir='ltr'><strong>pravitates</strong></span> <span class='ocrx_word' id='word_1_101' title='bbox 554 1684 608 1727; x_wconf 87' lang='lat' dir='ltr'><strong>vas</strong></span> <span class='ocrx_word' id='word_1_102' title='bbox 630 1665 820 1745; x_wconf 75' lang='lat' dir='ltr'><strong>ignominiae</strong></span> <span class='ocrx_word' id='word_1_103' title='bbox 844 1672 1014 1745; x_wconf 90' lang='lat' dir='ltr'><strong>reputatus</strong></span> <span class='ocrx_word' id='word_1_104' title='bbox 1036 1664 1147 1735; x_wconf 88' lang='lat' dir='ltr'><strong>luerit,</strong></span> <span class='ocrx_word' id='word_1_105' title='bbox 1169 1666 1195 1726; x_wconf 89' lang='lat' dir='ltr'><strong>si</strong></span> <span class='ocrx_word' id='word_1_106' title='bbox 1216 1681 1251 1725; x_wconf 87' lang='lat' dir='ltr'><strong>se</strong></span> 
     </span>
     <span class='ocr_line' id='line_1_11' title="bbox 149 1765 1253 1846; baseline -0.003 -19"><span class='ocrx_word' id='word_1_107' title='bbox 149 1766 175 1827; x_wconf 91' lang='lat' dir='ltr'><strong>in</strong></span> <span class='ocrx_word' id='word_1_108' title='bbox 195 1766 255 1828; x_wconf 83' lang='lat' dir='ltr'><strong>lane</strong></span> <span class='ocrx_word' id='word_1_109' title='bbox 276 1768 344 1845; x_wconf 95' lang='lat' dir='ltr'><strong>ipso</strong></span> <span class='ocrx_word' id='word_1_110' title='bbox 368 1775 512 1846; x_wconf 89' lang='lat' dir='ltr'><strong>tempore</strong></span> <span class='ocrx_word' id='word_1_111' title='bbox 533 1766 773 1841; x_wconf 76' lang='lat' dir='ltr'><strong>emendaverit,</strong></span> <span class='ocrx_word' id='word_1_112' title='bbox 798 1768 829 1829; x_wconf 91' lang='lat' dir='ltr'><strong>iu</strong></span> <span class='ocrx_word' id='word_1_113' title='bbox 852 1766 966 1827; x_wconf 87' lang='lat' dir='ltr'><strong>luturo</strong></span> <span class='ocrx_word' id='word_1_114' title='bbox 988 1765 1054 1840; x_wconf 87' lang='lat' dir='ltr'><strong>liet,</strong></span> <span class='ocrx_word' id='word_1_115' title='bbox 1078 1773 1116 1827; x_wconf 90' lang='lat' dir='ltr'><strong>ut</strong></span> <span class='ocrx_word' id='word_1_116' title='bbox 1136 1765 1253 1827; x_wconf 87' lang='lat' dir='ltr'><strong>evadat</strong></span> 
     </span>
     <span class='ocr_line' id='line_1_12' title="bbox 149 1862 1255 1947; baseline 0.001 -22"><span class='ocrx_word' id='word_1_117' title='bbox 149 1865 318 1943; x_wconf 86' lang='lat' dir='ltr'><strong>spiritualis</strong></span> <span class='ocrx_word' id='word_1_118' title='bbox 333 1866 413 1931; x_wconf 89' lang='lat' dir='ltr'><strong>idest</strong></span> <span class='ocrx_word' id='word_1_119' title='bbox 438 1886 492 1929; x_wconf 86' lang='lat' dir='ltr'><strong>vas</strong></span> <span class='ocrx_word' id='word_1_120' title='bbox 514 1868 668 1945; x_wconf 79' lang='lat' dir='ltr'><strong>honoris3</strong></span> <span class='ocrx_word' id='word_1_121' title='bbox 684 1865 958 1946; x_wconf 86' lang='lat' dir='ltr'><strong>quemadmodum</strong></span> <span class='ocrx_word' id='word_1_122' title='bbox 972 1862 1009 1927; x_wconf 81' lang='lat' dir='ltr'><strong>t&#39;n</strong></span> <span class='ocrx_word' id='word_1_123' title='bbox 1025 1864 1198 1947; x_wconf 76' lang='lat' dir='ltr'><strong>Epistolcm</strong></span> <span class='ocrx_word' id='word_1_124' title='bbox 1212 1864 1255 1928; x_wconf 86' lang='lat' dir='ltr'><strong>cd</strong></span> 
     </span>
     <span class='ocr_line' id='line_1_13' title="bbox 149 1960 1255 2047; baseline 0.001 -22"><span class='ocrx_word' id='word_1_125' title='bbox 149 1960 298 2028; x_wconf 78' lang='lat' dir='ltr'><strong>Romanor</strong></span> <span class='ocrx_word' id='word_1_126' title='bbox 319 1968 504 2047; x_wconf 79' lang='lat' dir='ltr'><strong>explicavit.</strong></span> <span class='ocrx_word' id='word_1_127' title='bbox 522 1966 672 2030; x_wconf 75' lang='lat' dir='ltr'><strong>Attamen</strong></span> <span class='ocrx_word' id='word_1_128' title='bbox 695 1967 817 2029; x_wconf 87' lang='lat' dir='ltr'><strong>veritus</strong></span> <span class='ocrx_word' id='word_1_129' title='bbox 838 1966 994 2047; x_wconf 74' lang='lat' dir='ltr'><strong>Origenes</strong></span> <span class='ocrx_word' id='word_1_130' title='bbox 1016 1984 1055 2030; x_wconf 90' lang='lat' dir='ltr'><strong>ue</strong></span> <span class='ocrx_word' id='word_1_131' title='bbox 1075 1967 1107 2028; x_wconf 93' lang='lat' dir='ltr'><strong>iu</strong></span> <span class='ocrx_word' id='word_1_132' title='bbox 1129 1965 1255 2045; x_wconf 85' lang='lat' dir='ltr'><strong>praela·</strong></span> 
     </span>
     <span class='ocr_line' id='line_1_14' title="bbox 152 2066 1257 2148; baseline 0.003 -23"><span class='ocrx_word' id='word_1_133' title='bbox 152 2067 183 2127; x_wconf 91' lang='lat' dir='ltr'><strong>tis</strong></span> <span class='ocrx_word' id='word_1_134' title='bbox 200 2067 303 2131; x_wconf 87' lang='lat' dir='ltr'><strong>verbis</strong></span> <span class='ocrx_word' id='word_1_135' title='bbox 318 2066 495 2148; x_wconf 82' lang='lat' dir='ltr'><strong>quidquam</strong></span> <span class='ocrx_word' id='word_1_136' title='bbox 510 2068 625 2131; x_wconf 82' lang='lat' dir='ltr'><strong>inesset</strong></span> <span class='ocrx_word' id='word_1_137' title='bbox 644 2068 864 2143; x_wconf 82' lang='lat' dir='ltr'><strong>obscuritatis,</strong></span> <span class='ocrx_word' id='word_1_138' title='bbox 881 2069 922 2130; x_wconf 87' lang='lat' dir='ltr'><strong>ab</strong></span> <span class='ocrx_word' id='word_1_139' title='bbox 935 2068 1092 2148; x_wconf 84' lang='lat' dir='ltr'><strong>exemplis</strong></span> <span class='ocrx_word' id='word_1_140' title='bbox 1108 2068 1169 2130; x_wconf 86' lang='lat' dir='ltr'><strong>hoc</strong></span> <span class='ocrx_word' id='word_1_141' title='bbox 1188 2084 1257 2129; x_wconf 89' lang='lat' dir='ltr'><strong>am·</strong></span> 
     </span>
     <span class='ocr_line' id='line_1_15' title="bbox 149 2165 401 2246; baseline 0.028 -21"><span class='ocrx_word' id='word_1_142' title='bbox 149 2165 225 2246; x_wconf 89' lang='lat' dir='ltr'><strong>plius</strong></span> <span class='ocrx_word' id='word_1_143' title='bbox 247 2169 401 2233; x_wconf 88' lang='lat' dir='ltr'><strong>illustrat.</strong></span> 
     </span>
    </p>

    <p class='ocr_par' dir='ltr' id='par_1_2' title="bbox 147 2266 1263 3155">
     <span class='ocr_line' id='line_1_16' title="bbox 221 2266 1257 2350; baseline -0.002 -19"><span class='ocrx_word' id='word_1_144' title='bbox 221 2266 340 2332; x_wconf 84' lang='lat' dir='ltr'><strong>Scribit</strong></span> <span class='ocrx_word' id='word_1_145' title='bbox 361 2271 466 2335; x_wconf 88' lang='lat' dir='ltr'><strong>enim:</strong></span> <span class='ocrx_word' id='word_1_146' title='bbox 485 2291 500 2329; x_wconf 79' lang='lat' dir='ltr'><strong>e</strong></span> <span class='ocrx_word' id='word_1_147' title='bbox 518 2268 560 2332; x_wconf 86' lang='lat' dir='ltr'><strong>Et</strong></span> <span class='ocrx_word' id='word_1_148' title='bbox 581 2268 717 2333; x_wconf 89' lang='lat' dir='ltr'><strong>iortasse</strong></span> <span class='ocrx_word' id='word_1_149' title='bbox 747 2272 803 2350; x_wconf 84' lang='lat' dir='ltr'><strong>qui</strong></span> <span class='ocrx_word' id='word_1_150' title='bbox 826 2288 912 2334; x_wconf 90' lang='lat' dir='ltr'><strong>nunc</strong></span> <span class='ocrx_word' id='word_1_151' title='bbox 931 2278 1007 2334; x_wconf 88' lang='lat' dir='ltr'><strong>suut</strong></span> <span class='ocrx_word' id='word_1_152' title='bbox 1027 2268 1208 2344; x_wconf 82' lang='lat' dir='ltr'><strong>israelitae,</strong></span> <span class='ocrx_word' id='word_1_153' title='bbox 1229 2268 1257 2330; x_wconf 91' lang='lat' dir='ltr'><strong>si</strong></span> 
     </span>
     <span class='ocr_line' id='line_1_17' title="bbox 149 2368 1256 2451; baseline 0.001 -23"><span class='ocrx_word' id='word_1_154' title='bbox 149 2368 309 2433; x_wconf 83' lang='lat' dir='ltr'><strong>nobilitate</strong></span> <span class='ocrx_word' id='word_1_155' title='bbox 329 2390 387 2434; x_wconf 89' lang='lat' dir='ltr'><strong>sua</strong></span> <span class='ocrx_word' id='word_1_156' title='bbox 411 2372 571 2451; x_wconf 89' lang='lat' dir='ltr'><strong>indignam</strong></span> <span class='ocrx_word' id='word_1_157' title='bbox 586 2372 682 2433; x_wconf 85' lang='lat' dir='ltr'><strong>ritam</strong></span> <span class='ocrx_word' id='word_1_158' title='bbox 699 2372 835 2451; x_wconf 89' lang='lat' dir='ltr'><strong>egerint,</strong></span> <span class='ocrx_word' id='word_1_159' title='bbox 851 2371 893 2433; x_wconf 83' lang='lat' dir='ltr'><strong>alt</strong></span> <span class='ocrx_word' id='word_1_160' title='bbox 908 2371 962 2433; x_wconf 90' lang='lat' dir='ltr'><strong>illa</strong></span> <span class='ocrx_word' id='word_1_161' title='bbox 978 2370 1137 2447; x_wconf 88' lang='lat' dir='ltr'><strong>decident,</strong></span> <span class='ocrx_word' id='word_1_162' title='bbox 1154 2369 1256 2433; x_wconf 82' lang='lat' dir='ltr'><strong>relati</strong></span> 
     </span>
     <span class='ocr_line' id='line_1_18' title="bbox 152 2469 1258 2551; baseline 0.005 -22"><span class='ocrx_word' id='word_1_163' title='bbox 152 2484 188 2531; x_wconf 81' lang='lat' dir='ltr'><strong>ex</strong></span> <span class='ocrx_word' id='word_1_164' title='bbox 210 2472 293 2533; x_wconf 87' lang='lat' dir='ltr'><strong>vasis</strong></span> <span class='ocrx_word' id='word_1_165' title='bbox 315 2471 445 2534; x_wconf 75' lang='lat' dir='ltr'><strong>lionoris</strong></span> <span class='ocrx_word' id='word_1_166' title='bbox 467 2472 498 2532; x_wconf 89' lang='lat' dir='ltr'><strong>iu</strong></span> <span class='ocrx_word' id='word_1_167' title='bbox 521 2490 576 2533; x_wconf 87' lang='lat' dir='ltr'><strong>vas</strong></span> <span class='ocrx_word' id='word_1_168' title='bbox 597 2472 787 2551; x_wconf 89' lang='lat' dir='ltr'><strong>ignominiae</strong></span> <span class='ocrx_word' id='word_1_169' title='bbox 808 2473 945 2551; x_wconf 80' lang='lat' dir='ltr'><strong>mutati3</strong></span> <span class='ocrx_word' id='word_1_170' title='bbox 966 2479 999 2533; x_wconf 89' lang='lat' dir='ltr'><strong>et</strong></span> <span class='ocrx_word' id='word_1_171' title='bbox 1021 2471 1114 2533; x_wconf 88' lang='lat' dir='ltr'><strong>multi</strong></span> <span class='ocrx_word' id='word_1_172' title='bbox 1134 2489 1174 2535; x_wconf 83' lang='lat' dir='ltr'><strong>ex</strong></span> <span class='ocrx_word' id='word_1_173' title='bbox 1197 2469 1258 2546; x_wconf 81' lang='lat' dir='ltr'><strong>lais,</strong></span> 
     </span>
     <span class='ocr_line' id='line_1_19' title="bbox 151 2570 1261 2657; baseline 0 -22"><span class='ocrx_word' id='word_1_174' title='bbox 151 2574 200 2650; x_wconf 85' lang='lat' dir='ltr'><strong>qui</strong></span> <span class='ocrx_word' id='word_1_175' title='bbox 222 2590 308 2635; x_wconf 88' lang='lat' dir='ltr'><strong>nunc</strong></span> <span class='ocrx_word' id='word_1_176' title='bbox 329 2573 468 2657; x_wconf 72' lang='lat' dir='ltr'><strong>aegyptii</strong></span> <span class='ocrx_word' id='word_1_177' title='bbox 490 2581 522 2635; x_wconf 92' lang='lat' dir='ltr'><strong>et</strong></span> <span class='ocrx_word' id='word_1_178' title='bbox 543 2570 682 2635; x_wconf 86' lang='lat' dir='ltr'><strong>idumaei</strong></span> <span class='ocrx_word' id='word_1_179' title='bbox 707 2582 801 2647; x_wconf 90' lang='lat' dir='ltr'><strong>sunt,</strong></span> <span class='ocrx_word' id='word_1_180' title='bbox 824 2574 1044 2637; x_wconf 84' lang='lat' dir='ltr'><strong>israelitarum</strong></span> <span class='ocrx_word' id='word_1_181' title='bbox 1068 2573 1132 2635; x_wconf 90' lang='lat' dir='ltr'><strong>vita</strong></span> <span class='ocrx_word' id='word_1_182' title='bbox 1151 2590 1261 2635; x_wconf 89' lang='lat' dir='ltr'><strong>susce·</strong></span> 
     </span>
     <span class='ocr_line' id='line_1_20' title="bbox 150 2671 1261 2752; baseline 0 -17"><span class='ocrx_word' id='word_1_183' title='bbox 150 2682 210 2751; x_wconf 82' lang='lat' dir='ltr'><strong>pta,</strong></span> <span class='ocrx_word' id='word_1_184' title='bbox 226 2673 282 2735; x_wconf 89' lang='lat' dir='ltr'><strong>nbi</strong></span> <span class='ocrx_word' id='word_1_185' title='bbox 300 2672 428 2736; x_wconf 89' lang='lat' dir='ltr'><strong>lrnetus</strong></span> <span class='ocrx_word' id='word_1_186' title='bbox 452 2672 569 2735; x_wconf 79' lang='lat' dir='ltr'><strong>uberes</strong></span> <span class='ocrx_word' id='word_1_187' title='bbox 585 2672 742 2750; x_wconf 88' lang='lat' dir='ltr'><strong>dederint,</strong></span> <span class='ocrx_word' id='word_1_188' title='bbox 765 2676 797 2737; x_wconf 91' lang='lat' dir='ltr'><strong>io</strong></span> <span class='ocrx_word' id='word_1_189' title='bbox 813 2672 993 2738; x_wconf 80' lang='lat' dir='ltr'><strong>Ecclesiam</strong></span> <span class='ocrx_word' id='word_1_190' title='bbox 1009 2671 1135 2737; x_wconf 81' lang='lat' dir='ltr'><strong>Domini</strong></span> <span class='ocrx_word' id='word_1_191' title='bbox 1156 2673 1261 2752; x_wconf 86' lang='lat' dir='ltr'><strong>ingre·</strong></span> 
     </span>
     <span class='ocr_line' id='line_1_21' title="bbox 150 2773 1262 2857; baseline 0 -23"><span class='ocrx_word' id='word_1_192' title='bbox 150 2773 284 2851; x_wconf 81' lang='lat' dir='ltr'><strong>dicotur,</strong></span> <span class='ocrx_word' id='word_1_193' title='bbox 309 2792 413 2853; x_wconf 83' lang='lat' dir='ltr'><strong>neque</strong></span> <span class='ocrx_word' id='word_1_194' title='bbox 436 2775 518 2837; x_wconf 89' lang='lat' dir='ltr'><strong>inter</strong></span> <span class='ocrx_word' id='word_1_195' title='bbox 537 2776 703 2857; x_wconf 79' lang='lat' dir='ltr'><strong>aegyptios</strong></span> <span class='ocrx_word' id='word_1_196' title='bbox 723 2780 756 2837; x_wconf 89' lang='lat' dir='ltr'><strong>et</strong></span> <span class='ocrx_word' id='word_1_197' title='bbox 777 2773 961 2849; x_wconf 76' lang='lat' dir='ltr'><strong>idumaeae,</strong></span> <span class='ocrx_word' id='word_1_198' title='bbox 981 2775 1035 2837; x_wconf 88' lang='lat' dir='ltr'><strong>sed</strong></span> <span class='ocrx_word' id='word_1_199' title='bbox 1058 2774 1143 2835; x_wconf 90' lang='lat' dir='ltr'><strong>inter</strong></span> <span class='ocrx_word' id='word_1_200' title='bbox 1164 2773 1262 2834; x_wconf 86' lang='lat' dir='ltr'><strong>israe·</strong></span> 
     </span>
     <span class='ocr_line' id='line_1_22' title="bbox 147 2873 1262 2954; baseline 0 -21"><span class='ocrx_word' id='word_1_201' title='bbox 147 2873 212 2937; x_wconf 90' lang='lat' dir='ltr'><strong>litas</strong></span> <span class='ocrx_word' id='word_1_202' title='bbox 233 2875 517 2954; x_wconf 79' lang='lat' dir='ltr'><strong>numerabuntur3</strong></span> <span class='ocrx_word' id='word_1_203' title='bbox 540 2876 636 2938; x_wconf 87' lang='lat' dir='ltr'><strong>itaut</strong></span> <span class='ocrx_word' id='word_1_204' title='bbox 657 2895 699 2937; x_wconf 81' lang='lat' dir='ltr'><strong>ex</strong></span> <span class='ocrx_word' id='word_1_205' title='bbox 717 2875 779 2937; x_wconf 90' lang='lat' dir='ltr'><strong>hoo</strong></span> <span class='ocrx_word' id='word_1_206' title='bbox 799 2892 861 2954; x_wconf 88' lang='lat' dir='ltr'><strong>pro</strong></span> <span class='ocrx_word' id='word_1_207' title='bbox 885 2876 981 2937; x_wconf 90' lang='lat' dir='ltr'><strong>variis</strong></span> <span class='ocrx_word' id='word_1_208' title='bbox 1004 2873 1178 2937; x_wconf 87' lang='lat' dir='ltr'><strong>voluntatis</strong></span> <span class='ocrx_word' id='word_1_209' title='bbox 1194 2890 1262 2933; x_wconf 84' lang='lat' dir='ltr'><strong>uro·</strong></span> 
     </span>
     <span class='ocr_line' id='line_1_23' title="bbox 150 2974 1263 3056; baseline 0 -21"><span class='ocrx_word' id='word_1_210' title='bbox 150 2976 240 3052; x_wconf 86' lang='lat' dir='ltr'><strong>tibus,</strong></span> <span class='ocrx_word' id='word_1_211' title='bbox 263 2974 395 3056; x_wconf 85' lang='lat' dir='ltr'><strong>quidam</strong></span> <span class='ocrx_word' id='word_1_212' title='bbox 410 2993 429 3038; x_wconf 85' lang='lat' dir='ltr'><strong>a</strong></span> <span class='ocrx_word' id='word_1_213' title='bbox 446 2976 661 3039; x_wconf 80' lang='lat' dir='ltr'><strong>deterioribus</strong></span> <span class='ocrx_word' id='word_1_214' title='bbox 683 2978 715 3039; x_wconf 89' lang='lat' dir='ltr'><strong>iu</strong></span> <span class='ocrx_word' id='word_1_215' title='bbox 729 2976 864 3039; x_wconf 81' lang='lat' dir='ltr'><strong>meliora</strong></span> <span class='ocrx_word' id='word_1_216' title='bbox 881 2975 1055 3056; x_wconf 81' lang='lat' dir='ltr'><strong>procedant</strong></span> <span class='ocrx_word' id='word_1_217' title='bbox 1065 2995 1077 3053; x_wconf 81' lang='lat'>3</span> <span class='ocrx_word' id='word_1_218' title='bbox 1093 2974 1147 3035; x_wconf 89' lang='lat' dir='ltr'><strong>alii</strong></span> <span class='ocrx_word' id='word_1_219' title='bbox 1162 2991 1181 3035; x_wconf 88' lang='lat' dir='ltr'><strong>a</strong></span> <span class='ocrx_word' id='word_1_220' title='bbox 1197 2992 1263 3035; x_wconf 88' lang='lat' dir='ltr'><strong>me·</strong></span> 
     </span>
     <span class='ocr_line' id='line_1_24' title="bbox 148 3072 1262 3155; baseline -0.001 -19"><span class='ocrx_word' id='word_1_221' title='bbox 148 3074 278 3139; x_wconf 81' lang='lat' dir='ltr'><strong>linriltus</strong></span> <span class='ocrx_word' id='word_1_222' title='bbox 300 3076 332 3137; x_wconf 92' lang='lat' dir='ltr'><strong>iu</strong></span> <span class='ocrx_word' id='word_1_223' title='bbox 353 3076 514 3138; x_wconf 83' lang='lat' dir='ltr'><strong>deteriora</strong></span> <span class='ocrx_word' id='word_1_224' title='bbox 537 3076 752 3155; x_wconf 80' lang='lat' dir='ltr'><strong>delabantur3</strong></span> <span class='ocrx_word' id='word_1_225' title='bbox 775 3075 829 3138; x_wconf 87' lang='lat' dir='ltr'><strong>alii</strong></span> <span class='ocrx_word' id='word_1_226' title='bbox 853 3083 1000 3138; x_wconf 86' lang='lat' dir='ltr'><strong>maneant</strong></span> <span class='ocrx_word' id='word_1_227' title='bbox 1024 3078 1057 3137; x_wconf 94' lang='lat' dir='ltr'><strong>iu</strong></span> <span class='ocrx_word' id='word_1_228' title='bbox 1082 3074 1185 3149; x_wconf 88' lang='lat' dir='ltr'><strong>bouis,</strong></span> <span class='ocrx_word' id='word_1_229' title='bbox 1209 3072 1262 3137; x_wconf 91' lang='lat' dir='ltr'><strong>vel</strong></span> 
     </span>
    </p>
   </div>
   <div class='ocr_carea' id='block_1_2' title="bbox 150 3173 1386 3258">
    <p class='ocr_par' dir='ltr' id='par_1_3' title="bbox 150 3173 1386 3258">
     <span class='ocr_line' id='line_1_25' title="bbox 150 3173 1386 3258; baseline -0.002 -22"><span class='ocrx_word' id='word_1_230' title='bbox 150 3176 267 3241; x_wconf 85' lang='lat' dir='ltr'><strong>abonis</strong></span> <span class='ocrx_word' id='word_1_231' title='bbox 290 3176 329 3237; x_wconf 87' lang='lat' dir='ltr'><strong>ad</strong></span> <span class='ocrx_word' id='word_1_232' title='bbox 352 3177 487 3241; x_wconf 85' lang='lat' dir='ltr'><strong>meliora</strong></span> <span class='ocrx_word' id='word_1_233' title='bbox 510 3176 701 3258; x_wconf 83' lang='lat' dir='ltr'><strong>proficiant:</strong></span> <span class='ocrx_word' id='word_1_234' title='bbox 724 3176 780 3237; x_wconf 89' lang='lat' dir='ltr'><strong>alii</strong></span> <span class='ocrx_word' id='word_1_235' title='bbox 801 3181 913 3239; x_wconf 88' lang='lat' dir='ltr'><strong>eontra</strong></span> <span class='ocrx_word' id='word_1_236' title='bbox 930 3176 961 3235; x_wconf 95' lang='lat' dir='ltr'><strong>in</strong></span> <span class='ocrx_word' id='word_1_237' title='bbox 984 3173 1076 3235; x_wconf 91' lang='lat' dir='ltr'><strong>malis</strong></span> <span class='ocrx_word' id='word_1_238' title='bbox 1092 3173 1260 3249; x_wconf 86' lang='lat' dir='ltr'><strong>haereant,</strong></span> <span class='ocrx_word' id='word_1_239' title='bbox 1378 3178 1386 3191; x_wconf 81' lang='grc'><strong><em>’</em></strong></span> 
     </span>
    </p>
   </div>
   <div class='ocr_carea' id='block_1_3' title="bbox 148 3272 1329 4060">
    <p class='ocr_par' dir='ltr' id='par_1_4' title="bbox 148 3272 1329 4060">
     <span class='ocr_line' id='line_1_26' title="bbox 149 3272 1261 3357; baseline -0.002 -22"><span class='ocrx_word' id='word_1_240' title='bbox 149 3276 194 3337; x_wconf 86' lang='lat' dir='ltr'><strong>rel</strong></span> <span class='ocrx_word' id='word_1_241' title='bbox 214 3295 256 3339; x_wconf 80' lang='lat' dir='ltr'><strong>ex</strong></span> <span class='ocrx_word' id='word_1_242' title='bbox 280 3276 372 3339; x_wconf 90' lang='lat' dir='ltr'><strong>malis</strong></span> <span class='ocrx_word' id='word_1_243' title='bbox 405 3276 506 3341; x_wconf 88' lang='lat' dir='ltr'><strong>ellusa</strong></span> <span class='ocrx_word' id='word_1_244' title='bbox 536 3276 658 3339; x_wconf 88' lang='lat' dir='ltr'><strong>malitia</strong></span> <span class='ocrx_word' id='word_1_245' title='bbox 681 3275 808 3357; x_wconf 83' lang='lat' dir='ltr'><strong>pejores</strong></span> <span class='ocrx_word' id='word_1_246' title='bbox 837 3273 925 3336; x_wconf 88' lang='lat' dir='ltr'><strong>liant.</strong></span> <span class='ocrx_word' id='word_1_247' title='bbox 943 3293 960 3329; x_wconf 80' lang='lat' dir='ltr'><strong>a</strong></span> <span class='ocrx_word' id='word_1_248' title='bbox 976 3272 1017 3336; x_wconf 87' lang='lat' dir='ltr'><strong>Et</strong></span> <span class='ocrx_word' id='word_1_249' title='bbox 1044 3274 1124 3335; x_wconf 87' lang='lat' dir='ltr'><strong>haec</strong></span> <span class='ocrx_word' id='word_1_250' title='bbox 1154 3273 1261 3335; x_wconf 88' lang='lat' dir='ltr'><strong>omnia</strong></span> 
     </span>
     <span class='ocr_line' id='line_1_27' title="bbox 148 3373 1261 3456; baseline -0.004 -17"><span class='ocrx_word' id='word_1_251' title='bbox 148 3378 312 3456; x_wconf 88' lang='lat' dir='ltr'><strong>perspicue</strong></span> <span class='ocrx_word' id='word_1_252' title='bbox 327 3377 421 3440; x_wconf 92' lang='lat' dir='ltr'><strong>docet</strong></span> <span class='ocrx_word' id='word_1_253' title='bbox 441 3376 597 3455; x_wconf 75' lang='lat' dir='ltr'><strong>Origenes</strong></span> <span class='ocrx_word' id='word_1_254' title='bbox 621 3375 690 3438; x_wconf 88' lang='lat' dir='ltr'><strong>lieri</strong></span> <span class='ocrx_word' id='word_1_255' title='bbox 714 3386 745 3439; x_wconf 90' lang='lat' dir='ltr'><strong>et</strong></span> <span class='ocrx_word' id='word_1_256' title='bbox 766 3377 877 3440; x_wconf 89' lang='lat' dir='ltr'><strong>locum</strong></span> <span class='ocrx_word' id='word_1_257' title='bbox 899 3375 1031 3451; x_wconf 85' lang='lat' dir='ltr'><strong>habere,</strong></span> <span class='ocrx_word' id='word_1_258' title='bbox 1054 3374 1132 3437; x_wconf 88' lang='lat' dir='ltr'><strong>dum</strong></span> <span class='ocrx_word' id='word_1_259' title='bbox 1147 3374 1179 3435; x_wconf 94' lang='lat' dir='ltr'><strong>in</strong></span> <span class='ocrx_word' id='word_1_260' title='bbox 1196 3373 1261 3436; x_wconf 84' lang='lat' dir='ltr'><strong>rita</strong></span> 
     </span>
     <span class='ocr_line' id='line_1_28' title="bbox 149 3476 1258 3556; baseline -0.002 -19"><span class='ocrx_word' id='word_1_261' title='bbox 149 3476 303 3554; x_wconf 86' lang='lat' dir='ltr'><strong>praesenti</strong></span> <span class='ocrx_word' id='word_1_262' title='bbox 333 3477 477 3539; x_wconf 84' lang='lat' dir='ltr'><strong>homines</strong></span> <span class='ocrx_word' id='word_1_263' title='bbox 499 3477 602 3540; x_wconf 89' lang='lat' dir='ltr'><strong>libere</strong></span> <span class='ocrx_word' id='word_1_264' title='bbox 624 3495 665 3539; x_wconf 82' lang='lat' dir='ltr'><strong>ex</strong></span> <span class='ocrx_word' id='word_1_265' title='bbox 692 3477 861 3539; x_wconf 90' lang='lat' dir='ltr'><strong>voluntate</strong></span> <span class='ocrx_word' id='word_1_266' title='bbox 883 3477 1014 3556; x_wconf 88' lang='lat' dir='ltr'><strong>propria</strong></span> <span class='ocrx_word' id='word_1_267' title='bbox 1037 3476 1115 3539; x_wconf 93' lang='lat' dir='ltr'><strong>moti</strong></span> <span class='ocrx_word' id='word_1_268' title='bbox 1136 3480 1258 3554; x_wconf 88' lang='lat' dir='ltr'><strong>agunt,</strong></span> 
     </span>
     <span class='ocr_line' id='line_1_29' title="bbox 149 3574 1263 3657; baseline -0.003 -20"><span class='ocrx_word' id='word_1_269' title='bbox 149 3574 230 3639; x_wconf 78' lang='lat' dir='ltr'><strong>clare</strong></span> <span class='ocrx_word' id='word_1_270' title='bbox 251 3576 406 3653; x_wconf 87' lang='lat' dir='ltr'><strong>indicans,</strong></span> <span class='ocrx_word' id='word_1_271' title='bbox 422 3578 542 3656; x_wconf 85' lang='lat' dir='ltr'><strong>probos</strong></span> <span class='ocrx_word' id='word_1_272' title='bbox 563 3586 595 3639; x_wconf 89' lang='lat' dir='ltr'><strong>et</strong></span> <span class='ocrx_word' id='word_1_273' title='bbox 616 3576 792 3655; x_wconf 85' lang='lat' dir='ltr'><strong>improbos,</strong></span> <span class='ocrx_word' id='word_1_274' title='bbox 814 3585 847 3641; x_wconf 93' lang='lat' dir='ltr'><strong>et</strong></span> <span class='ocrx_word' id='word_1_275' title='bbox 867 3578 924 3657; x_wconf 84' lang='lat' dir='ltr'><strong>qui</strong></span> <span class='ocrx_word' id='word_1_276' title='bbox 944 3576 1135 3651; x_wconf 84' lang='lat' dir='ltr'><strong>salvantur,</strong></span> <span class='ocrx_word' id='word_1_277' title='bbox 1154 3581 1186 3638; x_wconf 92' lang='lat' dir='ltr'><strong>et</strong></span> <span class='ocrx_word' id='word_1_278' title='bbox 1207 3574 1263 3653; x_wconf 85' lang='lat' dir='ltr'><strong>qui</strong></span> 
     </span>
     <span class='ocr_line' id='line_1_30' title="bbox 150 3677 1263 3758; baseline 0.001 -21"><span class='ocrx_word' id='word_1_279' title='bbox 150 3683 282 3751; x_wconf 87' lang='lat' dir='ltr'><strong>pereunt</strong></span> <span class='ocrx_word' id='word_1_280' title='bbox 302 3695 320 3740; x_wconf 85' lang='lat' dir='ltr'><strong>a</strong></span> <span class='ocrx_word' id='word_1_281' title='bbox 343 3677 412 3741; x_wconf 85' lang='lat' dir='ltr'><strong>Deo</strong></span> <span class='ocrx_word' id='word_1_282' title='bbox 433 3678 558 3758; x_wconf 84' lang='lat' dir='ltr'><strong>Opifice</strong></span> <span class='ocrx_word' id='word_1_283' title='bbox 586 3678 684 3741; x_wconf 90' lang='lat' dir='ltr'><strong>simul</strong></span> <span class='ocrx_word' id='word_1_284' title='bbox 705 3679 851 3741; x_wconf 91' lang='lat' dir='ltr'><strong>conditos</strong></span> <span class='ocrx_word' id='word_1_285' title='bbox 872 3696 962 3753; x_wconf 88' lang='lat' dir='ltr'><strong>esse,</strong></span> <span class='ocrx_word' id='word_1_286' title='bbox 985 3678 1181 3757; x_wconf 83' lang='lat' dir='ltr'><strong>eosdemque</strong></span> <span class='ocrx_word' id='word_1_287' title='bbox 1200 3693 1263 3739; x_wconf 87' lang='lat' dir='ltr'><strong>suo</strong></span> 
     </span>
     <span class='ocr_line' id='line_1_31' title="bbox 152 3776 1264 3859; baseline 0.003 -24"><span class='ocrx_word' id='word_1_288' title='bbox 152 3776 308 3841; x_wconf 86' lang='lat' dir='ltr'><strong>arbitratu</strong></span> <span class='ocrx_word' id='word_1_289' title='bbox 326 3797 414 3855; x_wconf 83' lang='lat' dir='ltr'><strong>usos,</strong></span> <span class='ocrx_word' id='word_1_290' title='bbox 427 3781 550 3843; x_wconf 90' lang='lat' dir='ltr'><strong>servari</strong></span> <span class='ocrx_word' id='word_1_291' title='bbox 568 3780 620 3841; x_wconf 86' lang='lat' dir='ltr'><strong>rel</strong></span> <span class='ocrx_word' id='word_1_292' title='bbox 638 3780 744 3859; x_wconf 83' lang='lat' dir='ltr'><strong>perire</strong></span> <span class='ocrx_word' id='word_1_293' title='bbox 759 3780 790 3842; x_wconf 93' lang='lat' dir='ltr'><strong>in</strong></span> <span class='ocrx_word' id='word_1_294' title='bbox 808 3786 946 3842; x_wconf 76' lang='lat' dir='ltr'><strong>venturo</strong></span> <span class='ocrx_word' id='word_1_295' title='bbox 965 3779 1102 3857; x_wconf 89' lang='lat' dir='ltr'><strong>seculo;</strong></span> <span class='ocrx_word' id='word_1_296' title='bbox 1118 3778 1178 3841; x_wconf 92' lang='lat' dir='ltr'><strong>etsi</strong></span> <span class='ocrx_word' id='word_1_297' title='bbox 1191 3777 1264 3858; x_wconf 82' lang='lat' dir='ltr'><strong>qul·</strong></span> 
     </span>
     <span class='ocr_line' id='line_1_32' title="bbox 152 3874 1329 3960; baseline 0.004 -24"><span class='ocrx_word' id='word_1_298' title='bbox 152 3874 279 3941; x_wconf 83' lang='lat' dir='ltr'><strong>busdam</strong></span> <span class='ocrx_word' id='word_1_299' title='bbox 303 3879 479 3960; x_wconf 87' lang='lat' dir='ltr'><strong>privilegiis</strong></span> <span class='ocrx_word' id='word_1_300' title='bbox 495 3880 642 3943; x_wconf 90' lang='lat' dir='ltr'><strong>nonnulli</strong></span> <span class='ocrx_word' id='word_1_301' title='bbox 658 3899 674 3942; x_wconf 90' lang='lat' dir='ltr'><strong>a</strong></span> <span class='ocrx_word' id='word_1_302' title='bbox 692 3878 760 3942; x_wconf 88' lang='lat' dir='ltr'><strong>lleo</strong></span> <span class='ocrx_word' id='word_1_303' title='bbox 783 3880 813 3942; x_wconf 91' lang='lat' dir='ltr'><strong>iu</strong></span> <span class='ocrx_word' id='word_1_304' title='bbox 830 3880 892 3943; x_wconf 84' lang='lat' dir='ltr'><strong>lroc</strong></span> <span class='ocrx_word' id='word_1_305' title='bbox 909 3897 991 3942; x_wconf 91' lang='lat' dir='ltr'><strong>aevo</strong></span> <span class='ocrx_word' id='word_1_306' title='bbox 1012 3882 1117 3943; x_wconf 88' lang='lat' dir='ltr'><strong>ornati</strong></span> <span class='ocrx_word' id='word_1_307' title='bbox 1134 3881 1262 3942; x_wconf 88' lang='lat' dir='ltr'><strong>videan-</strong></span> <span class='ocrx_word' id='word_1_308' title='bbox 1320 3882 1329 3898; x_wconf 83' lang='lat'>‘</span> 
     </span>
     <span class='ocr_line' id='line_1_33' title="bbox 153 3964 1264 4060; baseline 0.003 -24"><span class='ocrx_word' id='word_1_309' title='bbox 153 3982 212 4051; x_wconf 89' lang='lat' dir='ltr'><strong>tur,</strong></span> <span class='ocrx_word' id='word_1_310' title='bbox 239 3986 273 4041; x_wconf 89' lang='lat' dir='ltr'><strong>et</strong></span> <span class='ocrx_word' id='word_1_311' title='bbox 293 3979 348 4042; x_wconf 88' lang='lat' dir='ltr'><strong>alii</strong></span> <span class='ocrx_word' id='word_1_312' title='bbox 375 3980 407 4041; x_wconf 92' lang='lat' dir='ltr'><strong>in</strong></span> <span class='ocrx_word' id='word_1_313' title='bbox 428 3979 591 4043; x_wconf 78' lang='lat' dir='ltr'><strong>oblivione</strong></span> <span class='ocrx_word' id='word_1_314' title='bbox 611 3979 749 4060; x_wconf 86' lang='lat' dir='ltr'><strong>quadam</strong></span> <span class='ocrx_word' id='word_1_315' title='bbox 772 3978 930 4043; x_wconf 88' lang='lat' dir='ltr'><strong>derelicti.</strong></span> <span class='ocrx_word' id='word_1_316' title='bbox 955 3976 1008 4043; x_wconf 86' lang='lat' dir='ltr'><strong>liti</strong></span> <span class='ocrx_word' id='word_1_317' title='bbox 1029 3979 1146 4041; x_wconf 87' lang='lat' dir='ltr'><strong>accidit</strong></span> <span class='ocrx_word' id='word_1_318' title='bbox 1167 3964 1264 4041; x_wconf 80' lang='lat' dir='ltr'><strong>israe·</strong></span> 
     </span>
    </p>
   </div>
   <div class='ocr_carea' id='block_1_4' title="bbox 151 4074 1268 4565">
    <p class='ocr_par' dir='ltr' id='par_1_5' title="bbox 151 4074 1268 4565">
     <span class='ocr_line' id='line_1_34' title="bbox 153 4074 1268 4161; baseline 0.002 -22"><span class='ocrx_word' id='word_1_319' title='bbox 153 4074 230 4152; x_wconf 86' lang='lat' dir='ltr'><strong>litis,</strong></span> <span class='ocrx_word' id='word_1_320' title='bbox 253 4082 309 4158; x_wconf 86' lang='lat' dir='ltr'><strong>qui</strong></span> <span class='ocrx_word' id='word_1_321' title='bbox 332 4080 391 4144; x_wconf 89' lang='lat' dir='ltr'><strong>etsi</strong></span> <span class='ocrx_word' id='word_1_322' title='bbox 415 4080 668 4160; x_wconf 88' lang='lat' dir='ltr'><strong>praedilectione</strong></span> <span class='ocrx_word' id='word_1_323' title='bbox 687 4082 847 4161; x_wconf 74' lang='lat' dir='ltr'><strong>singulari</strong></span> <span class='ocrx_word' id='word_1_324' title='bbox 877 4079 998 4143; x_wconf 86' lang='lat' dir='ltr'><strong>luerint</strong></span> <span class='ocrx_word' id='word_1_325' title='bbox 1019 4098 1097 4158; x_wconf 86' lang='lat' dir='ltr'><strong>prae</strong></span> <span class='ocrx_word' id='word_1_326' title='bbox 1118 4079 1189 4141; x_wconf 89' lang='lat' dir='ltr'><strong>aliia</strong></span> <span class='ocrx_word' id='word_1_327' title='bbox 1211 4096 1268 4159; x_wconf 93' lang='lat' dir='ltr'><strong>po·</strong></span> 
     </span>
     <span class='ocr_line' id='line_1_35' title="bbox 151 4178 1262 4261; baseline 0.003 -23"><span class='ocrx_word' id='word_1_328' title='bbox 151 4178 228 4254; x_wconf 90' lang='lat' dir='ltr'><strong>pulis</strong></span> <span class='ocrx_word' id='word_1_329' title='bbox 249 4180 346 4245; x_wconf 85' lang='lat' dir='ltr'><strong>electi</strong></span> <span class='ocrx_word' id='word_1_330' title='bbox 362 4184 393 4243; x_wconf 90' lang='lat' dir='ltr'><strong>iu</strong></span> <span class='ocrx_word' id='word_1_331' title='bbox 410 4184 471 4245; x_wconf 87' lang='lat' dir='ltr'><strong>hoo</strong></span> <span class='ocrx_word' id='word_1_332' title='bbox 493 4183 614 4247; x_wconf 91' lang='lat' dir='ltr'><strong>mundo</strong></span> <span class='ocrx_word' id='word_1_333' title='bbox 629 4201 645 4243; x_wconf 93' lang='lat' dir='ltr'><strong>a</strong></span> <span class='ocrx_word' id='word_1_334' title='bbox 662 4180 743 4257; x_wconf 84' lang='lat' dir='ltr'><strong>Deo,</strong></span> <span class='ocrx_word' id='word_1_335' title='bbox 765 4191 797 4245; x_wconf 91' lang='lat' dir='ltr'><strong>et</strong></span> <span class='ocrx_word' id='word_1_336' title='bbox 819 4192 947 4245; x_wconf 86' lang='lat' dir='ltr'><strong>ceterae</strong></span> <span class='ocrx_word' id='word_1_337' title='bbox 963 4188 1072 4261; x_wconf 89' lang='lat' dir='ltr'><strong>gentes</strong></span> <span class='ocrx_word' id='word_1_338' title='bbox 1092 4179 1186 4259; x_wconf 77' lang='lat' dir='ltr'><strong>quasi</strong></span> <span class='ocrx_word' id='word_1_339' title='bbox 1208 4178 1262 4241; x_wconf 86' lang='lat' dir='ltr'><strong>de·</strong></span> 
     </span>
     <span class='ocr_line' id='line_1_36' title="bbox 152 4275 1264 4360; baseline 0.002 -22"><span class='ocrx_word' id='word_1_340' title='bbox 152 4278 296 4358; x_wconf 72' lang='lat' dir='ltr'><strong>relictae,</strong></span> <span class='ocrx_word' id='word_1_341' title='bbox 319 4294 459 4347; x_wconf 88' lang='lat' dir='ltr'><strong>attamen</strong></span> <span class='ocrx_word' id='word_1_342' title='bbox 475 4284 505 4345; x_wconf 91' lang='lat' dir='ltr'><strong>iu</strong></span> <span class='ocrx_word' id='word_1_343' title='bbox 526 4284 669 4345; x_wconf 90' lang='lat' dir='ltr'><strong>adventu</strong></span> <span class='ocrx_word' id='word_1_344' title='bbox 690 4281 883 4356; x_wconf 83' lang='lat' dir='ltr'><strong>salvatoris,</strong></span> <span class='ocrx_word' id='word_1_345' title='bbox 899 4282 993 4360; x_wconf 88' lang='lat' dir='ltr'><strong>primi</strong></span> <span class='ocrx_word' id='word_1_346' title='bbox 1010 4277 1171 4358; x_wconf 87' lang='lat' dir='ltr'><strong>repudiati</strong></span> <span class='ocrx_word' id='word_1_347' title='bbox 1194 4275 1264 4340; x_wconf 88' lang='lat' dir='ltr'><strong>lne-</strong></span> 
     </span>
     <span class='ocr_line' id='line_1_37' title="bbox 155 4378 1264 4463; baseline 0.004 -26"><span class='ocrx_word' id='word_1_348' title='bbox 155 4386 226 4443; x_wconf 91' lang='lat' dir='ltr'><strong>runt</strong></span> <span class='ocrx_word' id='word_1_349' title='bbox 254 4382 296 4445; x_wconf 87' lang='lat' dir='ltr'><strong>ob</strong></span> <span class='ocrx_word' id='word_1_350' title='bbox 317 4402 432 4447; x_wconf 90' lang='lat' dir='ltr'><strong>eorum</strong></span> <span class='ocrx_word' id='word_1_351' title='bbox 462 4384 742 4462; x_wconf 69' lang='lat' dir='ltr'><strong>incredulitatem</strong></span> <span class='ocrx_word' id='word_1_352' title='bbox 770 4392 802 4447; x_wconf 89' lang='lat' dir='ltr'><strong>et</strong></span> <span class='ocrx_word' id='word_1_353' title='bbox 830 4392 940 4463; x_wconf 82' lang='lat' dir='ltr'><strong>gentes</strong></span> <span class='ocrx_word' id='word_1_354' title='bbox 964 4384 998 4443; x_wconf 90' lang='lat' dir='ltr'><strong>in</strong></span> <span class='ocrx_word' id='word_1_355' title='bbox 1018 4397 1133 4443; x_wconf 89' lang='lat' dir='ltr'><strong>eorum</strong></span> <span class='ocrx_word' id='word_1_356' title='bbox 1155 4378 1264 4441; x_wconf 91' lang='lat' dir='ltr'><strong>locum</strong></span> 
     </span>
     <span class='ocr_line' id='line_1_38' title="bbox 152 4479 1263 4565; baseline -0.001 -24"><span class='ocrx_word' id='word_1_357' title='bbox 152 4492 205 4552; x_wconf 86' lang='lat' dir='ltr'><strong>per</strong></span> <span class='ocrx_word' id='word_1_358' title='bbox 224 4480 319 4547; x_wconf 90' lang='lat' dir='ltr'><strong>iidem</strong></span> <span class='ocrx_word' id='word_1_359' title='bbox 337 4492 574 4551; x_wconf 87' lang='lat' dir='ltr'><strong>successerunt.</strong></span> <span class='ocrx_word' id='word_1_360' title='bbox 593 4482 633 4549; x_wconf 86' lang='lat' dir='ltr'><strong>Et</strong></span> <span class='ocrx_word' id='word_1_361' title='bbox 650 4502 749 4565; x_wconf 85' lang='lat' dir='ltr'><strong>super</strong></span> <span class='ocrx_word' id='word_1_362' title='bbox 765 4486 827 4549; x_wconf 88' lang='lat' dir='ltr'><strong>hoc</strong></span> <span class='ocrx_word' id='word_1_363' title='bbox 841 4483 1029 4564; x_wconf 85' lang='lat' dir='ltr'><strong>exemplum</strong></span> <span class='ocrx_word' id='word_1_364' title='bbox 1045 4479 1263 4544; x_wconf 85' lang='lat' dir='ltr'><strong>israelitarum</strong></span> 
     </span>
    </p>
   </div>
   <div class='ocr_carea' id='block_1_5' title="bbox 0 0 1707 5567">
    <p class='ocr_par' dir='ltr' id='par_1_6' title="bbox 0 0 1707 5567">
     <span class='ocr_line' id='line_1_39' title="bbox 0 0 1707 5567; baseline 0 0"><span class='ocrx_word' id='word_1_365' title='bbox 0 0 1707 5567; x_wconf 95' lang='lat' dir='ltr'><strong> </strong></span> 
     </span>
    </p>
   </div>
  </div>
 </body>
</html>
