3375 5567
161 799 309 864 summu
329 797 600 880 pmscxisteutia3
622 799 669 861 nti
690 804 801 880 postes
821 796 921 860 dicit:
946 818 962 858 s
985 795 1029 860 tt
1051 796 1139 871 ride,
1162 814 1241 859 num

159 901 222 964 isnc
237 902 451 980 quamtinnens
476 899 523 964 sic
542 901 673 968 scivere
700 898 872 980 possimus,
894 916 1008 980 nempe
1028 899 1116 980 quod
1140 897 1243 961 sicud

159 999 319 1079 sinpliciter
337 1001 441 1065 omnis
462 1001 573 1076 bomo,
596 1018 652 1076 eo,
678 1001 766 1080 qnod
787 1007 918 1063 creatus
937 1001 978 1062 sit
999 1017 1017 1062 n
1041 997 1122 1074 Deo,
1146 1000 1244 1062 bomo

159 1109 195 1164 est
211 1099 280 1181 θείς
299 1101 352 1164 sed
375 1101 487 1164 uultus
509 1102 607 1165 bomo
627 1108 675 1164 ost
696 1099 768 1173 Dei,
790 1100 849 1162 nisi
870 1101 926 1180 qni
949 1097 1017 1162 Deo
1039 1099 1139 1163 tuerit
1152 1098 1242 1161 eddi·

156 1212 223 1276 ctus,
241 1202 510 1284 quensdmodom
533 1200 633 1276 Elias,
649 1208 683 1265 ot
702 1200 805 1283 quiin
825 1200 1002 1282 Scriptnris
1019 1201 1242 1264 inscribuntur

157 1305 275 1368 bonines
294 1301 375 1382 θοᾶς
397 1303 440 1365 its
467 1303 530 1366 diei
551 1321 666 1384 posse,
688 1301 906 1366 communiter
925 1319 1053 1364 omnem
1083 1299 1245 1363 bominem

157 1403 243 1468 odeo
261 1407 391 1470 missum
411 1423 503 1485 ssso3
526 1405 658 1485 proprie
678 1412 788 1468 antem
810 1420 873 1465 non
895 1401 996 1464 nlinm
1019 1419 1036 1464 a
1060 1399 1127 1465 Deo
1149 1402 1245 1476 mitti,

155 1525 233 1586 anm
250 1507 304 1586 qui
324 1507 365 1568 sd
382 1506 599 1568 ministerium
620 1505 782 1580 ditinum,
799 1512 831 1567 et
853 1504 893 1566 ad
909 1502 1092 1566 obeundam
1115 1503 1247 1566 bnmsni

91 1654 92 1657 ,
156 1609 259 1686 pneris
276 1608 415 1671 ssiutom
437 1607 469 1668 in
485 1607 582 1669 vitam
604 1607 814 1670 advenerit.»
837 1604 933 1682 Quod
950 1603 1065 1668 deinde
1086 1604 1127 1667 ab
1141 1621 1250 1668 exent-

91 1743 92 1748 κ
156 1710 203 1787 plis
219 1728 236 1774 c
253 1707 423 1788 Scriptura
444 1709 552 1788 petitis
573 1707 689 1772 firmat.

217 1808 385 1873 Praeterea
412 1809 604 1872 attendenda
629 1817 678 1874 est
699 1810 825 1874 locutis
844 1810 881 1871 de
903 1806 1013 1872 auimo
1036 1805 1164 1889 corpori
1177 1825 1251 1870 rots-

158 1911 293 1975 tcstissts
322 1913 443 1976 collata
466 1911 672 1992 praecedenti
692 1912 881 1976 discussioni
909 1912 949 1974 de
972 1911 1096 1974 ratione
1115 1910 1251 1972 semiun-

91 2061 92 2087 2
156 2011 192 2092 lt;
219 2032 311 2094 qnam
342 2014 516 2078 dictionem
548 2014 767 2093 metaphorice
800 2015 869 2077 siro
901 2012 1074 2093 anagogico
1102 2011 1143 2072 ab
1177 2009 1252 2072 Ori-

155 2132 218 2194 tcnc
238 2118 322 2181 sumi
344 2118 526 2198 probatur3
549 2134 608 2178 uec
636 2116 772 2197 insuper
789 2115 861 2179 uilo
891 2114 986 2178 modo
1007 2114 1080 2176 indo
1104 2113 1249 2187 institui,

156 2215 336 2298 inproprie
356 2219 544 2282 seminalem
566 2221 718 2292 animam,
741 2226 779 2280 nt
799 2236 858 2298 per
880 2217 1045 2282 traducem
1067 2216 1106 2278 ad
1129 2234 1249 2296 corpus

156 2314 314 2382 humanum
330 2320 441 2382 venire
462 2319 602 2382 dicatur.
618 2318 699 2382 item
719 2319 832 2383 codem
845 2335 942 2383 sensu
963 2317 1249 2397 accipiendarum,

155 2436 224 2498 qnae
247 2418 405 2500 Origenes
424 2423 471 2485 ait
497 2421 529 2482 io
549 2418 652 2484 Tomo
683 2419 738 2482 vt.
760 2437 791 2482 n.
813 2420 844 2483 7.
867 2421 986 2488 Christi
1008 2438 1189 2484 sermonem
1214 2419 1254 2482 de

157 2517 263 2585 iornne
289 2526 545 2603 interpretatus,
567 2520 597 2584 ss'
616 2520 715 2586 coitis
734 2521 890 2602 occipere,
910 2521 976 2603 t'pse
996 2532 1040 2584 est
1064 2520 1178 2599 Etim,
1199 2519 1256 2603 put‘

157 2633 292 2687 umerus
311 2633 372 2700 est,
395 2625 450 2689 nbi
470 2626 598 2688 animae
617 2625 829 2688 substantiam
851 2626 891 2688 ab
912 2625 1017 2688 altera
1038 2624 1186 2705 corporis
1206 2641 1255 2687 se·

158 2739 285 2801 cernens,
310 2727 419 2789 varias
439 2726 480 2790 do
500 2727 568 2806 ipsa
588 2727 695 2788 noima
707 2727 871 2807 componit
891 2727 1096 2806 quaestiones
1115 2733 1190 2790 tuno
1210 2725 1257 2787 iu·

156 2824 351 2902 valescentes,
375 2827 476 2890 veluti
497 2844 597 2908 supra
619 2829 813 2891 notavimus.
832 2825 946 2908 anue
968 2837 1101 2909 propter
1120 2827 1257 2908 spondet

91 2964 92 2970 κ
154 2942 182 2988 sc
198 2928 372 3007 ntiqueudo
392 2926 579 2991 iacturum:
603 2949 620 2988 s
643 2927 821 3010 Proscipue
844 2947 946 3004 roro,
968 2937 1068 3010 atque
1089 2927 1153 2991 alio
1177 2937 1256 2992 tem·

155 3042 242 3105 pore,
263 3031 333 3104 nit,
355 3029 545 3109 inquirenda
567 3035 616 3092 est
635 3029 840 3110 diligentins,
872 3029 1060 3109 diutiusque
1081 3029 1257 3109 indaganda

156 3129 226 3190 rstio
245 3130 285 3193 do
298 3130 478 3193 substantia
500 3131 639 3210 ssimae,
654 3131 761 3211 doque
776 3131 934 3212 principio
949 3129 1152 3194 tormntionis
1174 3131 1258 3211 ojus,

91 3272 92 3299 ἶ
156 3238 241 3309 stqns
260 3233 410 3311 inpressu
430 3232 531 3312 ipsius
551 3232 584 3295 iu
597 3251 717 3311 corpus
739 3233 801 3295 boc
824 3240 1009 3296 terreum.»
1025 3230 1058 3292 tn
1073 3248 1137 3310 qna
1159 3248 1258 3313 quse·

91 3372 92 3407 3
155 3330 243 3394 stione
261 3331 356 3406 dicit,
371 3333 553 3396 necessario
574 3332 797 3412 proponendas
816 3351 886 3395 esse
907 3333 1002 3396 etiarn
1027 3333 1166 3395 rationes
1187 3331 1260 3393 itto-

157 3446 219 3493 rnn
238 3435 294 3513 qui
312 3431 427 3495 volunt
447 3432 626 3496 secundnm
648 3429 846 3513 Scripturas,
864 3440 901 3496 ut
921 3433 1026 3496 anima
1048 3449 1124 3496 cnm
1145 3450 1260 3513 corpo·

157 3545 186 3590 rc
202 3535 392 3610 seminetur,
408 3541 440 3594 et
454 3551 539 3613 qnae
559 3539 634 3597 snut
649 3535 849 3598 consectaria
867 3534 986 3598 eisdem
1003 3535 1181 3598 rationibus
1196 3542 1258 3598 etc.

222 3633 302 3697 item
314 3632 419 3698 Temo
431 3629 582 3700 xutttt.
599 3635 867 3700 considerandum
884 3643 944 3711 est,
957 3635 1044 3716 quod
1066 3638 1177 3700 scribit
1199 3637 1261 3698 oir-

157 3748 187 3792 es
204 3737 336 3815 angelos
356 3737 543 3812 destinatos,
565 3735 642 3798 satis
662 3737 870 3816 corporibus,
886 3737 925 3798 ad
942 3736 1127 3800 inserendas
1143 3736 1262 3799 eisdem

157 3834 278 3913 animas,
294 3839 392 3900 scita
405 3836 437 3898 in
452 3854 554 3902 nuum
571 3845 859 3917 temperamentum
875 3837 940 3900 duo
955 3845 1164 3916 congregant,
1178 3853 1263 3918 quae

159 3942 224 3999 sunt
238 3947 356 4002 osturs
376 3941 554 4011 contraria,
565 3939 739 4013 deducens,
754 3938 839 4001 idem
861 3938 958 4002 simul
975 3939 1099 4001 initium
1113 3939 1264 4018 temporis

158 4041 329 4119 utrumque
345 4039 465 4102 babere
479 4047 543 4103 tsm
558 4040 698 4104 animam
714 4046 778 4102 tem
793 4055 925 4118 corpus,
941 4055 999 4100 nen
1018 4056 1114 4102 unam
1129 4039 1265 4102 alterins

158 4136 351 4204 existentiam
374 4141 583 4221 praevenire3
605 4157 663 4204 nec
685 4140 790 4202 mutto
812 4140 917 4204 minus
938 4139 1010 4202 inde
1032 4138 1194 4220 conjicere
1216 4139 1264 4203 trs

158 4253 229 4316 rste,
250 4243 356 4321 posits
379 4242 439 4304 bac
459 4241 661 4305 distinctions
682 4259 700 4304 s
722 4243 904 4315 contrariis,
927 4241 1049 4304 suimas
1070 4258 1130 4321 per
1151 4241 1262 4306 trndn·

158 4353 219 4402 cent
238 4359 256 4402 s
278 4349 374 4422 patre
389 4342 421 4404 in
442 4342 545 4406 tilium
563 4342 745 4406 trsmmitti.
768 4338 864 4418 Quod
886 4357 986 4422 porro
1007 4341 1084 4404 dtoit
1103 4340 1145 4403 de
1172 4358 1268 4420 snpe-

160 4436 258 4508 lorum
288 4445 468 4510 ministerio
488 4446 521 4507 in
545 4443 739 4525 corporibus
769 4443 892 4507 suimus
910 4443 1060 4520 serendi,
1093 4459 1168 4506 cum
1189 4443 1265 4506 stibi

160 4538 258 4610 sues
279 4546 410 4612 immitti
432 4552 567 4623 asseret,
592 4544 706 4609 ondam
729 4544 854 4609 rstiono
878 4551 912 4609 st
931 4561 1028 4609 seusu
1054 4543 1268 4630 comprenso·
