3375 5567
1212 745 1269 798 ιιιιι

184 874 295 926 rmum
315 852 559 952 experimento
583 851 763 950 operiatur
793 846 888 949 guod
914 846 1075 925 ιῑαιιιιιιιι
1107 864 1199 938 eret,
1230 864 1265 927 et

186 991 424 1077 copcmcotm,
453 976 548 1079 pund
584 976 728 1053 lotedm.

282 1105 358 1182 ilos
386 1130 496 1205 porro
522 1104 689 1181 Canones
716 1106 901 1205 sapienter
924 1102 972 1180 ab
998 1104 1156 1181 Aiioixio
1183 1104 1265 1181 eia·

181 1236 341 1322 berctus,
357 1233 528 1311 lubenter
547 1234 741 1332 accipiens,
767 1254 897 1309 omnes
923 1256 991 1309 suo
1005 1231 1088 1308 ioco
1114 1255 1158 1307 ac
1175 1245 1265 1308 tem·

182 1363 254 1462 peri
273 1364 480 1438 destinates
498 1362 668 1438 alacriter
694 1361 938 1438 consectando
955 1360 1156 1460 perficiam3
1174 1383 1265 1459 quo·

181 1514 257 1567 rum
270 1514 343 1590 ope
362 1490 505 1567 confido
523 1490 727 1590 pertingere
741 1502 891 1567 metam.
906 1486 1115 1581 Quinimmo
1129 1488 1267 1588 absque

184 1618 340 1695 Carrenis
368 1619 488 1718 quarti
514 1617 745 1695 observantia
774 1617 970 1718 (siqnidem
998 1619 1158 1717 plurium
1185 1640 1268 1715 gra·

185 1748 310 1846 visque
345 1748 523 1823 momenti
551 1768 667 1847 capax
704 1760 762 1823 est
788 1744 1067 1846 quaestionum)
1100 1745 1268 1845 origenis

183 1876 294 1975 ipsius
320 1875 577 1951 orthodoxiam
605 1898 749 1976 quoque
776 1875 951 1951 vindicari
976 1898 1085 1974 posse
1103 1888 1268 1951 autumo.

287 2001 463 2080 Ceterum
498 2004 535 2077 in
561 2004 631 2079 hac
663 2004 877 2104 quaestione
914 2018 954 2079 et
980 2002 1142 2078 maxime
1174 2004 1271 2101 quod

76 2178 77 2191 ι
183 2132 339 2230 primam
367 2132 462 2207 hane
489 2130 635 2209 Partem
664 2131 830 2231 respicit,
850 2131 913 2208 ubi
939 2132 985 2208 de
1003 2130 1270 2207 incessantibus

76 2328 77 2339 Ν
185 2258 306 2356 agitur
318 2258 538 2335 daemmmm
567 2272 606 2335 et
618 2282 814 2358 pravorum
842 2260 970 2356 poenis
984 2260 1021 2333 in
1040 2260 1115 2334 vita
1133 2258 1272 2345 futura,

76 2348 77 2427 i
184 2386 306 2461 nulius
332 2387 566 2486 aegreferat,
601 2409 660 2462 me
687 2410 709 2461 a
735 2412 767 2463 s.
796 2386 961 2487 Gregorii
991 2385 1148 2485 Nysseni
1174 2384 1273 2486 Ope·

182 2514 282 2591 ribus
308 2515 577 2602 exordientem,
595 2515 679 2591 hine
705 2516 751 2590 ad
769 2512 937 2615 Origenis
962 2514 1105 2615 Scripta
1118 2516 1272 2592 descen-

182 2640 307 2730 disse3
334 2666 420 2719 cuna
446 2644 568 2741 potius
594 2624 642 2719 ex
678 2657 807 2720 natura
835 2667 902 2719 sua
934 2644 1042 2719 aliter
1068 2643 1272 2743 incipienda

184 2792 264 2845 esso
292 2770 479 2848 videretur
504 2772 733 2872 disceptatio.
763 2770 904 2849 Amodo
923 2795 1050 2849 verum
1077 2772 1211 2860 dicam,
1231 2794 1274 2849 ac

184 2898 339 2995 ingenue
359 2898 517 2987 fatebor,
539 2922 599 2975 me
616 2900 760 2977 diversa
783 2899 830 2975 ab
849 2901 908 2976 his
934 2923 1002 2999 pro
1029 2900 1161 2976 studiis
1181 2899 1274 2975 meis

182 3038 486 3125 pertractantem,
513 3027 664 3105 iortuito
691 3029 728 3104 in
757 3026 871 3103 talem
899 3027 1068 3103 incidisse
1086 3028 1274 3127 quaestio·

184 3176 290 3242 nem3
317 3169 428 3254 atque
452 3178 522 3231 una
551 3156 750 3255 ignorasse,
778 3180 838 3231 me
858 3169 934 3231 tarn
962 3156 1275 3255 longinsiturum,

184 3296 221 3356 et
257 3296 409 3381 praeter
439 3285 732 3383 expectationem
770 3284 956 3383 regionem
992 3296 1271 3384 peragraturum

185 3420 264 3483 tam
293 3410 552 3499 vastissimam,
571 3434 786 3511 summaque
814 3436 900 3488 cura
919 3424 958 3487 et
976 3411 1275 3511 circumspectio·

189 3559 233 3611 ne
263 3536 552 3614 discurrendam.

308 3662 415 3740 Beati
441 3667 540 3741 enim
566 3664 703 3763 Nyssae
730 3668 908 3743 antistitis
934 3667 1152 3743 documenta
1172 3668 1278 3744 inve-

190 3800 332 3899 stigans
358 3796 454 3873 cirea
468 3796 686 3872 daemonum
706 3818 748 3870 ac
777 3796 963 3871 hominum
983 3817 1179 3894 pravorum
1202 3819 1281 3871 ser·

190 3942 269 4003 tem
295 3925 344 4001 in·
360 3924 478 4000 altero
506 3923 649 4011 seculo;
675 3934 785 4023 atque
814 3924 851 3998 in
878 3922 1110 4022 apertissima
1136 3924 1182 3999 de
1209 3924 1279 4000 hoc

195 4057 367 4153 dogmate
394 4050 566 4149 antilogia
593 4052 820 4151 comperiens
848 4053 969 4149 ipsum
995 4050 1163 4138 detineri,
1190 4050 1282 4125 alias

194 4185 376 4283 negando,
393 4180 486 4256 alias
504 4180 716 4255 affirmando
743 4180 971 4256 cruciatuum
995 4178 1281 4278 perpetuitatem

76 4355 77 4388 ι
195 4310 288 4408 apud
308 4308 472 4393 inferes3
489 4328 643 4405 cumque
663 4304 772 4382 simul
790 4318 960 4405 putarem
981 4317 1057 4379 tam
1076 4302 1281 4402 piissimum

76 4446 77 4451 '
197 4438 520 4534 doetissimumque
538 4435 656 4511 virum
685 4456 757 4509 non
771 4457 881 4534 posse
908 4432 1052 4510 admitti
1071 4433 1110 4508 in
1136 4444 1194 4508 tet
1210 4430 1283 4507 ire·

196 4581 344 4663 quantes
358 4566 507 4665 lapsum
520 4562 837 4652 contradictiones,
866 4562 973 4639 sicuti
992 4584 1061 4639 nee
1080 4560 1158 4637 fleri
1177 4556 1282 4636 iilum
