3375 5567
461 693 523 765 132

463 809 495 861 et
526 802 632 882 siquid
655 804 778 883 patitur
809 824 910 870 unum
933 810 1136 883 membrum,
1160 809 1257 872 sinml
1279 810 1441 891 patientur
1462 808 1555 873 omnia

465 902 635 982 membra;
656 906 725 967 sire
746 906 950 986 glorificatur
979 930 1079 974 unum
1103 910 1305 985 membrum,
1329 912 1426 974 simul
1455 912 1558 991 gaude·

461 1002 541 1065 bunt
555 1008 660 1067 omnia
677 1010 831 1070 membra.
845 1032 861 1068 n
877 1009 916 1073 Et
932 1012 992 1075 boc
1008 1023 1070 1088 est,
1082 1013 1167 1094 quod
1183 1014 1328 1093 apprime
1344 1012 1485 1091 Apostoll
1498 1032 1557 1075 sen-

459 1123 531 1165 sum
554 1116 745 1182 retractans,
762 1110 994 1190 interpretatus
1015 1123 1075 1187 est,
1094 1132 1132 1175 ac
1152 1112 1342 1192 significarit
1363 1111 1511 1193 Origenes
1529 1113 1559 1173 in

458 1201 667 1269 Metellorum:
687 1208 784 1270 desere
810 1211 1026 1293 unusquisque
1046 1212 1097 1274 eir
1113 1214 1272 1293 perfectus
1292 1212 1418 1287 ccedet,
1440 1222 1467 1273 st
1489 1214 1559 1293 fient

459 1325 562 1369 omnes
582 1327 669 1371 nans
689 1311 748 1373 sol:
771 1313 892 1393 quippe
913 1314 1032 1377 abolita
1057 1316 1177 1378 malitia
1200 1316 1241 1376 ab
1262 1316 1387 1390 anima,
1412 1317 1442 1378 in
1465 1332 1559 1375 resur·

462 1411 605 1473 rectione
624 1415 731 1475 cuncti
753 1414 821 1476 sire
844 1416 938 1495 probi
960 1416 1029 1479 sive
1050 1417 1180 1497 reprobi
1203 1417 1348 1497 fulgeant
1368 1419 1452 1480 sient
1471 1416 1515 1479 sol
1534 1416 1560 1475 ie

463 1530 562 1591 regno
579 1511 650 1587 Dei,
673 1515 835 1596 inaequali
859 1523 964 1580 tamen
985 1528 1083 1581 sorte.
1109 1517 1214 1594 Qua·
1236 1520 1333 1581 sortis
1361 1516 1561 1597 inaequalita-

460 1622 524 1675 tem
542 1615 619 1677 satis
634 1615 785 1678 indicavit
806 1614 1012 1695 et'distinxit,
1031 1620 1188 1700 reprobos
1210 1619 1374 1681 collocans
1394 1636 1491 1698 snper
1508 1626 1561 1679 ter·

398 1724 405 1734 ’
465 1730 548 1788 ram,
571 1714 679 1778 lucem
700 1734 763 1779 non
785 1735 801 1778 n
824 1737 880 1794 se,
903 1720 957 1781 sed
980 1722 1021 1781 ub
1041 1720 1112 1785 aliis
1132 1728 1320 1783 mutuatos:
1338 1738 1393 1782 aee
1413 1718 1493 1781 enim
1512 1714 1562 1779 ribi

462 1813 527 1894 ipsi
540 1816 717 1896 stripeium,
741 1828 908 1881 trientema
932 1818 999 1883 Deo
1015 1830 1196 1883 aversatam
1214 1820 1387 1901 babentes;
1404 1830 1437 1883 ct
1458 1818 1497 1882 ob
1513 1820 1564 1881 boc

462 1919 586 1980 etiamsi
608 1920 712 1982 anima
733 1938 848 1982 eorum
871 1940 887 1983 a
908 1922 1040 1986 electio
1060 1923 1181 1986 malitia
1197 1932 1377 2003 expurgata
1403 1921 1509 1989 inerit,
1525 1928 1564 1981 ta·

464 2035 536 2079 men
547 2020 632 2098 apud
645 2021 764 2082 interos
776 2023 885 2101 poenis
898 2025 1140 2103 torquebuntur
1150 2025 1300 2086 aeternis.
1313 2022 1355 2102 (l)
1368 2021 1563 2103 Quapropter

463 2138 526 2181 non
549 2122 765 2201 videturjure
786 2121 927 2186 offensus
944 2122 1096 2199 Euodus,
1120 2125 1211 2205 quasi
1234 2124 1395 2187 contraria
1413 2125 1442 2185 in
1464 2124 1563 2185 eodem

462 2220 536 2281 loco
550 2222 683 2284 dixisset
696 2221 864 2301 Origenes,
880 2232 912 2286 et
933 2226 1005 2287 inde
1020 2225 1196 2288 deduceret
1218 2225 1362 2306 ejusdem
1379 2226 1562 2295 illusionem,

461 2338 526 2399 qna
547 2322 625 2384 dicit
645 2340 720 2385 eum
742 2332 897 2403 captum,
928 2334 1113 2405 putantem,
1145 2336 1270 2389 sanctos
1292 2329 1323 2389 iu
1346 2327 1493 2407 paradiso
1514 2322 1562 2385 liei

457 2438 554 2501 posse
576 2427 714 2503 peccatis
734 2425 911 2505 aliquando
932 2446 1001 2491 sese
1022 2428 1244 2508 obstringere:
1262 2430 1349 2509 quod
1373 2430 1497 2510 penites
1517 2424 1564 2488 ab

461 2523 532 2585 nuit
554 2542 641 2587 meus
662 2526 827 2590 Auctoris.

547 2623 651 2689 Porro
672 2627 728 2689 ille
745 2627 867 2707 fulgor,
889 2647 986 2709 qoem
1009 2628 1222 2693 Adamantius
1236 2630 1281 2691 ait
1303 2630 1439 2709 oblique
1460 2626 1566 2691 illumi

460 2745 539 2790 nare
552 2724 732 2808 inferiores,
746 2728 805 2808 qui
819 2739 897 2791 ruet
909 2728 945 2793 ia
960 2740 1060 2804 terre,
1074 2728 1187 2812 quique
1208 2729 1268 2791 sibi
1281 2748 1346 2792 sen
1359 2730 1496 2811 talpone,
1510 2727 1566 2788 ior·

461 2829 543 2891 sitan
566 2830 709 2909 respicit,
730 2830 817 2909 qnod
838 2849 934 2911 saepe
957 2839 1115 2895 memoret
1136 2832 1174 2893 de
1190 2831 1293 2911 glorie
1315 2839 1348 2894 et
1369 2832 1486 2894 decoro
1504 2842 1566 2891 eor·

463 2932 550 3010 poris
571 2932 724 3011 spiritalis
746 2934 777 2992 in
799 2932 1061 3007 resurrectione,
1084 2951 1151 3013 quo
1172 2934 1303 3009 cuncti,
1325 2935 1394 2996 sive
1416 2930 1488 2994 boni
1508 2930 1566 2990 sive

464 3032 540 3093 mali
561 3033 741 3095 indistincte
755 3033 957 3096 ditabuntur.
985 3032 1023 3096 Et
1047 3043 1122 3097 tunc
1138 3018 1344 3113 aequiperari
1362 3040 1469 3113 posset
1487 3030 1567 3091 locu-

465 3134 555 3207 tioni,
572 3152 669 3213 quam
686 3135 718 3197 in
734 3132 833 3198 Libro
850 3132 890 3198 ll.
908 3156 936 3199 e.
950 3133 990 3198 X.
1002 3152 1032 3197 n.
1044 3132 1075 3199 3.
1095 3132 1299 3212 Periorcboa,
1314 3134 1462 3199 adhibuit
1476 3132 1513 3213 dp
1526 3146 1568 3191 re·

533 3344 572 3418 (l)
583 3344 616 3401 S.
635 3346 827 3420 Hieronymus
838 3347 869 3401 in
881 3346 1010 3419 Epistola
1022 3346 1068 3403 55.
1083 3364 1116 3403 ex
1129 3346 1235 3404 Christi
1247 3344 1353 3401 verbio:
1366 3344 1457 3419 rupted
1467 3340 1515 3399 diei
1523 3352 1570 3393 tto·

464 3436 521 3495 litio
536 3454 594 3502 ses,
613 3438 722 3511 inquit:
742 3464 756 3490 ι
772 3444 855 3495 κακία
872 3440 957 3507 enim,
978 3456 1063 3511 quam
1081 3438 1186 3495 latinus
1203 3439 1285 3494 vertit
1297 3438 1327 3493 in
1340 3437 1484 3501 malitiam,
1501 3426 1566 3507 apud

462 3547 580 3603 pascos
590 3530 647 3587 duo
657 3532 810 3605 significet,
821 3538 852 3589 et
866 3532 1000 3588 malitiam
1013 3539 1047 3588 et
1056 3530 1246 3598 afflictionem,
1257 3548 1341 3603 quam
1352 3528 1487 3587 oiseleria
1498 3542 1569 3601 grate

462 3622 489 3679 ci
507 3622 614 3677 meunt.
634 3622 672 3678 llt
688 3622 735 3681 blo
752 3625 844 3697 megia
863 3642 914 3697 pro
931 3623 1033 3681 molitu
1051 3624 1193 3680 mansioni
1212 3623 1309 3681 debuit
1326 3623 1437 3698 afflietio.
1455 3618 1570 3689 Quodsi

461 3716 640 3771 contentione
657 3717 722 3787 quis
739 3715 865 3785 ducitur,
884 3717 983 3773 nolens
1001 3715 1127 3773 cloeliae
1145 3714 1323 3771 afflictionem
1341 3724 1441 3771 sonare
1452 3720 1480 3771 at
1490 3728 1572 3786 engu-

460 3808 540 3875 sties‚
560 3808 610 3864 sed
628 3808 772 3876 melitium,
792 3808 842 3865 illo
861 3826 948 3867 sensu
968 3808 1175 3882 explanandum
1193 3816 1247 3876 est,
1267 3825 1323 3880 quo
1340 3808 1464 3865 mundus
1481 3807 1572 3861 inma-

339 3955 342 3962 ,
459 3898 551 3973 ligno,
569 3899 623 3957 boo
640 3906 684 3957 ast
701 3901 731 3956 in
748 3899 817 3957 melo
836 3902 947 3974 positus
964 3900 1012 3957 sit.
1032 3900 1070 3957 lit
1087 3901 1117 3957 in
1136 3900 1285 3956 Dominioa
1304 3901 1427 3956 oratione
1444 3899 1569 3955 dicimus:

461 3988 597 4047 liberares
614 4009 632 4048 e
647 3991 729 4048 melo:
742 3998 776 4047 ut
792 3990 916 4049 sufficiet
934 3990 1016 4048 nobis
1033 3997 1131 4048 eontra
1149 3990 1283 4047 malitiam
1294 3992 1381 4048 seculi
1399 3990 1486 4065 hujus
1502 4004 1572 4061 prae-

460 4100 525 4139 sens
543 4082 643 4140 babere
660 4092 809 4141 cammon.
828 4108 841 4133 s

561 4174 632 4231 Item
650 4178 724 4233 seins
741 4179 896 4251 Origenem
914 4177 1054 4234 verimode
1072 4178 1194 4234 animam
1216 4178 1366 4234 humanam
1391 4176 1567 4233 considerare.

461 4268 653 4325 Communiter
669 4268 739 4325 dicit
757 4272 878 4326 animam
896 4270 1023 4326 medium
1041 4270 1134 4326 locum
1145 4277 1240 4327 tenere
1255 4272 1327 4326 inter
1337 4268 1467 4343 spiritum
1480 4275 1508 4324 at
1519 4284 1572 4322 ear·

458 4376 533 4426 nem,
547 4366 576 4414 ot
585 4360 654 4416 bino
671 4361 819 4433 aliquando
831 4362 922 4433 ipsam
937 4362 995 4435 legi
1008 4363 1109 4419 mentia
1121 4362 1289 4430 consentire,
1304 4362 1473 4435 quandoque
1486 4358 1570 4417 narnis

413 4520 416 4523 ἢ
459 4450 528 4524 lagi.
547 4450 586 4507 Et
601 4452 668 4508 bine
685 4460 782 4509 eontra
799 4454 915 4510 Celsum
934 4454 1003 4510 libro
1022 4454 1075 4510 lv.
1096 4454 1140 4511 13.
1160 4454 1239 4523 dicit,
1259 4456 1382 4513 emitas
1395 4454 1528 4511 malitiam
1544 4451 1571 4505 ib

460 4550 549 4601 totam
565 4548 686 4603 animem
703 4546 858 4606 admixtum
876 4564 947 4605 esse.
968 4546 1024 4607 ssd
1043 4546 1078 4603 da
1096 4546 1149 4605 boo
1168 4550 1197 4605 iu
1215 4547 1340 4607 seeundo
1358 4548 1450 4610 Parte.
