3375 5567
215 730 339 798 heinde
354 735 495 798 aliorum
509 733 774 814 interpretatione
787 732 903 796 tradite
916 739 1027 797 contra
1039 735 1262 809 asserentium,

157 834 279 899 nonde
300 834 504 915 gravioribus
526 835 664 913 pcccatis
685 832 801 896 ihidem
826 834 919 914 loqui
947 833 1126 912 Christum,
1146 834 1201 900 sed
1223 834 1264 900 de

157 935 315 1008 minimis,
346 953 420 998 cum
440 934 526 997 istud
549 942 780 1014 praetexerent
801 953 842 997 ex
872 934 981 999 iretris
1001 936 1150 1015 uomiue3
1172 937 1265 1017 quip-

156 1055 204 1119 pe,
226 1038 284 1117 qui
308 1037 564 1100 lornienriusest
585 1054 718 1111 avarus,
741 1036 905 1100 idolorum
927 1037 1037 1100 cultor
1059 1057 1125 1100 unu
1148 1039 1189 1102 sit
1203 1040 1265 1102 hoo

156 1141 281 1202 nomine
303 1139 335 1200 in
358 1136 503 1201 Ecclesia
526 1140 774 1217 nuncupandus,
788 1138 919 1200 subditi
936 1159 952 1196 e
970 1137 1059 1202 Sicut
1075 1157 1153 1219 ergo
1168 1141 1264 1202 uesti-

154 1240 292 1301 natione
314 1241 479 1303 eminentie
502 1241 743 1303 misericordiae
764 1239 907 1315 Christi,
930 1242 1163 1320 negligentibus
1192 1259 1265 1320 pec·

154 1343 242 1404 cnudi
254 1345 457 1405 occasionem
470 1343 538 1417 dat,
553 1345 610 1422 qui
625 1342 664 1404 ad
683 1359 778 1404 omue
793 1351 962 1420 peceatum
978 1343 1173 1421 generaliter
1184 1344 1264 1406 heco

153 1444 314 1523 pertinere
333 1449 486 1525 exponit:
507 1447 554 1507 sie
575 1464 592 1506 e
614 1452 725 1506 contro
749 1445 806 1523 qui
827 1444 923 1507 dccci
944 1445 975 1506 in
999 1445 1136 1507 minimis
1157 1453 1190 1507 et
1206 1445 1264 1506 hu·

155 1547 253 1608 manis
274 1549 415 1627 peccetis
436 1555 634 1625 peccantem,
658 1557 729 1624 post
749 1546 942 1624 agnitionem
967 1548 1109 1617 testium,
1132 1545 1182 1606 rei
1206 1543 1263 1608 Ec·

155 1647 281 1721 etesiae,
295 1648 365 1710 lieri
381 1657 533 1726 oportere
551 1648 635 1712 sicut
651 1648 858 1727 publicanum
875 1655 906 1708 et
927 1647 1092 1710 ethnicum
1107 1647 1138 1708 in
1154 1661 1265 1726 peccu-

155 1747 202 1821 tis,
223 1765 311 1826 qnae
331 1767 395 1811 non
408 1758 482 1810 snnt
496 1749 539 1811 ud
561 1756 702 1821 mortem,
717 1755 787 1822 snt,
802 1749 887 1810 sicut
902 1745 972 1809 Lex
991 1746 1134 1826 appellet
1150 1747 1182 1808 in
1196 1743 1265 1810 Nu·

154 1848 259 1924 meris,
280 1865 346 1910 stoa
367 1846 554 1929 mortiferis,
577 1848 699 1928 aliquid
721 1847 923 1911 crudelitatis
946 1847 1076 1910 videtur
1095 1847 1261 1910 inducere.

156 1945 220 2012 Nec
233 1951 318 2012 euim
341 1951 503 2024 existimo,
519 1951 584 2013 cito
598 1951 742 2029 aliquem
759 1949 896 2010 inveniri
911 1949 942 2010 in
955 1947 1114 2022 Ecclesia,
1128 1947 1184 2028 qui
1200 1965 1262 2010 non

154 2048 214 2129 jam
236 2058 288 2112 ter
307 2052 341 2112 in
362 2052 473 2114 eadem
495 2050 591 2130 culpa
613 2056 749 2128 argutus
771 2050 825 2124 sit,
849 2057 964 2128 utputa
986 2051 1018 2112 iu
1040 2048 1261 2122 detractione,

156 2168 214 2230 qua
235 2153 376 2216 invicem
398 2153 541 2214 homines
556 2152 731 2214 detrahunt
747 2151 903 2231 proximis
920 2152 1000 2224 suis,
1015 2157 1072 2212 aut
1085 2147 1261 2222 inflatione,

155 2262 209 2315 aut
226 2254 259 2314 in
280 2253 480 2334 epulatione,
502 2261 560 2315 aut
580 2255 613 2316 in
635 2253 735 2315 rcrho
755 2252 928 2326 mendacii,
955 2250 1006 2312 rel
1021 2251 1145 2328 ocioso,
1159 2259 1217 2316 aut
1232 2254 1264 2316 iu

155 2355 259 2434 aliqua
281 2355 380 2434 culpa
400 2355 479 2429 ieri,
500 2372 587 2435 quae
606 2355 703 2417 etiam
727 2356 758 2416 in
771 2354 850 2429 iliis,
868 2355 924 2434 qni
939 2352 1091 2417 sidentur
1105 2353 1264 2433 proficere

156 2453 184 2515 in
203 2454 366 2527 Ecclesia,
389 2454 579 2535 frequenter
599 2455 821 2518 inseninutor.

228 2576 247 2615 e
260 2553 438 2620 Considera
459 2574 539 2636 ergo
559 2574 599 2618 ne
620 2555 704 2620 iorte
725 2565 757 2620 et
778 2559 864 2631 illos,
887 2558 944 2638 qui
965 2558 1185 2622 aestimatione
1206 2559 1265 2622 im·

151 2671 270 2719 mensas
294 2657 534 2720 misericordiae
554 2657 688 2733 Christi,
711 2659 808 2722 etism
829 2658 869 2722 sd
893 2667 1023 2739 peccota
1045 2659 1168 2740 majora
1186 2660 1266 2724 hacc

154 2759 313 2835 pertinere
333 2760 600 2838 interpretantur,
624 2761 779 2837 praeterit
799 2761 863 2824 ioci
886 2761 1069 2825 intellectus
1080 2781 1092 2839 ;
1115 2770 1147 2824 et
1172 2763 1262 2838 istos,

154 2863 203 2938 qui
224 2862 307 2924 haec
327 2862 366 2924 ad
387 2862 516 2925 minima
537 2872 667 2942 peccata
685 2871 835 2924 asserunt
850 2865 1025 2943 pertinere,
1041 2872 1073 2926 et
1091 2871 1263 2944 propterca

154 2972 355 3039 peccatorem
376 2963 583 3026 minimorum
605 2971 815 3042 pcccatorum
837 2965 896 3026 nisi
918 2964 977 3036 bis,
997 2964 1048 3028 rel
1064 2975 1114 3028 ter
1128 2973 1265 3044 argutus

154 3065 334 3127 emendarit
352 3083 399 3137 sc,
419 3068 528 3128 statim
549 3065 634 3128 sicut
654 3065 819 3127 ethnicum
842 3072 874 3125 et
895 3063 1104 3142 publicanum
1126 3064 1195 3128 fleri
1212 3082 1265 3127 nr·

156 3162 327 3230 hitrcntnr.
350 3165 436 3242 Quid
458 3163 562 3245 ergo?
585 3164 626 3241 is,
648 3169 704 3246 qni
728 3175 777 3228 ter
796 3175 934 3244 argutus
954 3167 1047 3244 qnasi
1069 3165 1216 3250 ethnicus
1232 3174 1265 3231 et

157 3265 343 3342 publicanus
364 3266 468 3329 iactus
490 3265 590 3330 inerit
609 3267 770 3345 urguenti,
789 3274 901 3328 utrum
917 3266 1046 3328 omnino
1060 3273 1185 3347 pereat,
1205 3275 1265 3329 aut

157 3366 275 3447 aliquid
306 3370 474 3449 patiatur,
507 3367 593 3432 Deus
623 3369 706 3431 scit:
736 3386 793 3430 nos
819 3377 929 3430 autem
956 3367 1172 3446 pronunciare
1200 3385 1264 3430 nnn

156 3483 323 3543 possumus
342 3470 522 3533 secundnm
543 3469 631 3550 quod
653 3472 809 3548 scriptum
831 3478 901 3530 est:
925 3467 1020 3531 nolite
1042 3467 1205 3550 judicare,
1225 3479 1262 3532 ot

156 3583 216 3631 uon
231 3568 433 3651 judicemini.
455 3570 557 3632 item:
579 3567 677 3632 notite
697 3577 770 3631 onte
789 3577 908 3648 tempus
923 3567 1085 3649 judicum,
1100 3571 1196 3633 donoc
1215 3588 1265 3632 oe·

156 3665 219 3731 niot
241 3670 417 3743 Dominus,
439 3671 497 3751 qui
516 3668 713 3734 illuminabit
732 3672 856 3734 occuito
879 3669 1093 3745 tenebrarum,
1115 3681 1144 3735 et
1162 3669 1266 3735 moni·

156 3769 272 3843 rotatis
291 3769 431 3835 consiliu
450 3772 604 3835 cordium.
622 3773 766 3835 Primum
787 3774 931 3851 quidem,
947 3773 1101 3851 quonium
1124 3773 1201 3836 licet
1221 3776 1263 3848 ei,

158 3873 210 3949 qni
231 3883 282 3936 ter
301 3884 438 3954 argutus
459 3893 520 3938 uon
543 3874 723 3949 ohaudivit,
747 3875 778 3934 in
799 3884 918 3952 quarto
939 3883 1048 3936 autom
1069 3876 1205 3950 audire,
1230 3883 1267 3939 ut

157 3968 218 4046 jam
239 3993 302 4038 non
322 3978 363 4037 sit
382 3977 473 4038 sieut
486 3975 633 4038 ethnicus
647 3983 679 4036 ct
702 3973 904 4051 publicanus.
928 3971 1090 4036 Memores
1110 3978 1194 4038 enim
1218 3995 1265 4038 es-

157 4087 187 4131 se
207 4073 359 4139 dchemus
380 4078 464 4158 ejus,
480 4078 566 4156 quod
582 4076 788 4137 dictumest:
811 4072 858 4134 sic
877 4092 942 4136 nom
966 4084 1011 4137 est
1030 4074 1181 4138 volentos
1206 4075 1268 4140 ra-

159 4171 214 4234 tris
234 4175 308 4253 mei,
329 4187 366 4239 ast
384 4195 470 4238 unna
490 4195 531 4238 en
550 4173 691 4238 minimis
713 4172 784 4236 istis
799 4184 906 4252 pereot
926 4185 986 4239 etc.
1002 4194 1018 4232 n

235 4276 284 4342 Ex
308 4281 368 4341 hnc
388 4279 538 4359 Origcnis
558 4278 822 4357 interpretatione
844 4278 1013 4356 perspicue
1027 4279 1171 4359 primum
1188 4279 1267 4341 hnu-

158 4372 251 4453 rttnr,
266 4389 435 4459 peceatum
450 4380 494 4442 ud
506 4387 646 4455 mortem,
662 4379 693 4438 in
707 4395 774 4456 quo
788 4376 920 4455 quidem
936 4379 1002 4456 ipse
1022 4379 1268 4458 comprehendit

157 4485 261 4542 timum
280 4480 442 4562 cujusque
463 4483 590 4561 generis
608 4479 775 4558 grsriores
797 4483 920 4555 reatus,
944 4497 1009 4542 uon
1029 4481 1077 4542 ite
1097 4481 1140 4543 ah
1154 4498 1193 4543 eo
1208 4479 1269 4541 ¹ab·
