3375 5567
438 715 566 771 tenuem
595 714 694 788 atque
717 709 748 770 in
778 708 915 775 nihilum
945 708 1104 791 histipari.
1128 731 1145 770 u
1171 710 1341 775 Praeterea
1371 716 1403 776 in
1432 716 1531 793 quinta

438 807 567 892 Synodo
590 810 648 889 (ιιι
670 809 768 889 volgo
789 813 946 892 putatur)
969 810 1092 893 adjecta
1120 822 1196 877 sunt
1217 814 1280 876 elia
1301 814 1341 877 le
1366 815 1532 877 conditione

437 913 584 991 corporis
605 912 638 977 in
651 916 893 979 resurrectione
912 898 1073 980 excitantll
1086 918 1182 999 joela
1204 918 1392 1000 origenem,
1408 921 1533 981 hunam

438 1032 576 1093 corpora
593 1014 733 1081 rotunda
754 1026 787 1081 et
801 1017 980 1082 orbiculari
1000 1020 1107 1099 specie
1123 1027 1353 1085 resurrectum
1368 1020 1534 1101 injudicio,

439 1116 486 1182 uti
507 1123 601 1179 antea
621 1115 744 1180 dictum
766 1125 827 1194 est,
851 1129 1059 1184 asserentem.

520 1217 570 1285 Er
593 1218 642 1281 his
665 1238 767 1301 porro
793 1220 1110 1298 insimulationibus,
1141 1222 1189 1285 uti
1219 1230 1308 1303 patet
1318 1266 1332 1298 ,
1353 1240 1419 1287 nna
1444 1226 1482 1286 ab
1499 1226 1537 1285 al-

442 1328 512 1403 tera
532 1321 705 1403 discrepat.
729 1320 811 1387 ltem
834 1324 925 1404 qnod
949 1326 1049 1405 magis
1077 1330 1224 1389 nostrum
1253 1334 1415 1406 provocat
1441 1334 1539 1405 stopo

441 1445 511 1493 rem
531 1427 636 1513 altera
655 1435 705 1491 eat
723 1423 896 1506 Theophili
916 1426 1137 1504 insimulatio,
1153 1445 1252 1508 qnam
1274 1428 1307 1491 in
1324 1426 1469 1509 Epistola
1490 1427 1538 1491 Ρι-

439 1530 541 1598 scitali
564 1528 587 1593 l.
609 1526 713 1595 u.13.
747 1531 888 1595 intexuit
914 1530 1072 1596 adversus
1102 1529 1277 1613 origenem
1302 1538 1337 1596 et
1358 1532 1487 1613 qnidam
1507 1532 1540 1595 de

441 1630 553 1694 eatlem
577 1647 625 1706 re,
645 1629 701 1693 sed
721 1629 754 1693 in
773 1648 870 1694 sensu
891 1630 962 1693 aliis
983 1631 1141 1711 opposito.
1164 1630 1221 1697 hit
1240 1631 1337 1695 enim:
1363 1631 1539 1708 «Obsecro,

441 1731 560 1796 tratres
580 1731 756 1807 carissimi,
779 1740 818 1795 nt
835 1732 1005 1811 ignoscatis
1027 1731 1133 1795 dolori
1155 1751 1246 1809 meo,
1269 1733 1426 1799 doctrinis
1449 1737 1541 1817 imptis

442 1834 613 1901 resistenti.
631 1831 716 1897 Dum
734 1834 818 1897 enim
839 1834 1071 1915 impntleotiam
1082 1843 1282 1901 sectatorom
1297 1838 1372 1920 ejus
1384 1837 1543 1922 (Origenlsl

442 1942 653 2017 repercutere
666 1936 814 2012 nitimur,
835 1954 1024 2016 compagem
1038 1937 1163 2001 loricae
1179 1938 1279 2018 ipsios
1292 1948 1325 2003 el
1341 1928 1485 2006 reneaali
1499 1962 1542 2025 pe·

442 2040 541 2104 cloria
564 2038 799 2105 lrendnlenlies
821 2039 853 2102 in
874 2036 1016 2101 medium
1037 2038 1253 2118 protulimus3
1267 2049 1303 2104 nt
1323 2041 1409 2106 illud
1424 2062 1543 2123 quoqne

442 2142 665 2223 compleretur
686 2141 720 2203 ln
738 2158 791 2203 eo:
812 2138 951 2202 recelabo
979 2137 1191 2220 ipacmittiuut
1212 2150 1326 2217 tuom,
1347 2152 1378 2207 ct
1397 2148 1544 2209 retrudant

441 2261 512 2307 enat
529 2238 723 2308 amaneum
741 2237 820 2303 teia.
837 2236 921 2303 Nam
941 2240 1026 2303 inter
1039 2247 1148 2305 cetera
1168 2241 1265 2305 etiem
1283 2250 1543 2311 resurrectionen

443 2364 461 2410 a
482 2346 645 2418 mortuis,
666 2360 751 2423 qnae
776 2359 849 2422 spes
870 2350 920 2405 eet
938 2341 1053 2407 salutis
1073 2350 1226 2419 nostrae,
1248 2344 1292 2407 ιιι
1320 2350 1499 2427 corrumpit
1517 2354 1543 2409 et

444 2448 556 2520 violet,
580 2454 618 2522 ut
636 2443 756 2509 audeat
776 2444 898 2517 dicere,
919 2458 1060 2521 corpora
1080 2448 1191 2508 nostra
1211 2445 1408 2510 suscitatum
1426 2448 1542 2528 quiden

444 2551 504 2614 iri:
526 2548 581 2613 sed
601 2547 649 2613 sic
668 2555 706 2611 ιιι
725 2546 934 2626 corruptelae
959 2564 1134 2612 rursusne
1155 2534 1251 2610 morti
1277 2548 1476 2629 subiaceant.
1494 2548 1543 2611 lie·

441 2652 564 2733 monle
584 2651 662 2713 mihi
682 2671 703 2715 o
724 2650 896 2730 impietatis
915 2654 1027 2728 capot:
1051 2650 1217 2729 qumodo
1235 2650 1332 2731 iuxta
1363 2652 1542 2733 Apostolum

445 2754 588 2818 Panlnm
602 2754 716 2817 vicerit
736 2751 885 2817 Christos
900 2768 988 2819 eum.
1011 2750 1068 2830 qui
1081 2750 1194 2813 mortis
1215 2751 1356 2815 habebnt
1372 2754 1541 2835 imperium,

447 2858 511 2921 hoo
534 2865 583 2920 eet
597 2855 763 2919 diabolum
773 2851 790 2917 'i
801 2852 834 2916 Si
849 2852 1074 2931 corruptibilia
1089 2862 1123 2916 et
1136 2853 1287 2918 mortalia
1299 2854 1422 2919 ilerum
1442 2872 1542 2933 corpo·

446 2977 483 3021 ra
497 2968 690 3024 surrectura
703 2965 791 3030 anot,
807 2953 886 3035 quid
907 2954 999 3017 nohis
1020 2953 1145 3034 proluit
1155 2954 1274 3019 Christi
1296 2958 1417 3035 passio,
1431 2958 1457 3019 si
1472 2972 1544 3022 nort

447 3069 546 3141 atque
563 3060 733 3138 corruptio
747 3058 855 3121 denuo
869 3063 979 3120 nostra
993 3073 1133 3137 corpora
1153 3072 1341 3136 possemnra
1355 3056 1454 3121 sonti
1467 3066 1543 3119 etc.»

524 3162 729 3243 Comparatio
753 3162 865 3240 itaque
897 3159 981 3222 inter
1001 3174 1035 3221 se
1056 3164 1090 3221 et
1110 3154 1321 3239 Hieronymi,
1351 3165 1387 3224 et
1405 3156 1544 3221 Auctoris

445 3262 610 3346 Epistulae
624 3264 665 3326 acl
686 3261 838 3332 Hennam
853 3270 886 3325 et
899 3258 1073 3341 Theophili
1095 3260 1357 3323 accusationibus
1372 3260 1405 3323 in
1418 3278 1457 3325 eo
1469 3257 1543 3340 quel

443 3370 574 3448 putarit
591 3375 625 3429 et
644 3366 774 3444 scripsit
792 3363 952 3444 Origenes
973 3363 1013 3425 de
1034 3363 1196 3425 hnmanae
1217 3362 1324 3425 carnis
1345 3364 1545 3427 rerurrectie

446 3486 499 3545 ne,
522 3479 559 3532 ul
581 3468 691 3543 rides,
713 3469 799 3530 inter
817 3484 853 3527 se
875 3448 1103 3528 recta'mutuo
1124 3462 1360 3537 adversantur,
1386 3466 1433 3539 ita
1452 3472 1484 3525 ut
1501 3479 1545 3523 ne

445 3571 529 3633 scias
547 3571 676 3632 cuinam
697 3567 897 3633 credendum
918 3568 970 3629 sit.
994 3563 1026 3628 Si
1048 3568 1133 3628 enim
1150 3566 1255 3631 tribus
1276 3568 1377 3631 simul
1396 3582 1544 3631 assensum

446 3671 658 3751 praesulem,
682 3682 759 3735 tnnc
778 3671 909 3733 insanus
930 3668 1097 3748 apparebit
1113 3666 1285 3748 Origenes,
1306 3686 1411 3749 quum
1434 3668 1484 3730 hic
1501 3682 1545 3725 ne·

446 3781 511 3853 pat,
533 3772 621 3851 quod
643 3771 720 3833 alibi
742 3770 869 3850 probat.
897 3767 930 3832 Si
953 3770 1007 3832 uni
1028 3787 1071 3831 ex
1094 3767 1249 3849 praelatis
1270 3772 1477 3845 auctoribus,
1497 3784 1545 3829 er·

317 3868 322 3875 ’
447 3880 543 3952 cepte
556 3871 675 3946 altero,
698 3870 896 3942 credendum
910 3871 974 3948 sit;
998 3877 1074 3933 tnnc
1088 3871 1206 3933 celeris
1228 3869 1358 3933 duobos
1377 3851 1543 3953 injuria'fit,

450 3977 543 4055 quasi
556 3972 707 4053 Origenis
721 3981 860 4035 mentem
885 3988 947 4034 non
967 3972 1134 4035 consecuti
1150 3970 1280 4035 luerint.
1298 3968 1370 4037 Hoc
1386 3980 1484 4037 lamen
1502 3988 1546 4031 eu·

450 4094 525 4139 rum
538 4076 654 4139 nemini
680 4074 810 4137 videtur
829 4072 1081 4149 inscribendum,
1099 4074 1158 4135 uisi
1179 4072 1342 4136 librorum
1356 4072 1495 4153 Origenis
1507 4071 1544 4129 io·

452 4177 734 4258 terpolntiotribns,
752 4184 809 4239 aut
825 4175 914 4238 lalcis
935 4174 1204 4254 expositionibus,
1218 4192 1235 4237 a
1250 4175 1369 4255 quibus
1391 4177 1488 4237 minus
1502 4188 1545 4231 ca·

453 4283 579 4359 terim3
600 4287 634 4342 et
652 4278 696 4341 ob
717 4278 780 4341 hoc
799 4277 889 4339 illusi
909 4285 995 4339 sunt.

526 4382 679 4448 Ceterum
701 4390 739 4444 ut
759 4387 885 4443 constet
905 4382 937 4440 in
959 4380 1022 4443 hoc
1042 4386 1257 4460 argumento,
1285 4396 1382 4459 quam
1405 4376 1541 4459 injuriose

450 4493 623 4564 correptus
638 4485 680 4547 sit
699 4482 869 4561 Origenes,
894 4490 1091 4547 revocentur
1109 4500 1195 4563 quac
1217 4481 1327 4545 olibis
1344 4500 1393 4547 me
1415 4478 1541 4559 exposita
