3375 5567
402 773 491 855 porls
511 772 668 837 ambitum
690 769 791 835 inerit
811 775 949 835 naturae
969 766 1106 846 melum,
1127 768 1216 851 qnod
1237 788 1324 835 onoc
1336 776 1387 836 est
1400 771 1446 837 sis
1458 772 1517 837 im·
1599 777 1600 780 ’

402 876 542 941 mixtum
562 881 595 939 et
613 874 782 948 coalitam,
805 881 986 949 eteorum,
1002 872 1061 955 qni
1074 872 1167 937 ‘nnnc
1183 873 1293 954 jacent
1311 874 1516 948 tenellulo

402 976 572 1056 antiquum
593 981 713 1039 statum
744 973 827 1035 laets
858 973 959 1036 luerit
986 973 1151 1041 restitutio
1159 991 1171 1051 ς
1194 990 1257 1035 nne
1279 990 1361 1035 soce
1380 980 1517 1053 apsntm

403 1076 526 1157 gratiae
547 1075 588 1137 alr
609 1076 758 1139 universa
781 1080 996 1147 creatura,et
1011 1075 1117 1148 abiis,
1139 1073 1196 1153 qui
1217 1073 1362 1151 castigati
1384 1073 1517 1137 luerunt

402 1177 434 1237 in
456 1175 659 1257 purgatione,
682 1184 715 1237 et
735 1175 775 1235 ab
796 1177 848 1245 iis,
870 1177 927 1254 qni
948 1193 989 1236 ne
1009 1175 1139 1237 omnino
1157 1174 1288 1253 quidem
1302 1190 1385 1251 opus
1399 1174 1519 1238 habm-

328 1324 332 1335 ,
404 1282 493 1347 runt,
517 1282 554 1336 ut
573 1281 803 1354 purgarentur.
827 1270 928 1346 llaec,
950 1282 983 1335 et
1005 1290 1089 1353 quae
1108 1282 1185 1339 sunt
1205 1270 1404 1351 hujusmodi,
1422 1271 1520 1335 tradit

404 1391 556 1454 magnum
583 1374 773 1457 mysterium
801 1380 1010 1453 susceptaea
1033 1370 1101 1435 ileo
1131 1374 1350 1436 humanitatis.
1374 1370 1436 1434 ller
1456 1373 1519 1435 iano

403 1478 500 1550 enim,
517 1473 605 1554 qood
622 1475 758 1536 mixtum
775 1474 875 1539 inerit
889 1475 1092 1547 humanitati,
1114 1491 1190 1537 cnm
1213 1472 1312 1535 inerit
1325 1473 1358 1535 in
1371 1473 1519 1537 omnibus

402 1581 540 1637 naturus
561 1574 827 1653 proprietatibus,
852 1592 967 1654 nempe
988 1575 1206 1653 generatione,
1220 1571 1414 1635 educatione
1425 1579 1459 1635 et
1473 1575 1519 1635 in·

403 1680 581 1746 cremento,
603 1681 637 1735 et
657 1689 762 1752 nsque
782 1672 821 1734 ad
846 1674 959 1735 mortis
980 1673 1161 1751 pervaserit
1181 1672 1432 1751 experientiam,
1444 1672 1520 1735 eile-

403 1776 447 1837 cit
467 1792 504 1837 ea
526 1775 645 1851 omnia,
668 1792 752 1854 quae
774 1774 866 1854 prius
887 1774 972 1837 dieta
994 1783 1087 1847 snnt,
1106 1783 1139 1838 et
1160 1774 1321 1837 hominem
1342 1792 1360 1836 a
1384 1776 1463 1837 sitio
1482 1776 1520 1837 li·

402 1876 536 1953 iterans,
559 1884 592 1939 et
613 1878 681 1938 vitii
705 1876 833 1939 medens
854 1876 1028 1939 inventuri.
1050 1876 1271 1957 Aegritudinis
1291 1878 1375 1940 enim
1395 1877 1519 1939 medela

402 1986 451 2039 est
472 1977 575 2040 morbi
596 1978 761 2057 pus-pauo,
784 1977 910 2039 etiamsi
931 1979 972 2040 sit
993 1977 1167 2040 laboriose.
1184 1995 1203 2034 s

483 2073 519 2138 lu
537 2076 588 2137 lais
611 2076 716 2139 verbis
736 2077 966 2151 enucleandis,
988 2094 1027 2139 ao
1053 2077 1151 2143 aliter
1168 2076 1304 2140 sensiam
1323 2074 1519 2157 Gregorinm

401 2192 500 2257 qnam
520 2175 748 2238 existimarunt
764 2174 915 2238 l'etarius
928 2176 1064 2255 aliique,
1081 2177 1261 2256 probetur,
1278 2174 1396 2239 sedulo
1410 2176 1443 2239 in
1456 2176 1520 2257 pri·

401 2276 461 2339 mis
481 2275 626 2357 ejusdem
650 2274 754 2339 Petris
773 2292 862 2339 mens
877 2276 1175 2352 animadvertenda,
1196 2293 1236 2339 ec
1253 2277 1424 2352 voeabnla,
1447 2278 1520 2360 qni·

401 2376 462 2440 bns
482 2392 562 2439 usus
582 2382 643 2439 est:
665 2392 818 2455 quaeque
839 2375 1003 2441 fateamur
1022 2378 1085 2440 snb
1104 2375 1248 2457 qondam
1268 2376 1443 2441 incoluere
1463 2396 1519 2442 ex·

402 2478 505 2558 posita
519 2475 756 2553 luissesonnm
778 2478 909 2541 enimin
924 2480 1082 2558 praeestis
1102 2478 1263 2558 capitibus
1281 2475 1340 2542 liei
1355 2475 1519 2562 Nysseans

402 2576 561 2641 extulerit
580 2577 797 2653 clementiam,
818 2596 859 2641 ox
874 2595 942 2659 qno
959 2580 1028 2660 ipse
1043 2579 1147 2642 laetus
1166 2579 1209 2642 alt
1228 2579 1341 2643 similis
1360 2579 1453 2643 nobis
1472 2581 1520 2643 in·

401 2686 470 2741 ster
489 2686 619 2741 nostrae
634 2684 771 2741 naturae
792 2679 984 2743 hamilitatis
994 2699 1006 2758 3
1023 2698 1083 2742 nec
1103 2679 1171 2742 nlla
1195 2680 1320 2743 ratione
1333 2679 1515 2743 miranda·

401 2779 460 2853 eit,
483 2779 584 2841 relutl
599 2796 718 2842 novum
733 2784 767 2841 ct
781 2787 990 2853 extraneum,
1007 2777 1111 2843 ileum
1132 2780 1372 2844 interlsomines
1392 2781 1517 2862 dogism

400 2878 558 2958 nobisque
578 2885 857 2958 contemperatum
864 2898 876 2957 ;
898 2886 1090 2942 ostensurus
1111 2880 1236 2959 pergit,
1266 2877 1310 2941 ol)
1330 2880 1518 2962 huiusmodi

402 2977 490 3039 illius
512 2978 543 3037 in
564 2994 662 3039 carne
683 2978 1039 3057 contemperationem,
1070 2985 1213 3041 nostram
1234 2978 1374 3042 divinam
1395 2980 1515 3045 iactam

401 3094 470 3141 esse
491 3085 640 3140 naturam
660 3079 781 3158 qnippe
802 3085 908 3142 morte
928 3085 1139 3158 exemptam,
1166 3087 1199 3142 et
1215 3080 1261 3141 eb
1282 3081 1381 3144 bostis
1401 3082 1518 3145 immn-

400 3196 473 3242 nem
495 3178 673 3263 tyrannide.
691 3174 794 3242 llisce
814 3178 938 3260 positis,
955 3180 987 3240 in
1008 3179 1070 3242 laoc
1089 3181 1195 3260 eapite
1217 3179 1323 3260 pergit
1345 3179 1446 3245 llirns
1460 3202 1517 3246 ex·

402 3279 518 3342 tollens
540 3280 658 3341 mirum
680 3278 806 3342 divinae
834 3282 1043 3344 oeconomiae
1064 3298 1147 3358 opns
1167 3282 1200 3343 in
1232 3282 1391 3345 hnmanae
1411 3284 1518 3347 earnis

400 3379 618 3458 snsception03
638 3378 693 3443 ubi
717 3380 817 3445 veluti
839 3380 939 3457 dolo,
959 3379 1024 3458 ait,
1043 3398 1122 3444 nens
1143 3388 1192 3443 est
1212 3380 1360 3445 Christus
1381 3400 1441 3463 pro
1461 3402 1519 3447 no·

400 3480 460 3543 stri
489 3482 614 3560 generis
645 3482 897 3558 instauratione,
920 3484 1066 3545 eamdem
1087 3490 1237 3545 naturam
1258 3482 1404 3546 induens.
1430 3482 1517 3547 Talis

401 3598 501 3661 porro
522 3590 651 3655 natura,
665 3580 745 3643 idest
766 3600 843 3645 cero
866 3584 1019 3657 hnmana,
1036 3590 1069 3645 et
1088 3583 1182 3645 nobis
1195 3592 1228 3644 et
1241 3580 1311 3646 lieo
1331 3585 1456 3648 hostilis
1473 3586 1517 3648 ob

402 3688 670 3760 protoparentum
686 3692 815 3745 rentum
830 3692 893 3745 eta
910 3682 1041 3746 Christo
1055 3690 1217 3761 suscepta,
1229 3683 1383 3763 objicitur
1402 3703 1420 3746 e
1437 3683 1518 3749 Gre-

403 3784 495 3861 gorio
515 3782 576 3843 snb
593 3782 774 3845 nominibus
795 3784 919 3862 graecis
939 3777 1055 3884 ἔχθρας
1067 3780 1177 3856 tosus,
1198 3780 1343 3851 ἀκατίων
1364 3787 1518 3865 demptoe,

396 3876 611 3972 inspectione
647 3881 839 3952 insidiator.
870 3874 1000 3984 ἑυρετής
1033 3882 1089 3951 rio
1120 3883 1223 3951 κακδυ
1243 3881 1389 3945 insertor
1415 3884 1518 3958 meli,

396 3976 616 4071 ἁντικέιμενος
639 3982 862 4058 mensarios,
886 3974 990 4052 κακὸν
1011 3972 1074 4064 τῆς
1095 3981 1215 4075 φύσεις
1230 3982 1348 4044 udum
1367 3992 1516 4059 mures,

397 4082 501 4152 κακία
519 4078 687 4143 uitiositas.
713 4078 828 4161 Neque
852 4085 915 4146 suls
935 4083 1000 4145 elio
1021 4085 1142 4146 intuitu
1159 4081 1347 4163 hujusmodi
1360 4082 1516 4147 dictiones

399 4182 553 4261 prsebnit
571 4179 771 4261 Gregorius3
795 4184 996 4265 proindeque
1016 4183 1199 4245 nullimode
1218 4182 1404 4258 doemones,
1420 4198 1517 4262 enge

399 4282 450 4345 los
471 4298 584 4362 nempe
605 4280 744 4343 rebelles
765 4284 796 4344 in
818 4302 858 4345 eo
871 4300 1021 4348 sermone
1042 4284 1282 4347 animadvertit:
1304 4300 1364 4346 nec
1383 4300 1516 4347 eorun-

400 4382 473 4443 dem
494 4382 591 4446 salnti
619 4382 804 4460 prospicere
826 4382 931 4447 Deum
953 4383 1130 4464 aliqnando
1154 4384 1317 4459 rolnisse,
1347 4382 1513 4463 coelavit.

400 4480 468 4547 Sub
489 4480 591 4563 dqura
613 4498 753 4563 namque
774 4472 988 4569 metonymice
1007 4485 1140 4560 doctem,
1161 4482 1391 4559 insidiatorem,
1404 4482 1516 4551 adm·
