3375 5567
153 845 221 895 aar.
241 850 257 889 a
278 829 326 897 be
345 834 389 897 ita
410 831 552 912 deniquo
571 830 717 898 bdelium
739 830 885 899 Eualesia
906 835 1053 915 quotidie
1073 846 1238 915 precatur,

152 942 180 996 at
191 931 384 998 lleusmittat
398 934 549 1014 angulum
561 952 671 1009 snum,
687 936 745 1015 qni
766 955 824 1000 noa
839 936 1014 1011 custodiat,
1030 935 1150 1014 dorent,
1167 956 1242 1019 pan·

151 1042 219 1115 tegat
235 1044 336 1117 atqua
355 1033 506 1099 delandat
527 1044 591 1100 ete.

210 1137 311 1221 Siquis
332 1147 443 1206 antem
465 1138 573 1203 adbuo
592 1138 719 1204 dubitet
739 1139 779 1203 da
799 1140 874 1216 ista,
895 1158 993 1221 qnam
1015 1142 1150 1223 exposui
1168 1140 1242 1206 Ori·

149 1243 218 1321 penis
237 1253 374 1307 mentem
402 1242 561 1307 inuitatis
583 1242 714 1317 verbis,
736 1259 865 1305 meeum
887 1241 1006 1315 adeat,
1036 1260 1123 1324 quaa
1143 1245 1243 1325 panio

148 1352 204 1422 post
219 1344 328 1407 serlbit
348 1344 389 1407 de
410 1344 506 1407 tertio
528 1343 737 1406 rationalium
757 1343 883 1405 ordina.
895 1340 990 1420 Quae
1014 1354 1082 1407 tum
1095 1344 1244 1409 illustra·

148 1445 208 1507 tioni
225 1445 404 1525 proderunt
423 1461 553 1519 eornm,
574 1461 718 1525 quorum
739 1444 860 1508 dubins
880 1450 914 1507 at
935 1445 1096 1510 obseurns
1120 1446 1244 1511 ridere·

147 1554 324 1621 tumemus,
349 1554 418 1608 tum
439 1545 615 1608 admodum
631 1545 740 1610 talant
760 1553 956 1625 contraeas,
979 1547 1098 1627 quibus
1114 1548 1243 1611 dromo·

146 1664 190 1710 nes
206 1648 383 1729 aliquando·
398 1648 593 1728 poenitentia
614 1648 729 1711 duetus
749 1657 918 1712 servatum
950 1648 988 1713 iri
1013 1648 1241 1713 Adamantiutn

148 1750 181 1810 ita
202 1747 348 1812 docuisse
369 1764 561 1828 persuasum
581 1747 653 1811 luit.
685 1744 738 1811 Sio
758 1765 898 1828 namque
918 1747 1093 1813 locuturus
1115 1752 1242 1831 pergite

147 1848 330 1915 «Sciendum
348 1858 455 1913 tamen
476 1857 536 1923 est,
553 1868 621 1926 eos,
643 1850 700 1930 qui
714 1867 758 1913 ax
777 1868 845 1913 nuo
862 1850 1021 1932 principio
1044 1851 1142 1930 (boui)
1155 1856 1243 1934 quod

146 1951 405 2029 supradiximus,
425 1952 549 2031 delapsi
568 1960 656 2026 aunt,
679 1952 711 2012 in
735 1958 857 2015 tantam
879 1952 1097 2031 indignitatem
1117 1972 1157 2017 ao
1174 1974 1241 2019 ma·

146 2054 228 2117 liliam
247 2074 282 2118 se
302 2053 442 2128 dedisse,
468 2060 506 2116 nt
525 2052 644 2135 indigui
666 2054 765 2118 babiti
785 2054 850 2118 siut
870 2054 1068 2118 institutione
1090 2056 1162 2129 bau,
1187 2058 1238 2121 rol

148 2154 324 2233 eruditione,
339 2172 407 2236 qua
427 2157 461 2219 in
475 2170 572 2217 earne
594 2155 772 2218 bumaonm
788 2174 888 2236 penus
901 2156 1066 2238 adjutorio
1086 2158 1246 2223 virtutum

147 2257 318 2321 coelestium
340 2252 525 2320 instituitur
543 2265 643 2337 atqua
663 2256 828 2337 eruditur,
849 2258 904 2322 sed
927 2260 1124 2323 econtrario
1146 2261 1242 2326 otiam

149 2356 309 2424 adversarii
323 2364 426 2440 atque
446 2365 663 2439 repugnantes
675 2358 739 2434 bis,
760 2360 817 2439 qni
831 2359 1030 2423 erudiuntur
1050 2370 1082 2424 et
1097 2362 1247 2426 imbuun-

148 2467 200 2534 tur,
212 2462 368 2525 existunt.
381 2454 474 2523 Unde
485 2467 519 2522 et
531 2476 649 2540 agones
670 2460 827 2540 quosdam
842 2467 943 2540 atque
956 2463 1132 2525 certamina
1145 2464 1247 2529 omnis

150 2558 214 2626 baee
238 2562 340 2627 babet
360 2562 427 2626 rita
455 2560 665 2638 mortalium,
688 2561 923 2625 reluctantibus
951 2562 1075 2627 seilicet
1097 2569 1129 2627 et
1152 2582 1250 2646 repu-

149 2662 299 2740 pratibus
320 2661 483 2727 advorsus
502 2680 560 2726 nos
579 2662 643 2739 bis,
665 2662 811 2742 quisine
831 2661 903 2726 ullo
926 2671 1075 2743 respeotn
1096 2664 1136 2728 de
1160 2672 1247 2730 statu

147 2763 253 2829 uelim
274 2757 402 2845 delapsi
415 2772 503 2839 sunt,
525 2764 582 2843 qni
596 2764 808 2845 appellantur
827 2763 979 2829 diabolus
993 2771 1026 2829 et
1041 2764 1145 2846 angeli
1162 2766 1245 2847 ojus,

148 2866 296 2946 uterique
310 2864 444 2929 ordines
465 2863 620 2941 malitiae,
631 2882 715 2946 qnos
729 2863 908 2948 Apostolus
925 2862 965 2930 da
988 2866 1163 2932 virtutibus
1174 2884 1250 2932 eon·
1341 2863 1345 2871 ’

149 2966 238 3030 traria
257 2966 451 3031 nominarit.
475 2984 493 3023 a

212 3066 259 3131 Ex
279 3068 388 3149 igitur
406 3066 447 3130 da
469 3066 588 3149 triplici
610 3067 818 3131 rationalium
838 3067 953 3132 ordine
974 3086 1155 3150 aurumque
1175 3088 1249 3151 pro·

148 3168 338 3249 prietatibns,
351 3170 518 3252 expositis,
540 3168 688 3250 inspicias
702 3170 781 3251 quid
801 3170 862 3233 sibi
889 3169 968 3235 velit
988 3169 1158 3251 Origenes3
1170 3188 1248 3235 uum

147 3270 252 3335 scilieet
271 3272 316 3335 sit
330 3288 391 3335 nee
412 3288 452 3333 na
464 3269 701 3351 amplectenda,
721 3286 819 3352 qnam
834 3269 965 3334 tradidit
982 3271 1157 3353 utrobique
1171 3270 1264 3365 tlte-¹

147 3386 298 3456 marmus,
321 3372 549 3452 interpretatio
572 3370 682 3451 (aliter
702 3388 801 3451 qnam
822 3371 911 3435 dadit
932 3370 1092 3448 Rudinus)
1114 3373 1154 3437 de
1173 3373 1247 3436 dae·

149 3472 280 3537 monibus
300 3472 542 3549 convertendis,
563 3473 633 3535 siro
652 3472 693 3535 de
713 3490 830 3537 eorum
851 3481 968 3536 natura
991 3474 1153 3537 mutanda.
1187 3472 1251 3537 Eo·

149 3588 201 3649 que
217 3575 319 3655 magis
339 3571 429 3653 quod
452 3573 517 3635 tals
537 3579 756 3636 commentum
785 3573 891 3637 eidam
913 3574 1080 3637 contextui
1109 3590 1251 3654 oppona-

150 3677 204 3749 tur,
223 3676 320 3738 siouti
342 3674 420 3737 aiibi
440 3689 537 3753 saepe
558 3673 599 3736 ab
621 3674 766 3738 duotore
786 3674 992 3754 amplissimis
1010 3674 1189 3739 refutatum
1204 3686 1252 3739 est

149 3777 334 3854 argumentis
349 3776 420 3856 (uti
439 3776 472 3837 in
486 3774 589 3856 prima
606 3773 703 3838 Parte
717 3774 938 3854 ostendimus)
954 3774 1072 3855 quibus
1087 3794 1251 3856 nunquam

150 3872 347 3941 daemonibus
369 3874 518 3941 laturum
541 3878 757 3959 poenitentias
781 3877 893 3941 loeum
915 3877 1088 3957 probatum
1115 3888 1176 3954 est,
1199 3894 1253 3941 ue·

150 3992 202 4053 que
219 3978 452 4044 conversionis.
785 4054 789 4059 .

214 4078 265 4144 Ex
286 4099 355 4162 quo
388 4099 466 4145 tero
491 4078 633 4145 Hnelins
651 4079 711 4144 sibi
742 4081 849 4146 animo
870 4080 1023 4147 duritiis
1051 4079 1248 4161 subrogari,

151 4195 220 4256 puae
240 4182 461 4265 Hieronymus
485 4181 661 4257 transtulit,
692 4180 739 4245 nti
757 4182 921 4246 sincerum
942 4180 1090 4261 Origenis
1109 4180 1245 4253 loetum,

153 4276 183 4341 de
201 4286 294 4350 variis
309 4284 550 4349 rationabllinm
571 4282 811 4348 ascensionibus
832 4291 865 4347 et
885 4283 1144 4348 descensionibus
1160 4299 1251 4361 prae·

154 4382 194 4442 ier
218 4384 323 4461 illud,
347 4384 435 4468 quod
466 4383 710 4466 comprehendit
743 4401 859 4447 resera
883 4382 1115 4461 Adamantius,
1139 4380 1250 4446 llomi·

153 4473 217 4544 liam
235 4481 372 4548 nvtt.
401 4481 439 4546 io
461 4480 615 4548 numen
636 4482 667 4547 5.
687 4483 786 4564 eitat3
811 4483 871 4548 ubi
891 4490 1125 4548 enumerantur
1145 4500 1253 4547 asuen-

159 4580 247 4649 tinnea
265 4597 299 4653 et
320 4586 499 4653 mansiones
519 4584 649 4652 israelis
675 4603 733 4666 per
754 4584 921 4653 desertum
942 4604 1046 4667 usque
1070 4585 1110 4649 ud
1133 4589 1252 4649 terram
