3375 5567
342 733 400 785 rur

338 850 377 914 et
394 837 569 925 studium,
589 858 659 913 non
679 846 822 912 tantum
843 833 962 910 minus
990 833 1120 909 iecisse
1151 834 1287 911 iuranti
1318 848 1429 925 sunt3

339 968 596 1045 verumetiam
616 990 683 1041 eeu
707 966 853 1041 veritati
883 964 1128 1051 obsistentes,
1142 975 1185 1038 et
1204 964 1427 1063 apostolicae

338 1094 461 1171 infesti
480 1095 681 1179 doctrinae,
700 1106 765 1169 aut
787 1093 977 1180 haeretici,
996 1092 1054 1168 rel
1073 1106 1250 1181 errantes,
1271 1118 1337 1170 seu
1355 1095 1429 1171 sai-

340 1236 416 1299 tem
444 1223 575 1300 dubiae
595 1222 678 1299 fldei
702 1225 877 1321 reputati.

445 1351 523 1429 Hoc
555 1364 678 1427 autem
712 1352 758 1426 ab
787 1352 1048 1450 Apostolorum
1080 1375 1173 1427 aevo
1204 1351 1342 1427 iactum
1370 1378 1429 1429 re·

340 1482 479 1580 peritur
510 1495 659 1578 propter
691 1480 788 1554 beati
810 1478 909 1553 Pauli
934 1478 1137 1578 Epistolam
1166 1480 1214 1554 ad
1229 1478 1405 1556 Romanos
1414 1504 1430 1571 3

339 1634 464 1709 quam,
490 1633 572 1683 cum
592 1610 768 1707 quaedam
791 1623 940 1708 caperet
957 1609 1115 1684 difficilia
1138 1609 1350 1697 intellectu,
1371 1612 1431 1684 ia-

339 1738 435 1813 docti
451 1752 485 1812 ct
509 1736 689 1812 instabiles
712 1736 966 1835 depravarunt,
989 1739 1097 1812 menti
1115 1753 1149 1812 et
1177 1753 1311 1812 ceteras
1330 1734 1431 1813 Scri·

338 1881 463 1967 ptcros
491 1866 539 1940 od
563 1889 666 1940 acam
690 1867 845 1963 ipsorum
866 1864 1116 1963 perditionem.
1145 1864 1182 1939 Si
1214 1887 1299 1939 vero
1333 1864 1430 1940 Pau·

341 1996 399 2071 lus
419 1997 455 2069 in
481 1994 656 2094 Apostolo
691 1993 799 2071 Petro
830 1992 895 2091 (2.
926 1992 1090 2091 Epistola
1123 2017 1156 2068 c.
1180 1993 1243 2067 111.
1275 1986 1351 2090 16)
1373 1993 1430 2065 iu·
1503 2099 1506 2107 Ι
1593 2090 1610 2103 ..

345 2125 500 2209 venerit,
519 2124 580 2221 qui
600 2122 793 2197 verborum
819 2144 969 2197 suorum
989 2121 1153 2220 probarit
1176 2122 1426 2196 sinceritatem

341 2265 381 2327 et
415 2253 569 2328 aliorum
607 2250 718 2327 salsas
760 2251 942 2349 respuerit
975 2251 1323 2350 interpretationes:
1355 2250 1427 2327 boc

343 2384 437 2457 idem
472 2404 543 2456 non
575 2381 782 2455 benevertit
809 2379 991 2478 Operibus
1014 2395 1307 2479 nuncupatorum
1333 2380 1432 2454 viro·

342 2532 436 2584 rum.
466 2505 591 2599 Quae,
611 2509 678 2583 etsi
699 2504 840 2582 sincero
865 2509 987 2583 animo
1011 2507 1145 2593 forent,
1169 2507 1319 2605 zeloque
1348 2507 1427 2605 pari

342 2638 502 2723 dietata,
531 2661 731 2735 sensusque
764 2636 992 2736 praeferrent
1026 2636 1248 2711 orthodoxos
1257 2657 1270 2722 ;
1298 2633 1430 2709 nihilo·

343 2768 463 2841 minus
496 2779 624 2865 postea
654 2766 702 2841 ab
736 2765 891 2853 invidis,
923 2766 969 2840 ab
1003 2765 1198 2840 haereticis
1231 2777 1429 2863 corrupta,

344 2907 409 2969 aut
427 2893 473 2969 ab
493 2894 627 2993 ignaris
645 2894 762 2969 bonae
783 2895 841 2970 rel
862 2893 981 2969 malae
1006 2894 1104 2981 fidei,
1124 2894 1235 2977 lecta,
1255 2907 1295 2967 et
1315 2916 1432 2991 expo-

345 3024 434 3109 sita,
455 3022 512 3097 bis
540 3023 709 3098 omnibus
737 3024 1036 3099 concurrentibus
1063 3047 1106 3097 ac
1135 3020 1431 3119 praevalentibus

344 3151 650 3237 circumstantiis,
681 3165 758 3225 tum
789 3174 871 3225 cum
906 3152 942 3224 in
971 3152 1065 3224 rivis
1101 3151 1277 3248 degerent
1303 3162 1432 3223 aucto·

344 3304 417 3365 res,
449 3295 488 3355 et
507 3281 722 3379 praesertim
741 3304 825 3357 cum
853 3302 1065 3379 supremum
1096 3278 1273 3354 subierint
1299 3278 1432 3363 fatum,

345 3425 518 3508 tanquam
545 3410 753 3494 haeretica,
787 3411 944 3508 impiare
977 3408 1053 3483 fere
1091 3408 1288 3483 universim
1322 3429 1431 3504 passa

344 3552 429 3615 sunt
452 3559 535 3611 cum
564 3537 640 3610 suis
665 3538 873 3613 auctoribus
892 3538 1105 3635 despectum
1129 3550 1169 3610 et
1185 3535 1430 3609 aversionem.

345 3664 417 3741 Sed
445 3677 484 3741 et
510 3663 596 3741 illud
625 3663 781 3763 amplius
809 3665 1107 3761 aegreferendum
1132 3676 1204 3748 est,
1232 3662 1328 3759 quod
1361 3684 1432 3760 po·

346 3795 435 3871 steri
463 3806 526 3869 ant
549 3794 752 3869 illusionem
772 3805 835 3868 ant
854 3791 975 3868 dolam
1004 3791 1208 3889 priscorum
1226 3812 1356 3887 parum
1381 3802 1434 3863 at·

346 3923 551 4008 tendentes,
583 3923 820 3997 innocuorum
849 3921 994 4019 culpam
1016 3919 1248 4016 aggravarint
1274 3932 1314 3993 et
1336 3919 1433 4014 igno

347 4052 512 4137 miniam,
530 4051 637 4126 aliter
653 4056 797 4150 quoque
816 4064 1043 4148 exponentes
1063 4048 1208 4123 illorum
1227 4067 1432 4128 sermones,

347 4179 570 4278 abantiquis
589 4194 711 4254 tamen
739 4180 792 4253 nti
822 4180 984 4254 sinceros
1002 4189 1173 4275 acceptos
1205 4187 1243 4249 et
1274 4174 1433 4269 irrepre-

351 4308 562 4384 bensibiles.

453 4433 613 4533 Quisque
647 4458 755 4534 porro
797 4437 905 4531 bojas
937 4436 990 4511 rei
1029 4437 1246 4534 investigare
1282 4435 1433 4534 propius

348 4566 601 4650 consecrabit,
639 4565 733 4642 baud
763 4567 919 4665 ignoret,
953 4581 1041 4643 tunc
1068 4567 1239 4662 dogmata
1264 4565 1310 4638 de
1340 4562 1430 4647 ileo,
