3375 5567
1188 705 1248 774 W

156 811 234 876 noto
252 830 391 893 namque
414 830 528 876 verum
549 811 613 876 erit
632 809 727 886 tttnt,
750 809 838 893 quod
853 811 921 891 ipse
941 810 1019 876 otctt
1039 810 1078 873 ad
1101 811 1246 890 Patrem,

154 918 215 996 auia
233 913 340 978 oasaa'o
358 933 428 978 meo
446 923 504 977 tuo
524 923 612 986 suat,
632 924 660 976 et
679 922 735 977 tun
754 932 836 989 meo,
856 923 886 976 at
902 911 1103 995 plurificatur
1122 933 1191 978 aum
1212 914 1248 979 ia

152 1014 194 1078 eis.
213 1014 243 1080 Si
265 1034 343 1079 nero
364 1017 483 1092 omnia,
505 1034 590 1096 uuae
612 1015 717 1081 Patris
737 1025 833 1094 sunt,
856 1013 976 1082 Gbristi
996 1025 1083 1094 sunt,
1105 1018 1192 1080 inter
1212 1036 1246 1079 o·

152 1119 222 1180 mnia
243 1136 333 1196 aero,
355 1135 440 1199 qnae
459 1125 547 1191 sunt,
567 1116 663 1182 Pater
683 1126 731 1181 est
751 1119 848 1182 etiam
864 1119 1077 1198 omnipotens,
1099 1121 1166 1184 aine
1187 1120 1248 1184 tiu·

152 1219 193 1283 bio
210 1221 304 1282 etiam
327 1221 510 1300 unigenitus
533 1219 635 1286 Filius
648 1221 744 1284 debet
764 1240 834 1284 esse
855 1223 1068 1302 amnipotens,
1084 1229 1118 1283 ut
1137 1219 1247 1284 omnia

148 1341 215 1403 quae
231 1323 322 1385 tabet
344 1322 453 1396 Pater,
475 1322 570 1386 etiam
591 1321 697 1386 Filius
717 1322 836 1386 babent.
861 1341 877 1378 a

216 1423 435 1504 Quapropter,
450 1427 567 1486 borum
583 1425 758 1489 verborum
769 1443 895 1488 sensus:
907 1422 938 1486 ai
949 1442 1013 1488 aon
1023 1423 1153 1506 sintper
1167 1445 1248 1506 qaue

149 1535 273 1591 exerceat
290 1537 489 1606 potentatum
504 1529 584 1606 (sire
601 1530 735 1602 virtute,
756 1528 825 1590 site
846 1527 933 1602 actu)
953 1525 1146 1608 omnipotens
1170 1527 1249 1592 Deua

148 1629 203 1692 atet
218 1628 345 1712 aequin
360 1639 392 1691 et
412 1626 557 1709 deiaeepa
571 1638 606 1691 at
620 1629 814 1709 omnipotens
827 1629 1015 1692 ostendatur
1030 1628 1127 1705 Deus,
1140 1630 1248 1694 omnio

146 1730 295 1795 subsistere
315 1749 434 1794 neeesse
453 1742 515 1806 ert,
537 1733 580 1794 ita
601 1732 812 1811 exponendus
833 1739 903 1796 est:
937 1730 1039 1796 Deum
1061 1734 1092 1795 in
1113 1750 1171 1798 sua
1193 1732 1233 1798 Sa

149 1833 250 1912 pientia
270 1830 380 1896 omnio
408 1851 478 1896 esse
497 1850 625 1896 neeesse
645 1841 714 1910 est3
743 1852 802 1896 seu
823 1839 954 1911 oportet
973 1831 1080 1896 omnia
1121 1834 1151 1896 in
1171 1852 1250 1900 suae

148 1935 385 2015 omnipotentiae
411 1935 611 2015 proprietate
621 1952 712 1997 esse:
736 1953 774 1997 ac
788 1932 826 1996 ad
842 1936 984 2015 suipsius
999 1937 1248 2016 omnipotentiae

149 2037 272 2115 pieriam
285 2035 462 2101 subsistere
476 2037 618 2100 divinam
632 2034 839 2116 Sapientiam,
852 2037 961 2098 omnio
974 2033 1090 2098 babeat
1103 2054 1185 2115 opus
1197 2043 1248 2100 est

147 2137 306 2212 attributa,
325 2155 411 2218 quae
433 2138 529 2202 babet
551 2137 659 2212 Pater,
676 2146 709 2200 et
730 2156 805 2202 eum
827 2155 867 2200 eo
888 2136 1143 2202 substantialiter
1162 2155 1249 2200 eom-

148 2239 298 2317 municet,
321 2238 403 2302 idest
425 2238 544 2314 sitam,
568 2240 839 2320 perpetuitatem,
866 2239 1034 2314 virtutem,
1061 2237 1249 2316 bonitatem,

149 2342 319 2416 raritatem,
331 2340 503 2422 justitiam,
518 2341 786 2421 inoperationem,
806 2341 1062 2420 intelligentiam,
1080 2341 1250 2422 providen-

149 2441 226 2515 tiam,
242 2442 501 2520 immensitatem
515 2450 551 2504 ut
562 2443 747 2506 summatim
758 2443 875 2516 diuam,
888 2443 929 2505 sit
939 2441 1045 2506 omnia
1056 2440 1093 2503 in
1105 2440 1250 2506 omnibus

147 2560 208 2604 euna
215 2542 320 2624 Putre3
330 2543 525 2623 quibuscum
539 2559 652 2606 resera
663 2541 768 2623 plotio
778 2541 1252 2622 matseatataromatpoaattae

148 2664 222 2709 rane.
238 2645 281 2709 Et
299 2648 362 2708 boe
380 2657 444 2720 est,
457 2647 545 2725 quod
561 2645 638 2711 dicit
652 2643 821 2724 Origenes,
835 2654 873 2708 nt
887 2647 1087 2726 omnipotens
1106 2645 1253 2710 ostenda·

148 2756 195 2809 tnr
207 2746 307 2822 Dens,
318 2749 424 2811 omnia
440 2748 615 2810 subsistere
641 2767 768 2810 necesse
786 2745 905 2811 antlia
928 2765 1027 2827 porro
1044 2746 1253 2810 illustrantur

147 2844 337 2913 iouoXiX.
353 2865 383 2909 n.
401 2845 431 2912 5.
447 2845 657 2924 iaJooaaern,
679 2847 734 2912 ubi
750 2846 790 2909 de
812 2846 972 2927 Sapientia
992 2845 1184 2910 multiformi
1203 2847 1251 2908 io·

148 2933 253 3014 entus:
267 2974 284 3010 a
299 2949 349 3038 Eo
364 2950 462 3025 enim,
475 2951 592 3033 inquit,
607 2950 696 3031 quoti
706 2951 769 3014 aiat
783 2950 814 3012 in
829 2949 990 3031 Sapientia
1006 2968 1116 3014 omnes
1132 2949 1179 3013 rei
1194 2969 1250 3012 eu·
1338 3034 1339 3037 Ἴ

144 3052 330 3134 iussumque
352 3054 513 3127 rationes,
533 3051 630 3133 juxta
651 3069 732 3131 quas
756 3051 840 3114 iacta
861 3058 937 3114 suut
957 3051 1076 3126 omnia,
1099 3067 1183 3130 qnae
1206 3050 1251 3114 sa·

146 3163 188 3218 eta
210 3156 332 3219 inerea
348 3150 430 3229 Deo,
453 3161 490 3216 nt
505 3154 612 3234 inquit
635 3152 816 3232 Propheta:
839 3149 947 3214 omniu
967 3151 1003 3214 ia
1023 3149 1188 3231 Sapientia
1206 3154 1251 3235 s-

147 3254 228 3332 etam
243 3261 275 3322 in
295 3257 365 3335 ipso
378 3257 475 3320 etiam
495 3256 635 3318 mundus
659 3254 758 3318 tuerit
779 3262 868 3316 tanto
884 3252 1089 3333 picturatior,
1105 3257 1251 3318 ornatior

146 3366 236 3437 atque
255 3359 351 3422 etiam
367 3358 584 3437 praestantior
599 3355 721 3419 mundo
734 3354 888 3428 sensibili,
904 3361 1027 3434 quanto
1044 3355 1126 3418 ratio
1142 3355 1252 3419 muntii
1370 3361 1372 3366 ’

148 3460 223 3522 anda
243 3459 285 3522 ab
305 3460 392 3522 omui
414 3460 561 3533 materia,
578 3465 721 3538 praestat
743 3457 819 3520 buin
840 3457 961 3520 mundo
984 3457 1170 3531 materiato,
1187 3475 1250 3521 uou

147 3570 273 3643 propter
286 3561 469 3635 materiam,
484 3559 539 3623 sed
563 3578 606 3622 ex
628 3560 873 3639 participatione
888 3555 986 3649 >tepeo
1003 3555 1115 3632 Verbi,
1132 3565 1164 3621 et
1179 3575 1252 3639 par·

148 3663 322 3742 tioipatione
341 3660 545 3742 Sapientiae,
567 3660 795 3726 adornantium
817 3662 985 3726 materiam
1007 3678 1145 3737 eurum,
1167 3677 1251 3742 qnae

147 3765 282 3828 ordinata
301 3764 433 3828 iuerint.
457 3783 474 3821 a

217 3867 331 3932 Postea
353 3882 551 3945 veroquam
573 3866 653 3929 baee
683 3865 823 3927 adstruit
844 3862 1055 3929 Adamantius
1083 3864 1123 3928 tie
1148 3864 1250 3944 gioria

147 3967 265 4032 divinae
284 3968 547 4049 omnipotentiae,
567 3987 609 4032 ex
623 3967 818 4047 oppositoris
836 3983 916 4041 ore,
939 3985 997 4030 neu
1018 3971 1098 4043 sno,
1119 3967 1249 4031 subdit:

149 4090 164 4124 a
181 4067 261 4134 Nam
272 4070 375 4151 siquis
397 4079 458 4147 est,
473 4073 531 4150 qui
545 4071 623 4134 vetit
645 4070 698 4133 rel
710 4069 821 4132 sennia
836 4069 960 4150 aliqua,
978 4069 1029 4132 vei
1042 4069 1143 4148 spatia
1167 4076 1251 4132 tran·

146 4172 227 4249 sisae,
249 4171 301 4236 rei
316 4172 547 4254 quodcumque
560 4172 648 4235 aiinti
669 4172 835 4256 nominare
852 4170 935 4248 vuit,
952 4188 1027 4234 oum
1047 4170 1189 4233 nondum
1205 4169 1251 4234 ia·

148 4278 191 4333 eta
212 4281 328 4350 essent,
355 4281 440 4354 qnae
466 4273 550 4336 iacta
572 4279 657 4336 sunt.
680 4293 697 4332 a
719 4272 818 4349 idest,
840 4273 940 4354 siquis
977 4270 1056 4334 neiit
1075 4279 1187 4334 eontra
1212 4289 1250 4335 ea

148 4391 225 4452 qnae
245 4378 416 4460 bucusque
435 4375 532 4441 docui
554 4375 594 4440 de
613 4373 775 4456 Sapientia
791 4382 944 4456 tanquam
966 4374 1069 4455 gioria
1091 4379 1250 4454 perpetua

149 4477 366 4558 omnipotentis
387 4477 466 4556 Dei,
488 4478 597 4541 diceus
616 4479 727 4560 aliqua
747 4479 856 4543 aeonia
881 4477 1054 4552 transiisse,
1077 4493 1152 4540 enm
1174 4492 1251 4538 uon-

149 4575 219 4641 inm
233 4580 373 4656 condita,
390 4599 476 4660 quae
498 4580 581 4645 taeta
595 4581 710 4646 deinde
730 4589 817 4656 sunt,
830 4581 897 4644 sino
919 4579 1020 4644 dubio
1036 4577 1180 4642 ostendet
1195 4578 1250 4639 ati·

266 4679 327 4744 tot.
350 4679 398 4744 11.
480 4741 483 4747 ,
1092 4677 1131 4745 21
