3375 5567
178 830 279 913 latur3
294 832 405 897 mixtio
420 840 532 898 aulem
556 833 664 897 variae
685 850 727 895 ex
749 830 886 895 eluente
905 829 1072 895 coloribus
1085 832 1271 914 'tincturam

175 943 201 996 et
218 952 322 998 rurum
342 936 436 999 nobie
458 936 497 998 ad
520 935 707 1015 exemplum
729 934 802 995 data
826 934 1009 1014 inproprie
1032 934 1151 998 norum
1181 938 1274 1002 reda·

174 1037 238 1112 ctio,
259 1046 322 1099 lum
343 1055 556 1111 concurrum,
574 1046 641 1100 tum
657 1037 894 1099 elementorum
908 1035 1103 1099 solutionem
1119 1036 1272 1119 designet.

175 1136 440 1213 Quemadmodum
462 1156 541 1219 ergo
562 1140 698 1201 dicimus
719 1140 750 1199 in
775 1137 1006 1212 similitudine,
1029 1138 1186 1203 artificem
1208 1158 1273 1205 uon

173 1239 305 1319 ignorare
335 1241 487 1303 colorum
512 1242 703 1311 tincturam,
737 1258 821 1319 quae
843 1248 914 1318 poet
945 1240 1133 1301 mixtionem
1157 1260 1273 1307 rursus

170 1340 201 1401 ad
220 1344 383 1423 preprium
404 1340 518 1405 dorem
541 1342 669 1405 redacta
692 1352 759 1419 eet3
782 1342 835 1403 scd
863 1349 938 1402 tuuc
960 1359 1134 1419 agnoscere
1155 1352 1188 1405 et
1218 1363 1274 1408 ru·

171 1443 250 1505 bruun
270 1452 301 1507 ct
322 1446 467 1523 nigrum,
490 1453 523 1506 et
542 1444 648 1525 siquid
670 1444 772 1519 uliud,
797 1462 856 1523 per
870 1443 1043 1521 quamdam
1066 1463 1140 1509 cum
1154 1446 1273 1535 diuersi

170 1547 277 1623 pencris
297 1546 411 1608 colore
433 1549 694 1609 communionem
717 1545 855 1607 iormam
877 1543 996 1617 enecti,
1018 1547 1125 1625 qualis
1140 1550 1271 1628 quidem

170 1658 237 1709 earet
256 1650 285 1710 in
307 1649 467 1723 mixtura,
483 1648 589 1727 qualis
603 1656 635 1710 et
649 1666 735 1710 uuuc
750 1654 811 1721 est,
825 1649 856 1708 in
873 1647 1038 1727 proprium
1055 1656 1204 1712 naturam
1221 1669 1272 1714 re·

168 1748 296 1827 stitutum
318 1749 428 1830 qualis
449 1752 526 1811 ilem
550 1749 694 1821 iuturus,
716 1751 742 1811 ai
764 1747 878 1811 eodem
900 1748 997 1809 modo
1017 1748 1127 1813 denuo
1142 1751 1272 1814 colores

168 1849 236 1911 inter
253 1869 285 1913 ee
306 1851 517 1915 misceantur.
548 1848 593 1912 lta
615 1851 769 1921 unimam,
795 1850 1048 1925 elementorum,
1071 1868 1156 1930 quoe
1186 1852 1273 1915 ouie-

165 1952 216 2013 riut
241 1954 278 2015 ud
299 1955 451 2034 eorporis
479 1954 753 2025 constitutionem,
775 1952 829 2014 cui
858 1953 926 2030 ipra
948 1952 1138 2027 inhaeserit,
1168 1956 1267 2018 eliam

166 2064 223 2133 port
239 2072 354 2118 curum
367 2054 624 2129 dissolutionem,
647 2054 829 2116 naturalem
841 2055 925 2116 scire
947 2054 1179 2133 proprietatem
1197 2074 1273 2119 ceu·

165 2174 263 2219 renus.
286 2158 333 2221 »lc
359 2159 486 2220 tametsi
509 2167 624 2219 nutura
648 2154 765 2236 procul
787 2155 828 2216 ab
850 2156 991 2217 invicem
1010 2155 1178 2219 abrtreluat
1205 2158 1272 2221 ele·
1393 2142 1398 2151 ⁴

93 2282 94 2355 p
167 2267 252 2321 uentu
280 2268 422 2341 propter
442 2260 550 2321 inuitae
579 2260 838 2329 contrarietates,
865 2257 1124 2337 unumquodque
1153 2276 1270 2324 eorum

93 2402 94 2419 1
166 2376 259 2424 arcens
279 2380 295 2424 e
318 2362 555 2427 commixtione
575 2360 755 2439 coutrurii3
772 2358 981 2422 nihilomiuus
1001 2380 1045 2423 ex
1058 2362 1271 2441 cognoscendi

167 2465 303 2541 putentia,
319 2465 414 2546 quod
428 2466 457 2526 ei
471 2463 641 2546 proprium
656 2468 706 2524 eet
725 2460 945 2540 complectens
956 2463 1075 2537 anima,
1097 2468 1131 2525 et
1141 2480 1274 2527 maneus

166 2562 249 2627 donec
268 2584 390 2630 rursus
412 2584 475 2628 uua
497 2581 676 2627 concursus
691 2562 932 2642 diremptorem
953 2562 994 2624 ad
1005 2563 1269 2629 instaurationem

93 2718 94 2739 ,
164 2665 288 2730 linululi
302 2671 457 2748 corporis
472 2686 514 2731 ex
527 2668 692 2730 elementis
707 2668 823 2739 coacti,
838 2664 943 2727 iactus
961 2662 1072 2727 luerit:
1088 2683 1173 2747 quae
1194 2684 1271 2747 pro·

165 2768 220 2845 pria
230 2777 261 2831 et
272 2776 370 2833 estet
384 2770 571 2832 nominatur
586 2767 795 2831 resurrectio.
826 2764 894 2845 Ego
920 2775 1027 2829 autem
1045 2767 1124 2843 dixi,
1148 2772 1271 2849 optime

165 2868 225 2929 nili
237 2870 350 2935 viderie
374 2867 482 2934 obiter
492 2870 532 2931 de
553 2866 985 2935 resurrectiouedelcndisae
1002 2868 1193 2933 doctrinam.
1208 2872 1270 2934 dr·

165 2966 251 3033 bitror
268 2974 353 3036 euim
377 2990 438 3054 per
459 2972 538 3035 llaec
569 2972 684 3035 sensim
707 2972 824 3034 adduci
847 2988 903 3032 eoe
925 2986 1033 3049 poree,
1057 2972 1113 3051 qui
1142 2990 1214 3034 eam
1237 2975 1273 3035 li·

166 3068 222 3132 dem
234 3082 434 3155 oppugnant,
450 3092 490 3136 ne
504 3079 617 3154 putent
632 3072 701 3135 lieri
716 3092 778 3136 non
801 3090 909 3150 posse,
921 3080 958 3136 ut
980 3089 1095 3135 rursus
1109 3074 1269 3137 elementa

165 3169 233 3235 iuter
248 3195 281 3240 ec
301 3184 434 3252 coeant,
457 3183 498 3238 et
511 3176 662 3239 eumdem
682 3176 846 3239 homiuem
868 3174 1005 3239 elliciaut
1025 3182 1089 3239 etc.
1114 3194 1130 3233 r

226 3272 282 3341 Ubi
316 3296 401 3341 reru
421 3296 446 3341 e.
478 3274 602 3341 lloctor
633 3283 750 3340 metum
780 3276 820 3344 de
852 3277 1093 3342 recorrectione
1119 3278 1271 3358 pertigit,

164 3378 260 3459 inque
281 3380 423 3443 lromluir
444 3380 641 3443 restauratio
663 3378 885 3443 constituenda
907 3388 994 3456 erat,
1017 3380 1168 3461 pluribus
1189 3379 1272 3445 dild·

164 3480 319 3546 cultrtibus
335 3501 381 3545 ex
395 3479 563 3561 Evangelii
586 3481 740 3562 parabola
763 3481 803 3543 de
833 3478 940 3545 Divite
961 3484 992 3544 iu
1013 3482 1152 3560 iuleruo,
1174 3490 1207 3547 el
1229 3482 1269 3548 tle

166 3580 296 3647 llmluae
317 3588 396 3648 aiuu
416 3583 522 3665 deque
537 3584 641 3659 hiatu,
664 3584 719 3663 qui
733 3600 833 3654 unum
849 3583 1071 3646 dirimebatab
1085 3586 1202 3663 altero,
1213 3604 1270 3649 ex·

164 3688 249 3759 pensis
268 3688 300 3747 iu
318 3684 421 3748 rerba
438 3686 590 3760 incidens,
605 3683 749 3765 recepirti
769 3684 849 3747 Mne
862 3686 899 3749 in
919 3684 1067 3761 uitetur,
1083 3696 1112 3749 et
1124 3684 1270 3751 lururur

164 3781 290 3847 ciuiliter
309 3788 414 3863 mulo,
436 3806 478 3849 ex
500 3788 547 3849 luis
569 3790 723 3867 opinatur
743 3786 922 3867 quidquem
943 3789 1126 3867 quaestioni
1156 3788 1273 3869 prolu-

167 3892 270 3963 turum‚
292 3907 371 3952 curn
394 3888 438 3951 ibi
461 3889 598 3951 hominis
627 3896 743 3951 natura
766 3895 839 3949 aute
860 3895 894 3949 et
915 3895 987 3967 pust
1017 3896 1185 3967 peccatum
1207 3888 1269 3951 rull

167 3982 261 4052 Lurari
281 4008 319 4053 ac
341 3988 461 4052 Divitis
483 4006 620 4069 persona
642 3995 917 4070 repraesenteturt
932 4010 949 4049 e
966 3987 1017 4051 Ab
1030 3990 1133 4061 initio,
1150 3990 1267 4070 inquit,

169 4088 219 4151 ritu
248 4091 392 4153 humana
417 4091 555 4170 simplex
581 4098 612 4152 et
637 4091 807 4154 unilormie
838 4100 926 4169 erat;
955 4090 1132 4169 simplicem
1157 4100 1267 4153 autem

169 4188 327 4266 dieucum,
348 4208 438 4272 quae
458 4193 490 4253 iu
509 4192 583 4255 eolo
604 4192 689 4255 bonu
710 4191 999 4264 animadvertitur,
1022 4206 1060 4252 uc
1091 4191 1269 4254 nullimode

169 4292 238 4354 mulo
256 4292 431 4375 permixta.
448 4290 559 4357 Talem
581 4301 690 4356 aulem
706 4296 889 4373 opinionem
910 4294 1014 4374 prima
1030 4290 1089 4356 Dei
1110 4293 1164 4357 lex
1179 4310 1267 4353 cum·

169 4394 279 4475 probat;
301 4412 392 4474 quae
412 4412 486 4457 cum
510 4396 658 4460 omnibus
673 4398 804 4475 quidem
821 4393 925 4471 bonis,
944 4412 1030 4475 quoe
1045 4404 1139 4459 eraut
1162 4395 1194 4456 in
1210 4411 1265 4476 pu·

170 4493 268 4573 radun,
287 4496 454 4559 homiuem
485 4497 612 4563 abunde
642 4496 706 4563 lrui
728 4498 880 4571 dedisset,
909 4497 951 4559 ab
975 4497 1034 4560 illu
1060 4497 1131 4560 eolo
1155 4497 1265 4577 prolui·

170 4593 257 4674 ielat,
277 4600 330 4662 cui
352 4605 471 4663 natura
494 4618 534 4665 ex
561 4601 734 4665 contrariis
755 4602 930 4667 commixta
954 4606 1048 4675 erut,
1074 4599 1162 4664 malo
1189 4617 1264 4665 cuuu
