3375 5567
152 819 367 885 consectarium
390 828 566 902 praestans,
583 822 744 905 cujusquo
767 823 891 904 generis
906 823 1076 888 haereticis
1097 823 1249 888 sdversa-

153 933 207 986 tns:
228 927 273 988 uti
293 924 357 988 hec
376 923 566 1002 significarit
586 923 687 988 Libro
707 921 796 988 vm.
819 925 855 988 in
881 923 1055 1008 Epistulam
1076 927 1119 989 nd
1133 919 1248 990 homa-

150 1043 196 1086 sos
212 1041 242 1086 ιι.
261 1020 290 1090 5.
314 1044 356 1088 ex
385 1023 564 1089 salvatoris
585 1024 699 1090 dictis:
722 1025 777 1100 iic,
799 1029 901 1091 nescu
925 1049 1031 1092 omnes
1051 1037 1152 1110 pentes
1164 1074 1177 1105 ,
1198 1025 1251 1090 bo·

146 1127 286 1208 ptizontes
314 1147 365 1191 eos
384 1125 420 1190 in
445 1127 572 1190 nominc
595 1125 727 1200 Petris,
748 1139 776 1192 et
796 1127 881 1193 Fs'lis'
906 1138 935 1194 et
955 1125 1096 1212 Spiritus
1125 1125 1248 1195 Sancti.

216 1230 267 1293 hit
282 1233 388 1293 enims
410 1251 429 1289 ιι
443 1229 526 1296 Sunt
546 1231 629 1294 enirn
651 1228 812 1308 nonnulii,
829 1231 885 1313 qni
906 1233 1101 1296 annunciant
1116 1229 1247 1312 quidem

149 1340 174 1394 et
192 1331 376 1412 praedicant
406 1332 446 1395 dc
469 1328 564 1395 Patre
592 1339 624 1396 et
644 1331 730 1396 Filio
749 1341 782 1397 et
801 1331 925 1415 Spiritu
946 1331 1088 1412 Saneto;
1110 1329 1164 1396 sed
1187 1346 1250 1396 non

148 1435 276 1509 sincere,
298 1452 364 1496 non
384 1433 529 1514 integre,
553 1438 591 1497 nl
610 1441 687 1496 sunt
707 1451 817 1496 ornnes
839 1435 1017 1510 haeretiei,
1040 1435 1096 1514 qni
1118 1431 1248 1498 Patrem

148 1536 261 1615 quilem
282 1545 316 1598 ot
338 1531 457 1599 Filium
480 1542 512 1598 et
532 1531 688 1616 Spiritum
708 1531 1093 1617 Sanctum·annnncinut;
1109 1537 1163 1601 sed
1187 1555 1250 1600 nnn

147 1637 225 1714 bene,
247 1657 306 1701 nee
328 1636 468 1700 lideliter
487 1637 692 1700 annnnciant.
716 1635 783 1700 Ant
803 1637 887 1699 enirn
911 1639 994 1702 male
1015 1648 1166 1719 separant
1199 1637 1252 1702 m-

145 1739 213 1801 linm
233 1758 249 1801 a
272 1739 394 1811 Patre,
417 1747 454 1801 nt
475 1738 610 1801 alterins
632 1745 769 1804 naturae
793 1738 943 1814 Patrem,
968 1740 1103 1803 alterins
1130 1737 1251 1804 Fssinm

147 1839 254 1904 licant:
277 1849 338 1905 ant
357 1841 442 1903 male
464 1839 685 1914 contundunt,
709 1846 747 1903 nt
770 1839 821 1902 nel
842 1859 885 1904 ex
908 1841 1011 1904 tribus
1033 1843 1250 1922 compositum

147 1938 256 2019 benm,
280 1943 335 2005 rel
357 1944 459 2004 trinae
481 1942 704 2006 tantummodo
735 1943 962 2024 appellationis
984 1943 1015 2004 in
1036 1963 1075 2006 cu
1101 1961 1170 2006 csse
1193 1961 1251 2006 ιο·

148 2045 286 2108 cabninm
309 2049 435 2125 putent.
458 2041 523 2119 Qui
546 2051 656 2105 nutem
678 2043 759 2106 bene
781 2043 955 2106 annunciat
976 2041 1081 2119 hona,
1107 2045 1252 2124 proprie·

149 2153 216 2208 tates
240 2147 374 2226 quidem
396 2143 484 2208 Patri
512 2154 544 2208 et
566 2141 650 2209 Filio
671 2153 702 2208 et
732 2141 867 2226 Spiritui
889 2143 1006 2209 Sancto
1028 2164 1103 2208 snas
1131 2145 1251 2227 cnlqne

149 2245 243 2328 iahi13
264 2246 348 2309 nihil
369 2252 478 2311 antem
500 2263 570 2312 esse
589 2247 784 2310 diversitatis
802 2245 1011 2311 eoniitebitnr
1031 2247 1254 2310 insubstantia

150 2349 192 2412 sel
209 2356 339 2413 natura.
357 2369 374 2407 a
397 2347 440 2412 Et
456 2349 531 2412 hinc
551 2367 684 2430 qnoque
700 2350 837 2426 cernito,
862 2358 983 2430 quanto
995 2349 1072 2431 iore
1094 2349 1173 2429 (qno
1188 2357 1257 2412 lan·

150 2451 209 2513 lens
238 2457 351 2516 nostra
382 2450 531 2532 perducit
563 2448 774 2532 disceptatio)
796 2449 991 2514 admittenda
1022 2451 1062 2513 sit
1083 2447 1202 2514 Rnhlni
1224 2457 1257 2514 et

150 2563 324 2618 ceterorum
340 2561 489 2616 veterum
508 2554 663 2615 sententia
685 2552 726 2616 do
739 2553 886 2633 Operum
908 2549 1058 2633 origenis
1073 2552 1256 2632 falsatione,

150 2663 196 2716 ant
212 2653 376 2735 potiusne
395 2653 500 2728 libris,
517 2659 574 2716 ant
594 2654 764 2717 erroribus
779 2653 924 2735 eiusdem
946 2653 1064 2717 nomini
1083 2654 1256 2737 inscriptis,

151 2757 293 2836 aquibus
317 2756 444 2836 penitus
466 2755 565 2835 ipsius
587 2755 710 2818 sincera
733 2755 907 2818 abhorruit
929 2755 1016 2818 lidos.

215 2857 372 2924 Ceterum
387 2859 460 2938 quis
471 2863 563 2938 putet
578 2858 653 2920 talia
665 2857 902 2938 blasphemasse
914 2854 1087 2938 origenem
1103 2857 1259 2922 adversus

152 2953 235 3019 Verbi
256 2957 459 3022 divinitatem
480 2963 512 3019 el
533 2958 663 3036 quidem
686 2976 748 3020 non
768 2958 1030 3038 amphibologiis,
1047 2957 1261 3038 obscurisque

151 3055 370 3137 locutionibus,
386 3058 439 3121 sel
462 3059 663 3137 apertissimo
677 3076 827 3122 sermone
849 3057 1033 3139 etamplius
1057 3077 1154 3138 qnam
1171 3077 1256 3140 quae

152 3155 377 3238 blasphemavit
392 3169 501 3239 postea
520 3159 618 3222 lirim
629 3157 648 3223 ἒ
659 3157 773 3224 Nonne
787 3159 861 3223 ideo
876 3168 964 3241 patet
977 3179 1088 3225 sensns
1107 3163 1136 3224 ei
1152 3161 1263 3224 inscri-

154 3267 224 3338 plos,
245 3281 330 3344 opus
351 3261 449 3325 luisse
470 3259 684 3341 perfidorum,
707 3258 829 3343 pertine
851 3262 1082 3342 exponentium
1103 3261 1262 3326 libros'e·

152 3359 298 3441 jusdem?
313 3365 390 3444 qnin
407 3381 522 3426 eornm
545 3361 711 3443 perfidiam
732 3364 888 3426 senserint
909 3383 967 3427 nec
990 3361 1188 3444 Epiphanius
1203 3379 1263 3426 nee

154 3457 345 3545 Theophilus
365 3481 424 3526 nec
440 3459 688 3544 Hieronymus?
708 3459 748 3525 El
770 3464 935 3543 quomodo
957 3465 1088 3542 insuper
1109 3463 1155 3526 sic
1176 3463 1261 3526 blas·

157 3563 299 3641 phemare
321 3567 463 3646 potnerit
483 3563 651 3645 Origenes,
673 3582 748 3627 cnm
768 3561 925 3628 Tractaln
944 3561 1076 3628 XXXV.
1094 3582 1123 3626 n.
1150 3557 1200 3630 90.
1225 3561 1261 3625 in

158 3659 342 3729 hetthaeum
362 3669 516 3729 alacriter
536 3675 569 3729 et
590 3665 755 3729 manifeste
776 3666 934 3728 haeresim
951 3673 983 3728 el
998 3665 1178 3730 haereticos
1201 3683 1259 3729 rn-

159 3773 213 3840 eat,
234 3771 291 3849 qui
313 3765 522 3844 retinniunt,
547 3767 724 3842 hominem,
747 3766 814 3829 sire
835 3773 1043 3842 creaturam,
1066 3765 1161 3829 sicuti
1183 3773 1267 3830 cete·

162 3881 206 3930 ras
225 3879 396 3933 creaturas
418 3868 530 3943 inisse,
553 3859 827 3931 arbitrabantur?
849 3891 865 3927 n
884 3866 927 3931 El
941 3867 1022 3930 haec
1043 3864 1191 3942 dicimus,
1208 3867 1265 3946 nit,

161 3963 195 4030 le
212 3967 305 4044 lesu,
328 3976 366 4033 nl
388 3987 450 4033 non
472 3969 652 4048 arbitreris,
675 3969 770 4033 sicuti
796 3967 954 4049 quaedam
978 3967 1140 4044 haereses,
1166 3967 1269 4031 homi·

163 4085 226 4132 nem
246 4088 322 4135 enm
346 4069 466 4150 inisse,
487 4071 542 4134 sed
565 4069 668 4134 Deum
695 4085 804 4132 reram
831 4070 962 4133 humani
986 4069 1132 4150 corporis
1160 4082 1269 4132 susce·

161 4173 232 4248 pisse
253 4180 404 4236 naturam
416 4193 428 4252 3
449 4174 507 4254 qui
529 4179 657 4254 poterat
680 4171 819 4252 compoti
841 4169 1082 4233 infirmitatibus
1102 4169 1231 4246 nostris.
1249 4186 1269 4258 ιιΔ

229 4267 337 4348 Quam
361 4272 607 4338 obtestationem
631 4279 769 4337 renouat
791 4270 822 4335 in
847 4269 945 4335 Libro
963 4267 1017 4333 Vl.
1040 4265 1137 4337 nasi).
1155 4267 1271 4354 adror-

162 4385 224 4434 snm
238 4368 386 4450 Celsum,
403 4375 458 4455 qni
473 4369 668 4456 Ophitarum
683 4375 804 4437 somnia
826 4369 1047 4454 exprobrabat
1068 4369 1268 4435 christianis:

164 4483 195 4530 ie
207 4473 277 4536 iseo
297 4474 329 4536 in
352 4475 438 4538 hunc
460 4476 718 4540 contestabatur:
737 4473 867 4538 «immo
883 4473 956 4538 hinc
971 4470 1078 4554 palam
1092 4471 1159 4548 liet,
1178 4470 1270 4535 nobb

164 4569 333 4640 christianis
347 4576 550 4651 accuratius,
567 4595 664 4657 qnam
687 4576 736 4642 tili
751 4573 887 4657 (Celso)
901 4569 982 4638 hn'ee
1002 4579 1174 4656 perspectu
1187 4575 1268 4651 esso,
