3375 5567
1182 690 1244 758 aas

149 807 172 868 li
189 807 280 871 suasit
301 802 505 877 Euslathios,
519 803 670 865 eumdem
692 799 867 881 Origenem
889 798 1025 879 Spiritui
1047 796 1165 862 Sancto
1187 798 1245 859 in·

148 908 282 987 pmuisre.
307 903 570 969 Verumtamen
589 903 724 967 veritate
743 900 914 966 aberrasse
927 898 1006 961 mihi
1028 898 1158 962 uidetur
1178 896 1243 961 liu·

146 1008 274 1073 alethius.
298 1005 369 1071 llnc
390 1023 453 1069 non
474 1004 567 1079 dixit,
585 1023 644 1070 uec
666 1004 782 1077 rnluit,
806 1020 865 1064 nec
882 1017 1025 1080 unquam
1046 1001 1246 1079 excogitavit

146 1110 295 1189 Origenes.
313 1108 410 1171 letius
424 1124 532 1169 sermo
548 1106 618 1183 (uti
636 1122 742 1186 nuper
756 1103 955 1184 signilicaui)
976 1103 1158 1183 praemissis
1172 1119 1247 1163 con-

147 1210 307 1281 sectarlns,
330 1226 385 1271 eos
412 1206 581 1281 conlutat,
603 1208 651 1269 uti
674 1206 787 1269 lalrrm
813 1214 1034 1283 oppugnantes
1055 1201 1245 1265 historiam:

147 1311 171 1372 ie
184 1327 242 1389 qna
257 1310 453 1372 discussione
474 1326 499 1370 s.
517 1306 646 1391 Mertyr
660 1304 747 1371 haud
761 1306 838 1369 satis
855 1303 1044 1385 interpretis
1059 1312 1197 1366 mentem
1214 1320 1249 1364 a·

145 1412 347 1473 aimadvertit.
370 1408 584 1489 Nequaquam
610 1410 694 1471 euim
715 1407 873 1486 Origenes
893 1408 962 1481 ait,
987 1422 1157 1486 personam
1178 1402 1248 1485 Spl-

146 1511 215 1574 ritus
229 1508 336 1575 Sancti
353 1509 552 1587 respondisse
572 1506 663 1571 Sauli
681 1508 856 1571 sciscitanti
873 1503 1138 1586 ventriloquam:
1154 1522 1245 1586 queas

146 1612 260 1675 evocabo
280 1610 348 1674 tihi.
382 1610 466 1673 lllud
497 1629 559 1673 nou
581 1610 659 1673 dicit
679 1610 860 1689 Origenes:
895 1608 1118 1672 tantummodo
1149 1607 1248 1688 huius

147 1713 210 1777 lacti
233 1714 412 1792 simplicem
441 1712 701 1775 enunciationem
731 1712 831 1790 ponit,
859 1727 974 1773 rerem
997 1726 1034 1771 ea
1058 1716 1144 1787 gesta
1170 1708 1248 1771 luis·
1288 1762 1293 1771 .

147 1832 186 1888 se,
206 1817 252 1877 uti
273 1812 413 1892 Spiritus
428 1814 563 1881 Sanctus
585 1813 741 1875 historice
763 1812 905 1884 adstans,
927 1810 1049 1888 scrlpto
1071 1808 1246 1872 mandarit.

147 1913 277 1994 ldaoooe
298 1915 403 1992 ipsum
418 1913 575 1992 Spiritum
596 1910 749 1977 Sanctum
771 1930 840 1975 esse
854 1910 1098 1990 conscriptorem
1115 1919 1144 1973 rt
1155 1928 1250 1973 ener-

147 2022 270 2075 rutoreaa
292 2013 391 2095 hujus
412 2013 586 2086 historiae,
609 2013 664 2077 uhi
686 2012 826 2092 legitur:
849 2022 878 2073 rt
898 2007 985 2073 dicit
1003 2008 1117 2074 mulier
1127 2028 1145 2082 ;
1166 2009 1249 2073 idest

147 2117 314 2177 enarrantis
335 2132 421 2194 quae
443 2122 560 2178 mutue
589 2114 692 2177 locuti
719 2120 794 2177 sunt
815 2112 894 2176 Saul
921 2120 954 2175 et
975 2110 1187 2192 ventriloqua
1209 2113 1250 2176 de

146 2212 293 2279 Samuelis
315 2214 520 2279 excitatione.
554 2212 647 2291 Quae
669 2215 774 2276 omnia
808 2215 952 2277 euenisse
972 2231 1117 2277 asserens
1137 2212 1252 2293 Orige-

148 2332 208 2389 nes,
228 2324 338 2379 contra
361 2317 550 2381 obsistentes
567 2316 739 2381 vindicarit
754 2317 785 2377 in
804 2317 910 2393 primo
923 2314 1148 2393 disputationis
1161 2314 1246 2378 loco.

218 2414 426 2497 Quapropter
448 2436 511 2481 oon
532 2420 646 2481 asserit
666 2415 823 2495 Origenes
843 2413 1001 2494 Spiritum
1028 2414 1181 2479 &netum
1202 2415 1250 2478 lo·

147 2525 250 2580 rutum
271 2535 342 2580 esse
362 2520 394 2579 in
416 2518 554 2582 muliere
570 2515 805 2597 ventriloqua:
831 2533 945 2580 rernm
965 2519 1080 2581 statuit
1093 2514 1249 2595 Spiritum

146 2614 288 2682 &uotum
309 2616 551 2699 enarmiptorenr
571 2627 601 2682 ct
620 2628 834 2681 cannotorsm
850 2615 1004 2683 historiae
1024 2636 1173 2694 narrare,
1194 2626 1253 2682 aut

148 2734 269 2783 censere
291 2720 465 2799 utriusque
486 2728 519 2783 et
546 2718 652 2785 Saulis
673 2726 706 2782 et
727 2717 960 2801 ventriloquae
991 2720 1076 2783 iuter
1094 2738 1130 2783 se
1151 2719 1255 2783 eollo·

149 2819 252 2896 quium
264 2838 275 2898 3
299 2820 346 2883 uti
369 2836 483 2883 rerem
503 2820 613 2885 locum
635 2818 784 2883 hahuisse
805 2819 997 2883 obtestatur.
1017 2818 1060 2883 lit
1084 2820 1144 2881 hoo
1166 2828 1254 2898 patet

149 2936 271 3000 qouque
294 2940 334 2983 es
357 2922 558 3001 praemissis,
590 2920 644 2983 uhi
668 2930 819 2999 tanquam
841 2921 1025 2983 diuinarum
1057 2919 1252 2983 Litterarum

149 3023 233 3085 sicuti
257 3034 290 3085 et
309 3023 400 3085 istius
422 3023 575 3085 historiae
597 3022 637 3083 de
654 3018 880 3101 Ventriloqua,
896 3031 1065 3085 auctorem
1081 3025 1255 3086 universim

149 3120 297 3200 Spiritum
319 3124 473 3189 &netum
498 3131 591 3187 uocat
612 3122 778 3203 Origenes.
804 3119 887 3185 Oleit
908 3123 1015 3185 enim:
1041 3143 1057 3181 u
1079 3122 1256 3203 Cuiusnam

149 3229 191 3284 est
210 3239 345 3303 persona
368 3223 438 3297 illa,
461 3240 546 3303 quae
567 3224 663 3287 dicit:
686 3221 772 3285 nteit
793 3216 937 3285 mulier?
962 3223 1012 3284 du
1034 3240 1097 3284 non
1119 3239 1255 3302 persona

148 3319 280 3403 Spiritus
311 3324 442 3399 Sancti,
463 3341 483 3387 a
511 3342 578 3404 quo
599 3325 723 3387 divinas
745 3324 870 3391 litteras
897 3326 1033 3403 scriptas
1061 3343 1131 3387 esse
1152 3324 1256 3385 credi·

149 3422 241 3489 musi
256 3444 273 3483 s
288 3423 378 3489 Unde
393 3425 613 3501 concluditur,
637 3442 700 3489 uon
723 3432 848 3489 tantem
866 3426 1062 3489 verborum:
1084 3423 1170 3487 dicit
1189 3442 1258 3489 mu·

149 3520 220 3600 liar,
242 3542 333 3606 gurm
353 3525 483 3588 moecho
503 3521 594 3589 tlhii’
614 3534 677 3591 etc.
707 3526 762 3589 sed
784 3535 817 3589 et
837 3527 982 3589 omnium
1010 3526 1256 3605 scripturarum

150 3632 311 3688 auctorem
326 3636 359 3691 et
372 3634 602 3691 enarratorem
619 3627 729 3691 haheri
751 3628 906 3708 Spiritum
921 3625 1088 3701 Sanctum,
1109 3627 1168 3689 sihi
1193 3626 1259 3687 rel·

149 3721 178 3787 le
197 3726 229 3787 iu
248 3744 288 3789 eo
309 3728 383 3793 loeo
404 3726 588 3808 Origenem.
613 3725 845 3793 Verumtamen
873 3747 948 3793 cum
969 3728 1012 3789 lta
1041 3728 1156 3791 doceat
1176 3730 1257 3807 ipse,

150 3830 181 3885 et
199 3842 256 3887 nos
276 3825 508 3901 tuoredtmus,
524 3843 690 3905 nunquam
712 3844 770 3890 nec
791 3828 817 3889 is
838 3846 944 3906 neque
965 3845 1023 3891 nos
1044 3830 1256 3901 admittimus,

151 3908 311 3989 auctorem
328 3944 398 3989 esse
413 3925 685 4007 blasphemiarum
698 3928 853 4006 Spiritum
865 3926 1031 4003 Sanctum,
1047 3930 1178 4009 quando
1194 3932 1260 4008 ipse

150 4027 294 4099 enunciat
306 4043 349 4089 es
370 4044 429 4089 ore
444 4029 622 4108 peccatoris
644 4029 858 4109 blasphemias
872 4032 904 4092 iu
925 4027 1030 4093 Deum
1044 4050 1055 4108 3
1071 4049 1175 4110 neque
1195 4048 1261 4093 mu·

152 4122 327 4191 ledictionlr
341 4136 510 4191 auctorem
528 4146 597 4191 esse
610 4128 767 4208 Spiritum
782 4128 948 4203 Sanctum,
969 4148 1044 4192 eum
1065 4132 1097 4193 io
1117 4130 1262 4210 Scriptu-

153 4226 193 4289 ris
214 4228 335 4306 legitur
350 4228 533 4293 maledictio
554 4231 641 4310 impii
657 4231 811 4295 dicentis:
835 4248 900 4293 aon
923 4242 968 4294 est
989 4230 1082 4293 Deus.
1098 4230 1151 4295 Sic
1165 4234 1196 4295 in
1211 4249 1263 4295 ca·

152 4342 189 4389 su
209 4337 319 4391 oestro
332 4330 501 4405 statuitur,
524 4332 673 4395 eumdem
689 4329 848 4411 Spiritum
869 4350 931 4395 nne
952 4349 1022 4395 esse
1041 4350 1172 4395 oausam
1187 4352 1264 4395 ero·

129 4498 131 4501 ¹
154 4426 284 4491 cationis
306 4436 514 4491 mortuorum
528 4447 566 4494 ac
585 4432 741 4497 similium
763 4431 944 4495 facinorum
959 4434 1018 4509 (uti
1040 4432 1202 4495 immerito
1220 4434 1264 4494 ri·

155 4544 224 4589 sam
245 4538 292 4591 est
312 4550 338 4591 s.
358 4528 546 4607 Eustathiu)
569 4550 641 4595 eum
664 4534 731 4611 ipse
754 4552 811 4611 per
830 4534 1004 4612 prophetas
1024 4544 1151 4599 sanctos
1171 4552 1264 4597 enar·
