3375 5567
174 838 268 885 unum
281 839 405 896 mmus,
426 818 471 883 sic
484 828 513 883 ct
533 816 589 881 isti
601 817 638 883 ιἰι
659 817 748 880 nolis
768 832 870 880 unum
891 810 967 879 ιιίιι.
982 811 1109 879 Etenim
1129 818 1213 881 seire
1227 818 1283 881 de-

173 924 291 998 lemus,
315 922 392 1002 quid
414 921 455 984 sit
477 919 577 993 Deus,
599 926 630 982 et
651 919 730 998 quid
751 919 793 981 sit
814 917 947 980 iuturus
967 918 999 979 in
1020 917 1083 980 line
1102 915 1275 982 Salvators

173 1033 202 1086 et
220 1021 385 1103 quomodo
404 1022 437 1084 iu
464 1020 582 1083 sanctis
610 1018 789 1082 similitudo
812 1016 917 1081 Patris
936 1026 970 1079 et
991 1015 1064 1079 Filii
1087 1019 1281 1097 repromissa

171 1124 228 1186 sit:
258 1120 424 1203 quomodo
445 1121 477 1183 in
496 1139 530 1183 se
553 1119 600 1181 illi
622 1137 724 1184 anum
745 1127 841 1194 sunt,
865 1118 911 1181 sic
932 1127 965 1181 et
985 1118 1036 1181 isti
1058 1119 1090 1180 iu
1111 1120 1156 1182 eis
1179 1136 1280 1181 unum

169 1224 236 1285 sint.
259 1222 328 1285 Aut
348 1222 433 1284 euim
453 1219 692 1299 suscipiendum
710 1228 780 1295 est,
804 1218 1023 1283 universitatis
1046 1215 1148 1280 Deum
1172 1220 1281 1283 vestiri

172 1340 329 1403 corpore;
350 1328 384 1383 et
408 1319 572 1400 quomodo
594 1338 651 1383 oos
672 1318 835 1393 carnibus,
864 1318 909 1381 sic
931 1318 1025 1381 illum
1049 1317 1195 1398 qualibet
1215 1336 1282 1381 ma·

172 1426 247 1487 teria
263 1416 483 1501 circumdari3
499 1430 537 1485 ut
556 1420 733 1484 similitudo
759 1422 841 1483 vitae
863 1418 921 1483 liei
942 1421 973 1482 in
994 1420 1187 1483 tiuesanctis
1208 1437 1283 1500 pos·

170 1526 208 1587 sit
227 1524 376 1603 aequari.
394 1522 463 1586 dut
482 1525 509 1586 si
533 1524 594 1585 hoc
615 1522 762 1585 indecens
782 1531 842 1597 est,
865 1522 1005 1584 maxime
1025 1522 1111 1602 opud
1132 1540 1202 1597 eos,
1225 1523 1282 1602 qui

170 1626 282 1687 saltem
304 1644 346 1687 ex
367 1624 496 1686 minima
519 1630 610 1703 parte
631 1621 689 1685 Dei
710 1623 829 1686 sentire
851 1624 987 1702 cupiunt
1007 1623 1227 1703 majestatem,
1250 1633 1284 1687 et

169 1726 326 1805 ingeniine
341 1734 439 1803 atque
461 1726 566 1787 omuio
587 1723 771 1787 excedentis
786 1732 922 1787 naturae
943 1723 1080 1803 gloriam
1100 1724 1258 1804 suspicari
1270 1746 1281 1802 3

170 1827 338 1891 ednodus
352 1826 492 1889 alterum
512 1828 678 1905 suscipere
692 1827 853 1905 cogimur,
877 1834 914 1888 ut
933 1832 991 1888 aut
1011 1825 1219 1904 desperemus
1239 1827 1282 1887 si·

171 1927 384 1991 militudinem
407 1925 482 2003 liei,
503 1928 529 1989 si
551 1926 662 1990 eadem
683 1944 811 2007 semper
830 1943 943 1989 sumus
964 1943 1102 2005 corpora
1126 1927 1280 1990 habituri:

169 2039 224 2093 aut
244 2032 274 2094 si
299 2029 466 2094 beatitudo
488 2028 579 2091 uobis
600 2026 745 2109 ejusdem
767 2044 843 2091 cum
864 2024 933 2091 Deo
956 2028 1039 2090 ritae
1061 2029 1280 2108 promittitur,

171 2132 299 2207 eadem,
320 2149 385 2213 qua
409 2130 487 2193 tivit
508 2124 610 2205 Deus,
629 2128 720 2193 uobis
741 2128 924 2192 conditione
946 2129 1118 2192 vivendum
1140 2137 1197 2192 est.
1220 2148 1237 2186 a

607 2330 711 2397 Verrio
730 2330 851 2415 Ruffins'

250 2532 402 2602 lluffioos
424 2553 503 2600 vero
522 2536 618 2617 louge
635 2534 734 2599 aliter
753 2537 903 2619 Origenis
918 2541 1055 2600 mentem
1076 2539 1228 2617 exposuit
1248 2536 1291 2600 als

170 2656 220 2713 eo,
244 2636 336 2717 quod
357 2637 586 2717 interpretatus
607 2645 656 2701 est
684 2636 914 2724 Hieronymus.
947 2636 994 2700 De
1014 2637 1125 2700 mundi
1146 2654 1287 2717 namque

171 2738 449 2801 consummatione
463 2754 602 2818 anguem
619 2738 841 2815 Adamantius,
855 2747 888 2802 et
902 2738 1143 2821 quodammodo
1155 2739 1288 2803 studens

170 2838 351 2919 Scriptaris
365 2838 479 2900 divinis
496 2839 763 2918 philosophorum
779 2840 897 2921 placita
912 2839 1158 2903 accommodare
1172 2840 1204 2903 iu
1225 2841 1287 2903 hac

172 2958 221 3017 re,
244 2941 345 3003 dicit:
369 2960 386 2999 a
409 2938 514 3020 lgitur
531 2957 695 3004 summum
718 2941 856 3019 bouum,
878 2942 918 3005 ad
940 2941 1027 3021 qood
1048 2950 1166 3003 ustura
1189 2944 1288 3006 ratio-

173 3041 256 3105 nalis
279 3040 431 3102 universa
453 3038 603 3113 iestiuat,
631 3040 835 3119 quodetiam
858 3038 929 3104 linis
949 3041 1093 3104 omnium
1115 3039 1245 3117 dicitur,
1268 3058 1287 3103 a

172 3139 425 3221 quamplurimis
454 3140 551 3201 etiam
580 3140 849 3221 philosophorum
879 3143 942 3205 lsoc
963 3141 1059 3205 modo
1081 3142 1287 3215 terminatur,

173 3245 251 3323 quia
274 3258 437 3304 summum
459 3242 579 3303 bonum
600 3241 660 3315 sit,
687 3252 784 3321 prout
806 3244 957 3323 possibile
978 3250 1038 3318 est,
1060 3244 1198 3307 similent
1220 3244 1291 3306 lieri

174 3342 255 3407 lleo.
279 3339 342 3405 Sed
364 3343 425 3406 lsoc
445 3359 509 3404 nou
531 3352 595 3406 tom
616 3344 761 3424 ipsorum
784 3346 971 3419 inventum,
993 3361 1094 3423 quam
1114 3362 1155 3408 ex
1177 3343 1292 3409 divinis

176 3440 285 3506 Libris
306 3442 348 3504 ab
368 3442 413 3504 eis
434 3450 634 3523 assumptum
657 3451 748 3522 puto.
770 3441 841 3507 Hoc
863 3462 1002 3524 namque
1023 3444 1140 3507 iudicat
1164 3442 1295 3527 Moyses

177 3553 253 3607 aute
267 3558 390 3618 omues,
406 3562 479 3607 cum
496 3544 633 3622 primam
645 3544 861 3608 conditionem
875 3546 1011 3610 hominis
1023 3556 1155 3611 enarrat
1169 3546 1292 3610 dicens:

176 3656 205 3710 ct
226 3643 313 3708 dicit
334 3642 439 3707 Deus:
459 3642 620 3725 soct'omus
639 3643 792 3707 dominum
812 3646 856 3707 od
874 3644 1043 3726 imaginem
1063 3655 1092 3708 et
1112 3644 1295 3710 similitudi·

178 3764 248 3808 nem
270 3754 418 3808 nostrum.
441 3742 534 3809 Tuuc
554 3744 667 3807 deiude
688 3743 796 3807 addit:
819 3754 848 3806 et
861 3743 937 3827 feeit
957 3744 1042 3809 Deus
1063 3744 1232 3820 hominem,
1253 3748 1297 3808 od

179 3844 239 3909 Dei
261 3843 431 3925 imaginem
451 3844 526 3927 [ecit
544 3845 651 3918 illum,
672 3845 848 3907 masculum
861 3856 891 3909 et
902 3843 1072 3926 [mutinam
1091 3845 1164 3928 ficit
1182 3865 1247 3921 eos,
1267 3857 1297 3908 et

180 3943 339 4010 &nedixit
358 3964 418 4009 cos.
442 3944 513 4010 Hoc
534 3965 624 4027 ergo,
647 3945 734 4025 quod
757 3945 857 4008 dixit:
888 3948 931 4009 od
950 3945 1121 4026 incepissem
1142 3945 1199 4010 Dei
1223 3946 1298 4027 fecit

182 4046 301 4109 ilium:
324 4054 356 4107 et
378 4045 417 4107 do
438 4045 647 4109 similitudine
668 4043 771 4119 siluit,
787 4062 850 4107 nou
872 4044 961 4107 aliod
983 4045 1187 4118 iudicat,uisi
1208 4047 1297 4124 quod

182 4145 329 4224 imaginis
343 4146 473 4226 quidem
495 4144 679 4225 dignitatem
696 4146 727 4207 in
749 4146 850 4225 primu
867 4147 1048 4210 conditione
1069 4146 1234 4226 percopit3
1257 4148 1298 4207 si·

188 4249 379 4314 militudiuis
395 4264 472 4312 sero
495 4246 652 4326 perfectio
668 4248 699 4309 iu
713 4249 988 4312 consummatione
1007 4255 1135 4312 serrata
1156 4253 1224 4309 est:
1238 4246 1299 4308 sci·

185 4348 261 4413 licet
275 4358 314 4413 ut
334 4348 475 4429 ipsesibi
496 4364 567 4411 eam
590 4348 741 4427 propriae
763 4348 939 4412 industriae
952 4348 1067 4412 studiis
1086 4366 1130 4411 ex
1152 4344 1208 4409 Dei
1229 4347 1299 4409 imi-

189 4448 306 4512 tatione
326 4449 552 4521 conscisceret,
564 4465 639 4510 oum
655 4447 865 4527 possibilitate
884 4450 944 4513 sibi
965 4448 1171 4530 perfectiouis
1192 4448 1224 4509 iu
1243 4446 1301 4509 iui-

192 4547 239 4611 tiis
260 4549 334 4614 dats
350 4566 410 4630 per
430 4545 575 4627 imaginis
589 4546 788 4628 dignitatem,
804 4548 835 4611 in
857 4546 920 4613 due
932 4548 1061 4613 demum
1084 4566 1144 4630 per
1163 4564 1301 4629 operum
