3375 5567
1215 718 1257 783 27
1306 778 1309 783 Α

156 833 335 916 pertransibit
349 830 586 911 purificationis
602 828 688 899 rins,
704 826 808 887 donec
833 820 952 885 munda
968 820 1094 900 penitus
1114 717 1254 881 intenzio-

154 946 196 997 tae
213 935 248 994 sd
269 932 564 1003 resurrectionem,
595 926 651 991 ubi
672 942 784 987 omnes
804 941 822 986 a
843 922 996 985 sordibus
1020 921 1160 985 malitiae
1181 920 1250 983 exi·

153 1043 272 1107 nentur,
292 1041 331 1095 nt
350 1033 384 1092 in
406 1038 575 1093 aeternnm
599 1030 718 1089 ritant
739 1023 830 1100 Quas
851 1023 983 1103 quidem
1005 1022 1249 1104 purificationes

152 1135 277 1213 drigenis
297 1136 406 1196 hostes
429 1132 517 1195 ultra
534 1129 648 1210 judicii
670 1128 835 1191 novissimi
861 1133 986 1205 tempus
1004 1125 1244 1201 transferentes,

151 1234 214 1295 idest
231 1231 270 1294 ad
291 1234 427 1295 tertium
447 1233 518 1294 sire
539 1229 691 1292 ultimum
719 1229 883 1291 humanae
903 1226 1094 1290 conditionis
1113 1236 1248 1301 statum,

151 1342 288 1412 putarunt
299 1332 374 1394 iude
386 1331 565 1395 Auctorem
577 1329 673 1393 baem
688 1329 880 1409 imposuisse
892 1328 1110 1407 reproborum
1123 1330 1244 1407 poenis.

212 1432 335 1494 luteres
350 1432 443 1495 nobis
454 1428 702 1508 alind0rigenis
717 1428 936 1493 testimonium
955 1427 1086 1491 obvenit
1099 1444 1140 1489 ex
1156 1426 1249 1492 Clari·

149 1533 180 1593 ati
197 1530 351 1592 Perennis
374 1531 415 1591 de
435 1526 582 1591 Zizouiir
606 1528 785 1601 collatum,
807 1528 895 1607 quod
917 1544 991 1590 cum
1014 1546 1056 1591 ex
1077 1548 1128 1599 na,
1150 1546 1249 1608 qnam

150 1634 246 1706 statui,
257 1630 477 1705 distinctione,
489 1630 737 1710 perpetuitatem
748 1630 983 1709 suppliciorum
1000 1630 1106 1708 potius
1121 1630 1250 1705 iudicet,

149 1751 230 1812 quam
250 1731 444 1795 eorumdem
467 1732 665 1803 terminum,
690 1730 869 1793 adversarii
891 1740 1042 1795 econtra
1064 1731 1180 1794 ibidem
1204 1732 1250 1792 in-

148 1843 216 1895 ιιιιι
235 1834 397 1897 dicentes:
430 1829 492 1894 fflc
510 1842 539 1894 et
556 1830 635 1893 olibi
654 1849 744 1911 coepe
774 1832 996 1894 dominatorum
1022 1831 1131 1908 poeuis
1157 1833 1250 1912 finem

148 1932 340 1995 tendisserto
352 1941 488 1996 statuere
508 1931 633 1994 uidetur
648 1930 812 2011 Oriprm,
833 1950 928 2013 eoque
948 1931 1075 1995 matina
1094 1930 1183 1996 toties
1202 1950 1251 1995 ra·

146 2036 301 2114 probrum
320 2043 416 2116 utque
434 2034 616 2114 ecopitotm
635 2043 698 2110 est,
720 2045 756 2097 art
775 2032 832 2115 pot
852 2033 887 2095 id
906 2051 1021 2113 uapore
1042 2035 1178 2111 cudent,
1200 2034 1249 2097 rti-

147 2136 228 2199 siaar
244 2135 413 2215 ompeoem
428 2152 545 2210 umore,
560 2154 600 2198 uc
613 2143 743 2216 prostes·
761 2152 910 2216 aequum,
927 2134 1082 2199 videatur.
1107 2136 1249 2211 Quamo-

147 2238 222 2301 brem
246 2238 279 2298 in
294 2236 436 2299 medinm
452 2236 634 2299 ddamsndt
651 2235 748 2299 rerba
765 2235 977 2315 proterantur
991 2236 1032 2298 ab
1046 2238 1084 2299 iis
1099 2238 1249 2317 incipien-

145 2339 188 2412 do,
206 2340 264 2401 nbi
280 2340 312 2400 in
333 2336 527 2401 lluttboeuor
542 2346 629 2400 tomo
640 2335 681 2399 X.
693 2336 724 2403 2.
739 2335 769 2400 3.
788 2337 882 2399 dicit:
908 2333 974 2411 Oui
987 2335 1119 2400 seminet
1132 2338 1248 2399 bouum

142 2456 227 2500 renes
248 2448 296 2499 est
316 2434 424 2500 Filius
443 2436 597 2500 dominice
620 2458 638 2497 u
654 2435 810 2500 Diabolus
830 2437 1006 2500 observans
1026 2456 1087 2511 ea,
1104 2457 1189 2518 quae
1204 2441 1248 2501 zi·

144 2538 476 2620 commetiuntur,
502 2556 602 2619 praru
630 2556 745 2618 nempe
770 2540 926 2612 consilia,
950 2539 1175 2615 naturalibus,
1199 2542 1246 2602 uti

143 2642 261 2719 qudem
286 2647 416 2713 vocant,
432 2639 679 2718 cogitationibus
699 2649 733 2703 et
753 2640 845 2703 bonis
858 2640 1032 2701 seminibus
1047 2656 1064 2700 a
1080 2638 1186 2703 Verbo
1200 2658 1249 2703 se·

143 2740 257 2803 minoda
280 2741 518 2819 superspargit
542 2737 698 2803 Ceterum
721 2740 900 2803 secundnm
927 2740 957 2799 id
983 2740 1071 2819 quod
1091 2740 1247 2813 diximus,

143 2856 328 2917 ageromn·
343 2839 483 2902 mundus
498 2838 561 2901 dici
576 2838 698 2917 possita
714 2855 775 2901 uec
789 2841 855 2918 ipsa
878 2838 984 2903 solnm
1001 2836 1058 2901 liei
1080 2837 1225 2903 lleclesia
1234 2860 1246 2917 3

143 2940 252 3003 intuto
266 2941 391 3019 qnippe
412 2940 533 3001 mundo
557 2937 658 3002 Filius
677 2939 816 3002 bominis
837 2940 957 3003 bonnm
981 2957 1090 3001 semen
1112 2942 1249 3002 semina·

144 3040 200 3118 rit;
220 3038 331 3102 naim
354 3055 435 3101 aero
455 3038 590 3112 zizania,
612 3056 698 3117 quae
717 3041 849 3118 quidem
869 3047 946 3102 aunt
966 3041 1058 3119 praei
1082 3056 1250 3103 sermones

142 3156 175 3200 er
192 3140 329 3202 meter
347 3140 492 3219 nequitia
514 3138 571 3200 dtit
592 3136 683 3200 moli.
704 3138 877 3219 Oportebit
891 3149 1000 3204 antem
1022 3140 1092 3204 lieri
1115 3158 1249 3203 messem

142 3240 167 3299 ia
184 3238 246 3302 dne
263 3258 392 3313 rerum,
408 3256 508 3320 qnam
525 3250 640 3302 vocant
654 3242 962 3304 consummationem
977 3241 1091 3314 seculi,
1108 3250 1144 3303 ut
1158 3240 1197 3302 ad
1218 3239 1249 3303 id
1271 3226 1274 3233 ’

142 3342 275 3403 muneris
298 3340 447 3402 destinati
467 3340 573 3418 augeli
595 3339 666 3416 liei,
690 3358 790 3420 praru
812 3342 961 3422 dogmata
984 3344 1108 3403 animae
1130 3341 1247 3403 adbae-

141 3442 307 3513 ruenda,
321 3441 392 3502 sire
411 3458 497 3519 qnae
512 3450 643 3519 praeter
657 3451 809 3504 naturam
824 3446 950 3506 animae
965 3444 1080 3504 adnata
1095 3452 1182 3517 aunt,
1199 3459 1251 3505 ea·

141 3558 196 3618 qne
217 3541 353 3604 tradant
373 3542 405 3601 in
423 3542 701 3620 consumptionem
722 3543 799 3620 igni,
823 3544 880 3621 qni
901 3542 1020 3606 dicitur
1043 3543 1250 3615 comburere,

139 3642 308 3722 dissipandi
321 3660 432 3705 causa.
448 3640 491 3703 llt
503 3642 550 3705 sic
565 3643 670 3721 angeli
694 3641 792 3705 Verbi
812 3653 844 3705 et
862 3646 996 3706 ministri
1011 3664 1053 3706 ex
1070 3652 1137 3707 toto
1159 3643 1250 3707 Chri·
1287 3686 1289 3689 -

141 3745 174 3803 ati
192 3760 311 3821 regno,
326 3744 447 3817 omnia,
469 3760 556 3821 qnae
569 3743 696 3806 animae
710 3743 899 3819 adbaerent,
915 3745 1064 3807 seandala
1085 3746 1251 3823 colligent,

142 3852 168 3903 et
183 3845 400 3924 cogitationes
420 3845 581 3922 parientes
603 3845 827 3923 iniquitatem3
850 3864 931 3926 quas
953 3847 1011 3924 ipsi
1033 3847 1252 3926 dispertientes

142 3945 358 4008 mordentem
380 3943 536 4023 dejiciunt
557 3944 638 4022 ignis
659 3943 834 4007 tornacum.
851 3943 942 4009 Tune
964 3956 995 4008 et
1016 3948 1076 4026 ipsi
1096 3948 1156 4009 sibi
1177 3964 1254 4008 con·

142 4048 202 4118 scii,
215 4047 312 4126 qnod
327 4050 360 4106 in
372 4063 420 4120 se,
436 4063 549 4107 somno
563 4045 718 4123 impediti,
733 4046 855 4107 semina
876 4045 956 4108 moli
968 4051 1179 4125 susceperint,
1201 4045 1255 4108 ile-

142 4144 280 4220 bnnt,ac
302 4146 407 4208 aelnti
419 4146 481 4207 sibi
496 4147 698 4221 irasceutnr3
721 4146 772 4209 bin
784 4148 869 4209 enim
891 4158 940 4210 est
954 4149 1077 4210 stridor
1092 4148 1234 4209 dentium
1241 4166 1253 4223 3

141 4257 168 4306 et
182 4248 224 4309 ob
246 4250 314 4310 boc
334 4248 368 4308 in
391 4246 525 4308 Psalmis
553 4246 656 4310 illud:
678 4246 892 4323 frenduerunt
921 4267 1018 4327 super
1037 4267 1083 4311 aare
1108 4243 1253 4310 dentibus

142 4346 201 4409 ιιιὶι
219 4349 350 4411 dictum
370 4358 431 4410 cst.
452 4345 544 4409 'lunc
564 4347 705 4409 maxime
721 4346 802 4427 justi
823 4346 1013 4427 inlgebunt,
1037 4366 1100 4409 non
1117 4349 1184 4428 jam
1206 4345 1253 4407 di·-

143 4464 225 4507 verre
255 4446 537 4525 quemadmodum
567 4448 610 4507 ab
630 4448 721 4510 initio
731 4466 743 4525 3
772 4447 828 4511 sed
851 4466 961 4512 omnes
995 4456 1147 4527 moqnam
1168 4464 1253 4511 unns

144 4547 184 4608 sal
204 4548 236 4609 in
259 4564 364 4627 reguo
389 4545 495 4609 Patris
515 4548 565 4611 sui
570 4590 674 4609 .....
