3375 5567
532 746 573 811 lit
584 748 646 811 hoc
661 748 768 812 diceus
783 749 941 829 Origenes
955 749 1142 830 exemplum
1163 749 1242 831 petit
1256 748 1296 813 de
1311 749 1434 831 populo
1449 748 1554 821 lsrael,

449 853 506 933 qai
521 853 610 915 etsia
624 847 693 914 Deo
713 852 837 915 electus
854 850 966 927 luerit,
981 852 1143 917 tamenab
1158 851 1417 916 incredulitatem
1441 854 1471 915 in
1487 871 1552 915 rea·

450 961 527 1019 turo
551 953 663 1018 seculo
687 972 761 1017 vasa
783 953 1000 1017 contumeliae
1022 954 1172 1018 lutarum
1193 973 1262 1017 esse
1283 956 1350 1017 ait:
1372 972 1410 1017 ac
1430 956 1554 1017 dirersi-

451 1056 545 1119 mode
566 1066 708 1130 ceteros,
725 1056 782 1135 qui
797 1055 829 1117 in
845 1055 905 1117 bac
929 1056 992 1118 vite
1016 1056 1117 1120 veluti
1141 1057 1280 1141 aegyptii
1300 1064 1332 1119 et
1352 1056 1490 1121 idumaei
1507 1057 1556 1119 ba·

451 1159 580 1234 beatur,
597 1159 682 1237 ipsos
699 1165 804 1220 tamen
823 1165 972 1238 suscepta
986 1158 1209 1222 israelitarum
1224 1158 1287 1221 tide
1301 1165 1334 1223 et
1347 1160 1557 1224 couversatio-

450 1279 502 1334 ne,
519 1260 550 1322 iu
574 1260 773 1324 revelatione
794 1260 939 1323 tiliorum
955 1255 1013 1324 Dei
1030 1261 1225 1342 reputandus
1240 1280 1308 1325 esse
1330 1280 1404 1325 vasa
1421 1263 1554 1325 honoris.

450 1360 546 1440 Quod
558 1362 699 1441 amplius
711 1361 865 1424 Auctoris
878 1381 1007 1425 sensum
1019 1361 1181 1441 patefacit.
1198 1362 1340 1445 ldeoqne
1352 1362 1440 1443 qaod
1455 1372 1556 1444 postea

448 1466 536 1528 dicit:
552 1463 693 1527 animom
714 1460 750 1524 in
769 1460 882 1525 seculis
904 1461 1041 1542 infinitis
1062 1471 1089 1527 et
1107 1463 1267 1543 perpetuis
1287 1462 1450 1528 subsistere
1469 1473 1497 1524 et
1516 1462 1556 1525 oi·

449 1582 519 1626 ocra
530 1564 626 1644 juxta
644 1560 892 1647 Hieronymum,
909 1581 967 1625 seu
985 1562 1081 1645 Juxta
1099 1562 1262 1629 Rudinum
1278 1561 1488 1627 immortalem
1502 1582 1558 1625 esre

447 1664 591 1729 animam
610 1674 640 1728 ct
658 1674 816 1727 oeternmn
837 1673 866 1727 et
881 1682 940 1743 per
960 1664 1111 1729 immensa
1130 1674 1157 1727 et
1176 1666 1304 1730 diuersa
1323 1668 1430 1729 secula
1444 1667 1559 1741 ninere,

451 1769 652 1849 proindeque
673 1767 741 1831 lieri
764 1786 856 1848 posse
878 1768 1050 1831 nonnullas
1071 1768 1193 1831 animas
1214 1768 1254 1831 ad
1277 1768 1388 1851 pejora
1404 1786 1555 1832 corruere

450 1878 483 1932 et
503 1871 584 1933 alias
598 1870 639 1931 ad
660 1869 794 1933 meliora
812 1870 987 1951 proficere,
1010 1870 1088 1931 nibil
1100 1879 1212 1934 contra
1235 1871 1348 1951 dogma
1367 1871 1558 1935 catholicum

346 1992 352 2001 ·
451 1972 491 2035 de
504 1972 741 2052 suppliciorum
754 1972 957 2047 aeternitate,
975 1972 1043 2035 sive
1055 1972 1095 2035 de
1110 1972 1338 2035 damnatorum
1352 1972 1556 2053 possibilitate

452 2075 484 2135 in
499 2071 617 2135 melius
631 2072 851 2153 aliquandose
862 2072 1069 2135 convertendi
1083 2082 1152 2152 post
1163 2072 1323 2155 judicium
1339 2074 1558 2145 nouissimam,

452 2173 500 2236 ati
522 2193 540 2236 e
562 2180 674 2237 contra
697 2172 736 2235 de
758 2173 859 2236 beatis
880 2174 911 2235 iu
935 2173 1028 2254 pejus
1049 2174 1251 2249 transituris,
1273 2192 1315 2236 ex
1337 2174 1398 2237 hoc
1418 2172 1558 2253 Origenis

452 2280 645 2353 argumento
659 2273 849 2354 percipitur.
863 2273 1013 2337 Attamen
1027 2272 1066 2337 da
1083 2273 1182 2353 bajus
1198 2273 1403 2355 paraphrasis
1417 2292 1510 2337 sensu
1524 2290 1558 2335 ac

452 2371 599 2435 lectionis
621 2374 778 2435 varietate
798 2373 877 2435 alibi
898 2374 1129 2453 disputabitur.

534 2471 657 2538 Verum
671 2474 788 2536 instant
801 2475 993 2551 adversarii,
1010 2475 1141 2539 aliunde
1155 2473 1304 2555 Origenis
1318 2473 1500 2539 incusantes
1513 2490 1558 2537 er·

451 2595 574 2650 rorem,
598 2576 653 2639 ubi
674 2576 741 2655 lpse
764 2575 930 2657 Evangelii
952 2577 1142 2640 sententiam
1164 2594 1327 2657 exponens
1348 2574 1384 2637 in
1411 2568 1559 2639 Ioannem

370 2758 375 2768 .
450 2676 554 2743 Tomo
576 2675 664 2741 ΧΙΧ.
684 2676 714 2742 3.
736 2696 799 2758 qao
818 2696 873 2758 epo
893 2679 987 2753 codo,
1003 2696 1058 2739 vos
1079 2696 1143 2741 non
1152 2677 1284 2759 potestis
1304 2676 1424 2755 venire,
1447 2678 1558 2759 disqui-

452 2783 494 2844 rit
513 2778 593 2860 qnid
614 2779 672 2841 sibi
696 2776 976 2843 relts'bomioas:
999 2778 1205 2856 «Quosdam
1228 2780 1318 2856 novi,
1342 2781 1402 2855 ait,
1425 2782 1482 2863 qui
1502 2794 1558 2843 coa

449 2881 558 2946 solum
579 2883 612 2945 ia
633 2882 694 2945 boc
714 2881 841 2959 seculo,
866 2898 979 2945 aerum
1001 2881 1098 2945 etiarn
1118 2882 1151 2945 in
1173 2880 1323 2945 iuturus
1346 2884 1557 2962 propriopeo·

449 2992 523 3047 cato
544 2981 763 3059 detineantur,
794 2982 896 3047 veluti
916 2984 1008 3060 istos,
1031 2982 1211 3063 dequibus
1234 2982 1335 3047 Filius
1361 2982 1420 3046 bot
1443 2983 1554 3065 inquit:

452 3082 517 3161 Oai
535 3082 795 3165 blospbemooerit
814 3083 852 3147 in
872 3080 1027 3165 Spiritum
1047 3081 1212 3165 Sanctam,
1235 3104 1300 3151 aaa
1319 3086 1441 3150 babebit
1461 3084 1559 3149 renc-

448 3186 567 3250 siooem
587 3205 684 3268 oeque
703 3184 918 3266 inpraesenti
937 3186 1052 3263 seculo,
1073 3204 1170 3269 nepus
1190 3185 1226 3251 in
1236 3189 1361 3267 saturo.-
1382 3206 1443 3253 nec
1460 3196 1559 3252 tamea

450 3290 621 3370 seqnitur,
641 3289 669 3352 si
697 3306 761 3351 uon
782 3288 878 3352 babel
901 3288 1119 3353 remissionem
1141 3290 1173 3353 iu
1202 3289 1318 3353 laturo
1339 3291 1479 3367 seculo,
1500 3306 1558 3351 noa

453 3391 574 3455 babere
595 3391 628 3451 iu
647 3389 895 3470 superventuris
916 3390 1045 3455 seculis.
1069 3410 1086 3447 a
1312 3470 1316 3477 ¹

531 3491 580 3555 tld
604 3491 685 3554 baec
705 3489 889 3554 adamantii
913 3490 1010 3553 verba
1030 3490 1147 3555 sedulo
1167 3490 1389 3567 enucleanda,
1414 3490 1561 3571 praemit·

378 3597 382 3606 '
453 3593 585 3657 tendum
604 3610 682 3657 sane
701 3599 762 3669 est,
784 3593 872 3673 quod
894 3596 962 3675 ipse
983 3593 1082 3674 paulo
1104 3602 1178 3659 anto
1198 3594 1323 3673 docuit;
1346 3594 1401 3657 ubi
1417 3608 1560 3675 praeser-

453 3696 509 3757 tim
524 3694 633 3757 elucet
646 3693 748 3769 clare,
765 3694 891 3758 nullam
902 3693 939 3756 iis
951 3694 1022 3759 dari
1035 3695 1300 3777 redemptionem,
1316 3695 1416 3775 quiin
1433 3698 1561 3774 peccato

452 3795 572 3859 mortui
593 3801 680 3860 suat.
704 3794 847 3877 ideoque
868 3796 908 3859 de
930 3793 1053 3859 Lazaro
1074 3794 1206 3860 locutus
1226 3796 1364 3877 ejusque
1378 3794 1561 3857 intirmitate

449 3914 514 3960 nou
534 3896 574 3959 ad
600 3904 752 3973 mortem,
774 3898 901 3977 innuite
925 3917 942 3956 a
964 3892 1056 3961 ldauc
1084 3896 1127 3960 ob
1147 3914 1278 3960 eausam
1299 3898 1326 3959 si
1350 3896 1562 3977 suscipiamus

451 3998 653 4063 infirmitates
673 4001 820 4081 ipsoram
841 3998 1091 4078 aegrotantium,
1108 3997 1319 4061 adhibeamus
1340 3998 1497 4071 animum,
1512 4012 1560 4057 ae·

452 4101 584 4181 quando
607 4101 647 4164 ad
669 4106 807 4165 mortem
829 4108 1051 4180 aegrotemus,
1075 4098 1190 4162 morbo
1216 4098 1301 4161 iacto
1324 4094 1560 4169 immedicabili,

322 4244 325 4248 ›
453 4218 528 4265 cum
549 4200 658 4265 adbuc
676 4218 751 4282 apes
769 4218 839 4263 esse
853 4206 970 4281 posset.
993 4196 1120 4263 Pariter
1135 4199 1233 4262 etiam
1250 4200 1395 4279 apertius
1409 4197 1561 4279 quodam·

453 4300 549 4365 modo
572 4302 634 4365 troc
655 4301 718 4365 erit
748 4299 891 4365 dietum:
914 4318 976 4381 quo
996 4318 1050 4381 epo
1079 4300 1182 4377 codo,
1202 4318 1257 4365 eos
1277 4318 1343 4364 ooo
1368 4297 1498 4381 potestis
1518 4314 1563 4357 ue·

452 4403 533 4479 nire,
549 4403 635 4483 quod
650 4402 861 4485 aabJuupitnr
876 4402 939 4466 illis
959 4402 1085 4467 serbis:
1103 4411 1132 4465 et
1152 4400 1187 4465 in
1198 4412 1325 4483 peccota
1339 4411 1439 4465 cestra
1454 4398 1562 4465 morie·

452 4501 542 4567 atat.
567 4500 706 4581 Quando
726 4503 811 4568 enim
832 4503 973 4570 moritur
993 4504 1066 4585 quis
1087 4503 1119 4567 ia
1138 4522 1199 4571 suo
1214 4505 1313 4587 ipsius
1335 4512 1482 4587 pcccatm
1498 4517 1561 4581 quo
