3375 5567
131 792 247 872 aleriam
259 797 392 854 narrant
408 788 483 853 lini:
496 806 601 869 nequa
616 788 860 853 firmamentum
870 788 1014 851 animans
1024 804 1121 853 seusu
1134 806 1228 869 prae·

131 894 214 956 ditum
234 908 303 957 esse
324 910 511 969 censemus,
534 890 621 971 quod
644 890 848 955 ellectionem
878 908 1035 956 mannum
1056 891 1156 971 ipsios
1178 893 1229 955 iti·

129 994 185 1058 dem
204 994 382 1059 annuntiet.

193 1116 208 1153 ι
223 1091 320 1169 Quot
340 1094 442 1173 siquis
455 1093 606 1158 adstruat
620 1095 749 1159 eoelum
763 1093 982 1175 speculativas
996 1110 1065 1156 ease
1079 1093 1227 1167 uirtutes,

129 1193 351 1259 irmameutnm
367 1212 447 1258 aero
467 1197 590 1258 aetiaas
610 1203 642 1259 et
657 1212 770 1261 rernm
793 1195 1052 1259 conuenientium
1067 1196 1229 1273 operatri-

128 1312 180 1369 ses,
200 1312 255 1358 noa
275 1312 353 1357 sane
373 1295 533 1375 ejusmodi
554 1295 775 1362 definitionem
791 1304 907 1378 arguta
927 1295 1069 1374 quadem
1082 1295 1230 1372 aeitaqoe

128 1397 284 1459 acrimonia
301 1396 489 1460 adornatam
505 1414 574 1460 mse
589 1412 652 1457 non
668 1413 842 1477 nepamns3
858 1406 892 1459 at
906 1398 1051 1458 eamdem
1072 1412 1137 1457 noo
1153 1412 1229 1457 eon·

130 1497 205 1560 tinne
219 1514 329 1561 aeram
350 1516 420 1561 essa
441 1516 504 1561 non
518 1498 743 1563 consedemus.
766 1498 951 1564 Secundum
972 1498 1057 1559 enim
1080 1498 1161 1559 bane
1182 1498 1230 1559 in·

130 1599 313 1676 terpretandi
328 1598 505 1663 termulam
520 1617 586 1674 ros,
601 1600 729 1679 pruina,
742 1598 845 1679 tripos
860 1606 893 1663 et
907 1607 1027 1671 aestua,
1039 1597 1128 1678 quod
1143 1598 1229 1678 apud

128 1694 279 1759 benielem
300 1714 391 1775 possa
412 1708 488 1761 sunt
508 1699 741 1764 ouueelnbrnre
762 1699 889 1781 bymnis
910 1700 1140 1762 universorum
1161 1698 1230 1777 opi·

129 1795 220 1873 imm,
243 1807 364 1863 mentes
379 1799 539 1878 quaedam
560 1806 670 1875 erunt,
687 1800 840 1863 nimirum
862 1800 1029 1863 intellecto
1051 1798 1229 1879 praeditae,

130 1898 213 1963 simul
234 1908 266 1963 et
288 1900 464 1964 invisibiter
484 1897 774 1965 maturassemus
795 1918 882 1980 qnae
902 1901 970 1963 istis
992 1899 1186 1963 dictionibus
1207 1901 1231 1961 i·

131 2010 189 2063 nest
207 2000 404 2081 significandi
428 2002 512 2065 ratio
527 2000 719 2082 spiritaliter
738 2012 772 2065 et
786 2002 1038 2081 contemplative
1058 2002 1101 2063 ab
1120 2001 1169 2063 bis
1179 2018 1232 2064 ao·

129 2109 220 2179 cepta,
236 2119 319 2180 qnos
342 2102 485 2165 illustrat
503 2102 733 2181 intelligentiae
754 2102 889 2176 donum,
910 2103 950 2165 ad
973 2104 1035 2166 boe
1056 2104 1137 2165 mire
1157 2118 1234 2164 eoo·

130 2200 219 2277 ducit,
241 2202 369 2281 plenam
392 2210 429 2265 ιιι
453 2202 621 2283 Conditpai
651 2204 786 2267 nxnlast
806 2203 1083 2283 glorificationem.
1107 2201 1233 2264 Etenim

130 2318 180 2363 noo
199 2303 307 2365 solnm
323 2320 408 2382 aqua
423 2321 525 2384 super
538 2304 647 2369 soeloa
663 2306 817 2384 reponite,
830 2316 984 2385 tanquam
1006 2323 1092 2384 qnae
1111 2305 1235 2384 praeei-

131 2405 191 2481 pnis
213 2404 390 2469 bonoribus
412 2406 454 2469 ob
475 2407 704 2484 praestantiam
726 2408 757 2467 io
777 2425 813 2469 ae
833 2426 876 2469 ea
899 2406 1024 2471 uirtute
1046 2406 1234 2469 insidentem

130 2506 366 2581 eeodeeoretns,
391 2503 460 2568 Deo
480 2506 611 2569 landem
627 2507 784 2587 persolvit
794 2528 805 2587 ς
821 2506 877 2571 ssd
899 2509 1011 2571 etiem:
1025 2507 1238 2571 teutmarus·

129 2604 234 2683 inquit,
255 2616 440 2687 atquem
460 2615 547 2670 terre
568 2605 643 2669 eatis
663 2608 815 2671 &aream
834 2615 865 2670 st
883 2625 991 2670 amosa
1011 2606 1127 2687 abyssi.
1150 2605 1239 2683 Qua·

131 2720 158 2766 re
176 2715 208 2768 et
226 2706 375 2787 abyssus,
398 2722 496 2786 quaro
511 2709 543 2771 in
565 2707 709 2787 peiorem
732 2718 857 2788 partem
878 2709 914 2781 ii,
931 2708 988 2786 qui
1010 2708 1178 2787 allegoriis
1199 2724 1237 2771 n·

131 2810 245 2883 tentor,
262 2807 460 2888 rejecerunt,
476 2826 515 2870 oe
530 2810 596 2887 ipsa
612 2808 743 2888 quidem
759 2809 962 2889 Psalmerum
983 2811 1108 2873 oaotori
1126 2826 1234 2888 asper·

130 2906 232 2970 nabilis
253 2908 318 2971 aisa
340 2918 388 2972 est
408 2916 441 2971 et
463 2908 656 2989 rejeotanea,
672 2926 746 2971 eum
769 2909 799 2969 in
821 2925 1028 2973 communem
1050 2908 1171 2970 adscita
1187 2915 1238 2969 est

132 3006 258 3072 eborum
274 3020 522 3073 ereaturarum:
547 3011 645 3072 imme
660 3010 756 3072 etiam
780 3009 835 3069 illa
861 3026 921 3088 pro
936 3010 1036 3072 indito
1055 3008 1115 3071 sibi
1136 3007 1235 3069 medo

130 3113 273 3174 mmioru
288 3112 484 3193 hymnorum
499 3120 628 3173 cautum
642 3111 787 3189 impertit
801 3109 1008 3173 conditori.»
1020 3106 1109 3171 llaec
1123 3109 1236 3171 eadem

131 3208 262 3275 citantur
283 3212 314 3274 iu
337 3211 484 3292 Epistola
511 3210 685 3276 Iustiniani
706 3211 746 3274 sd
769 3209 942 3286 Manum,
974 3211 1014 3272 de
1035 3211 1156 3289 quibus
1174 3229 1238 3275 suo

131 3309 194 3374 tooo
214 3314 447 3393 disputabitur.

199 3414 249 3477 be
263 3415 392 3477 interim
408 3416 494 3477 cirea
510 3415 591 3477 bano
603 3434 628 3476 s.
644 3412 753 3477 basilii
770 3414 961 3477 sententiam
977 3415 1138 3476 reaeeatis
1153 3431 1239 3492 qnae

131 3514 274 3589 superios
288 3532 328 3576 se
349 3512 514 3578 multoties
528 3515 612 3577 diota
633 3522 709 3577 suut
723 3514 763 3577 de
777 3512 928 3593 Origeuis
943 3512 1094 3575 methodo
1116 3512 1147 3573 in
1161 3529 1239 3575 enu-

132 3611 264 3675 cleandis
280 3616 377 3677 variis
392 3612 573 3677 bibliorum
589 3614 748 3689 sensibus,
765 3623 798 3677 et
819 3614 1037 3687 considerate,
1055 3630 1118 3675 cnr
1138 3630 1239 3691 quan·

131 3709 229 3791 deque
252 3714 429 3777 litteralem
456 3730 585 3777 sensum
608 3722 641 3775 et
661 3713 837 3792 aliqnando
857 3714 1069 3793 anagogicum
1097 3719 1239 3773 sectatus

131 3812 177 3888 sit,
198 3824 298 3895 prout
318 3816 580 3879 circumstantiae
602 3816 803 3894 postularent
836 3816 892 3892 (in
912 3832 977 3894 qus
1000 3832 1036 3876 re
1057 3813 1238 3877 nullimode

131 3917 347 3995 surripiendus
362 3914 431 3992 est)
448 3916 606 3979 neminem
629 3915 744 3990 lateat,
766 3917 871 3993 ipsum
885 3913 1061 3995 Oripeuem
1078 3912 1240 3977 Geneseos

134 4014 221 4077 rerba
242 4016 301 4094 fiet
312 4015 557 4094 fimememum,
581 4015 844 4095 interpretatum,
859 4015 892 4077 in
912 4032 998 4094 quae
1018 4032 1094 4077 sane
1109 4013 1241 4092 respioit

133 4129 154 4171 a.
174 4102 324 4203 basilios,
341 4115 449 4193 potius
470 4116 511 4177 ibi
526 4116 703 4195 spiritalem
718 4132 848 4179 sensnm
869 4115 1052 4195 disquirere
1072 4131 1170 4193 quam
1187 4113 1239 4174 lit·

135 4216 270 4279 trralem.
287 4215 408 4280 Goneio
428 4218 512 4279 euim
528 4214 673 4279 bdelium
694 4218 817 4279 animos
836 4214 1000 4278 imbuendi
1022 4232 1060 4276 ee
1088 4215 1238 4294 pietatem

133 4312 159 4371 in
180 4316 216 4377 iis
236 4315 407 4379 excolendi
428 4333 547 4390 musa,
571 4316 670 4395 magis
691 4316 778 4381 buno
799 4314 935 4381 intendit
953 4330 1109 4392 scopere,
1139 4327 1238 4389 qnam

134 4412 481 4503 adversosinorednles
503 4433 561 4494 per
575 4416 717 4478 litteram
742 4416 864 4490 venire,
881 4414 982 4477 veluti
998 4410 1160 4475 llomiliae
1181 4426 1237 4471 no·

135 4528 197 4576 men
218 4518 307 4595 petit.
330 4513 373 4579 Et
395 4516 580 4597 bnjusmudi
601 4525 780 4595 perpatens
801 4516 832 4579 in
854 4515 998 4579 eeclesiis
1019 4532 1088 4578 mes
1108 4519 1182 4575 ante
1204 4517 1237 4572 et
