3375 5567
451 766 511 829 hus
545 766 709 849 habitent,
746 778 778 832 ct
807 770 893 851 apud
930 772 987 835 iras
1022 774 1072 837 vel
1105 774 1177 838 illas
1206 776 1347 857 patrias,
1370 784 1427 845 ant
1450 788 1543 859 gentes

450 870 532 947 sint,
554 868 636 933 adeo
658 879 694 934 ut
715 872 813 953 possit
828 872 1025 954 quandoque
1046 876 1205 941 israelites
1220 878 1251 940 in
1272 880 1400 962 scythas
1421 882 1544 944 incidere

449 980 483 1033 et
503 973 671 1057 aegyptius
692 974 723 1035 in
744 972 904 1038 iudaeam
927 976 1131 1040 descendere.
1161 974 1391 1045 Verumtamen
1410 982 1545 1046 Salvator

452 1076 538 1137 veuit
558 1076 788 1155 congregatum
804 1096 896 1155 ovea,
913 1095 999 1159 quae
1016 1080 1191 1160 perierant,
1208 1080 1324 1146 domus
1340 1081 1450 1146 lsrael.
1462 1083 1545 1147 Com·

451 1194 516 1257 que
538 1176 631 1239 multi
653 1196 695 1241 cx
718 1176 818 1241 lsrael
846 1178 1024 1244 doctrinam
1047 1181 1117 1263 ejus
1138 1198 1200 1245 non
1223 1186 1417 1266 receperint,
1439 1188 1490 1267 qui
1512 1203 1546 1247 ev

452 1278 597 1359 gentibus
618 1288 722 1355 erant,
747 1290 917 1345 vocantur.
941 1302 958 1339 s
982 1279 1103 1345 Deinde
1124 1286 1294 1365 sequitur:
1318 1284 1442 1353 «llaec
1462 1290 1490 1350 in
1508 1288 1547 1349 tn-

447 1380 556 1443 sloriis
576 1379 767 1445 delitescere
787 1382 879 1446 uoltis
902 1381 1052 1447 videntur
1074 1391 1136 1449 clc.
1159 1406 1176 1444 s

825 1587 948 1673 Rnffint'
969 1587 1191 1671 lossrprststio

531 1792 727 1857 «Fortassis
748 1793 830 1856 euim
853 1796 937 1859 sicut
960 1796 1005 1872 hi,
1022 1795 1077 1877 qui
1100 1796 1139 1857 dc
1162 1795 1222 1859 ltoc
1245 1796 1368 1861 mundo
1386 1797 1549 1861 secundnm

449 1914 654 1959 communem
670 1904 806 1958 mortem
823 1896 914 1958 istam
937 1898 1125 1961 recedentes
1139 1915 1197 1978 pro
1219 1898 1346 1961 actibus
1362 1901 1429 1961 suis
1450 1909 1480 1961 ct
1496 1918 1548 1961 me·

453 1998 521 2059 ritis
543 1998 793 2077 dispensantur,
814 2007 913 2079 prout
934 1999 1018 2079 digni
1042 1999 1161 2064 luerint
1179 2000 1332 2081 judicati,
1358 2000 1413 2063 aiii
1436 2000 1549 2081 quidem

450 2099 626 2175 inlocum,
656 2102 712 2179 qui
735 2099 857 2161 dicitnr
887 2099 1043 2176 inlcrnna,
1066 2100 1120 2163 alii
1153 2102 1182 2161 in
1204 2102 1309 2164 sinum
1342 2100 1503 2176 Abrahae,
1526 2110 1552 2163 vt

450 2217 511 2278 pcr
525 2200 651 2261 diversa
667 2217 817 2279 quaeque
841 2200 893 2263 vel
908 2200 978 2263 loca
997 2201 1047 2262 vel
1064 2202 1254 2264 mansiones:
1272 2202 1313 2263 ita
1329 2206 1429 2267 etiam
1444 2223 1482 2266 er
1497 2202 1549 2264 illis

447 2298 532 2361 locis
555 2300 644 2364 velut
661 2300 742 2374 illic,
762 2300 788 2361 si
804 2299 865 2363 dici
889 2309 1005 2381 potest,
1022 2302 1209 2378 morientes,
1232 2305 1414 2384 asnpcrnis
1435 2304 1465 2365 in
1479 2305 1550 2367 hunc

451 2401 613 2465 infernum
634 2401 843 2465 descendunt.
866 2400 948 2465 Nam
971 2403 1027 2467 itte
1048 2403 1208 2479 inlcrnns,
1222 2404 1260 2467 ad
1283 2424 1383 2486 quem
1406 2407 1476 2469 hinc
1496 2424 1551 2468 mo·

452 2505 603 2568 ricnlium
625 2504 750 2566 animae
771 2503 951 2582 ducuntur,
973 2505 1084 2582 credo,
1107 2506 1149 2568 ob
1164 2506 1244 2570 hanc
1266 2507 1499 2571 distinctionem
1514 2510 1549 2569 in·

453 2606 564 2670 lernns
586 2605 751 2668 inleriora
774 2604 944 2685 Scriptura
958 2607 1155 2683 nominatur,
1178 2608 1273 2670 sicuti
1288 2607 1413 2671 dicitnr
1434 2610 1464 2670 in
1477 2606 1550 2671 Psal-

450 2710 522 2773 mis:
544 2708 623 2789 qnia
644 2704 787 2771 liberasti
805 2705 949 2770 animum
963 2724 1062 2771 meam
1082 2724 1121 2769 ex
1137 2706 1264 2787 inferno
1282 2706 1447 2788 inferiori.
1462 2706 1550 2773 Unne

451 2810 589 2893 quisque
609 2827 689 2890 crgo
708 2808 970 2873 descendentium
993 2811 1023 2871 ln
1047 2816 1167 2874 terram
1190 2811 1403 2892 promeritis,
1428 2813 1476 2876 vcl
1489 2812 1550 2873 loco

450 2931 528 2988 sno,
548 2930 646 2994 quem
675 2910 717 2973 ibi
739 2910 910 2985 habuerat,
937 2909 1141 2992 dispensatur
1162 2913 1194 2974 io
1214 2911 1277 2975 hoc
1295 2913 1438 2977 *mundo
1465 2917 1494 2977 in
1512 2912 1549 2971 di-

456 3015 556 3078 versis
579 3012 629 3074 vel
651 3011 744 3087 locis,
768 3010 1001 3091 vulgantibus,
1026 3012 1076 3075 vel
1098 3010 1418 3089 conversationibus,
1440 3014 1488 3077 vel
1516 3014 1552 3073 in·

418 3186 424 3196 ,
451 3114 658 3178 firmitatibus
680 3113 778 3186 nasci,
803 3112 854 3176 vel
876 3130 894 3175 a
917 3112 1090 3193 religiosis,
1111 3123 1168 3176 aut
1188 3120 1276 3177 certe
1298 3117 1408 3178 minus
1429 3115 1486 3196 piis
1508 3128 1553 3194 pa·

452 3216 598 3279 rentibus
628 3214 794 3295 generati,
816 3214 860 3277 ita
883 3223 920 3277 ut
948 3213 1123 3295 aliqnando
1144 3215 1307 3295 contingat
1334 3215 1510 3279 israelitam
1528 3214 1553 3274 iu

450 3318 580 3402 scythas
601 3316 817 3390 descendere,
840 3325 873 3378 et
893 3315 1077 3398 aegyptium
1100 3334 1277 3398 pauperem
1310 3317 1430 3385 dcdnci
1451 3319 1481 3379 io
1505 3314 1555 3379 lu·

451 3419 575 3482 ducam.
598 3416 831 3480 Verumtamen
852 3413 1004 3479 Salvator
1024 3426 1135 3479 noster
1155 3434 1355 3496 congregare
1379 3419 1553 3483 veuitores.

324 3552 334 3561 ·
453 3536 537 3600 qnae
562 3519 738 3600 perierant,
762 3517 878 3580 domus
894 3516 1004 3581 lsrael.
1030 3516 1069 3580 lit
1091 3534 1166 3580 cum
1193 3516 1328 3597 plorimi
1349 3538 1394 3583 cx
1419 3516 1556 3583 israelitis

454 3638 518 3683 non
539 3621 775 3700 acquievissent
796 3619 963 3682 doctrinae
984 3620 1070 3701 ejus,
1091 3620 1122 3682 hi
1145 3622 1200 3701 qui
1221 3638 1262 3684 ex
1284 3620 1436 3701 gentibus
1462 3625 1555 3689 crant,

454 3722 558 3785 vocali
579 3728 666 3784 suot.
697 3719 788 3785 Unde
809 3738 1007 3800 consequens
1037 3721 1213 3794 videbitur,
1242 3722 1338 3785 eliam
1365 3719 1556 3802 prophetias,

453 3840 540 3903 quae
559 3822 692 3903 siugulis
714 3822 861 3903 gentibus
882 3822 1120 3904 proferuntur,
1144 3821 1291 3886 revocari
1313 3823 1418 3903 magis
1439 3821 1477 3883 ad
1498 3818 1556 3881 aui·

453 3942 521 3987 mas
542 3924 661 3988 debere
672 3968 684 4000 ,
704 3933 738 3987 ct
758 3924 902 3988 diversas
924 3943 1038 3989 earnm
1061 3926 1239 3988 mansiones
1260 3924 1430 3988 coelestes.
1454 3920 1559 3987 Sedet

453 4026 605 4089 historias
627 4042 738 4088 rerum
768 4032 953 4105 gestarum,
976 4044 1060 4107 quae
1081 4026 1236 4090 dicuntur
1259 4024 1309 4087 vel
1331 4026 1418 4104 genti
1442 4020 1555 4093 lsrael,

455 4126 507 4189 uel
531 4125 752 4201 Hierusalem,
777 4126 828 4188 sel
842 4124 997 4201 ludaeos,
1008 4127 1175 4196 accidisse,
1192 4127 1255 4189 illis
1272 4124 1322 4188 vel
1340 4126 1405 4187 illis
1421 4122 1555 4205 gentibus

454 4227 728 4306 impugnantibus,
755 4226 1027 4305 perscrutandum
1049 4233 1109 4301 est,
1131 4236 1164 4289 et
1194 4226 1462 4307 perquirendum,
1484 4239 1555 4303 quo·

452 4329 537 4390 niara
559 4328 591 4389 io
612 4327 862 4408 quamplurimis
883 4328 1100 4408 corporaliter
1121 4336 1207 4407 gesta
1224 4346 1286 4391 non
1308 4334 1467 4401 constant,
1482 4340 1552 4405 quo

453 4428 550 4492 modo
571 4430 672 4509 magis
693 4434 752 4494 ista
767 4428 1001 4493 conveniebant
1021 4430 1086 4491 illis
1102 4430 1249 4511 gentibus
1271 4431 1464 4501 animarum,
1480 4442 1554 4506 quae

456 4534 488 4593 io
503 4531 594 4597 coelo
615 4533 690 4605 isto,
706 4532 792 4613 quod
817 4532 953 4596 transire
971 4532 1103 4608 dicitur,
1128 4532 1281 4607 habitant,
1301 4533 1351 4595 vcl
1366 4530 1460 4593 ctiam
1476 4544 1549 4591 nunc
