3375 5567
168 817 304 897 explieat:
329 813 410 879 Deus
424 825 454 878 ct
476 814 574 880 Pater
592 815 627 880 in
651 814 759 879 omnia
770 824 926 897 penetrat,
948 824 978 877 et
997 815 1103 880 omnia
1123 815 1263 880 continet

167 916 287 979 seinata
304 926 334 978 et
353 914 547 993 inanimata,
568 917 744 982 rationalia
762 926 793 979 st
811 914 1018 981 irrationalia
1022 938 1038 992 ;
1060 916 1141 981 Filii
1159 926 1263 980 autem

163 1027 273 1099 potcstov
290 1020 334 1082 ad
353 1020 423 1083 sola
442 1018 618 1083 rationalia
638 1039 670 1082 re
690 1040 721 1083 se
734 1018 893 1094 extendi&
913 1020 948 1083 in
969 1019 1083 1102 quihus
1101 1017 1266 1084 continen-

164 1132 207 1183 ter
222 1120 428 1185 eathmnmeni
444 1131 475 1187 st
494 1120 625 1197 ethnici,
645 1120 704 1204 pai
726 1123 869 1186 nondam
889 1120 1100 1185 crediderant.
1125 1119 1263 1203 Spiritus

164 1242 223 1284 acro
240 1221 376 1287 Sanctm
394 1224 488 1287 iniis
507 1224 585 1287 eolis
607 1235 665 1301 cst,
688 1223 745 1305 pai
759 1224 811 1288 sai
828 1222 1000 1305 participes
1019 1222 1117 1305 effecti
1138 1230 1214 1287 svnt
1227 1223 1262 1286 in

163 1322 337 1403 minuatis
358 1324 536 1390 collatione.
562 1323 640 1389 Cam
660 1324 762 1407 ipitar
781 1324 994 1389 cathecumeni
1013 1336 1042 1387 et
1060 1322 1178 1388 ethnici
1192 1342 1264 1405 pec·

163 1434 237 1500 cant,
255 1426 289 1489 in
312 1423 436 1489 Filiam
453 1436 605 1506 peccant,·
626 1427 778 1511 qnoniam
798 1425 830 1489 is
850 1438 895 1490 cat
915 1423 951 1488 in
972 1425 1062 1501 illis,
1085 1435 1120 1490 at
1142 1427 1263 1489 dietum

163 1535 214 1599 sst;
223 1536 355 1606 poseant
375 1536 477 1591 tamen
497 1527 621 1592 uniam
639 1527 869 1610 consequenti
889 1528 1068 1608 occeperint
1087 1530 1205 1590 donam
1218 1545 1267 1590 re·

161 1627 371 1707 manationis.
396 1627 474 1693 Cam
493 1640 598 1693 satem
618 1628 773 1712 haptirati
789 1638 942 1710 peccam,
964 1630 1046 1694 hanc
1065 1628 1267 1713 iniquitatem

162 1729 192 1791 in
210 1727 365 1811 Spiritum
384 1728 536 1795 Sanctam
554 1751 716 1796 recurrere
736 1730 803 1807 ait,·
824 1732 902 1813 posia
923 1744 988 1795 tam
1004 1734 1146 1813 peccavit
1166 1732 1268 1805 homm

163 1848 223 1893 cass
241 1830 277 1893 in
296 1829 356 1893 illo
375 1839 450 1895 esset
471 1829 625 1914 Spiritus.
650 1832 782 1916 ideaque
800 1832 930 1911 remitti,
954 1850 1017 1894 non
1037 1850 1127 1912 porse
1147 1832 1268 1913 suppli·

162 1931 233 1995 nen
251 1930 317 2012 ipsi
335 1932 482 1997 deditam.
506 1954 523 1993 n

226 2030 407 2098 Novissime
427 2034 610 2099 invincibile
633 2034 852 2098 testimonium
874 2034 913 2097 de
940 2034 1124 2113 integritate
1146 2033 1266 2097 versin-

161 2134 200 2195 nis
218 2132 407 2199 rufinianae
428 2137 460 2198 iu
481 2135 562 2213 hae,
583 2152 683 2216 quam
704 2133 915 2214 disquirimus
936 2134 1146 2215 pericopam,
1166 2133 1261 2197 sicuti

162 2232 194 2296 ie
214 2236 398 2299 sinceritate
423 2242 532 2299 textos
561 2237 691 2316 graeci,
720 2252 819 2315 quem
843 2234 923 2314 legit
951 2232 1096 2298 Ruiiious
1118 2237 1205 2313 ipso,
1228 2250 1266 2295 an

160 2336 244 2400 inni
264 2336 305 2400 ad
328 2337 587 2419 redarguendam
617 2337 819 2402 iaisatiooeto
842 2343 951 2401 textus
976 2337 1103 2417 praed,
1125 2353 1192 2415 quo
1213 2332 1262 2398 osi

160 2443 224 2499 suoi
241 2434 463 2520 Hieronymus
483 2446 515 2501 et
536 2436 665 2503 ductor
694 2436 859 2519 Epistulae
879 2436 918 2498 ad
942 2434 1104 2511 hieunam,
1126 2435 1266 2517 splendi-

162 2534 276 2602 dissime
298 2538 489 2619 ohsipostur
518 2539 550 2601 io
571 2536 730 2619 Apologia
751 2556 777 2599 s.
803 2537 973 2618 Pamphili.
997 2534 1061 2613 Qui
1084 2556 1125 2600 ex
1147 2534 1265 2600 codici·

162 2636 211 2702 ius
221 2640 278 2701 uisi
291 2639 373 2703 velis
386 2640 620 2720 autographus,
632 2626 747 2703 saitem
763 2638 979 2720 apographus,
994 2636 1155 2717 Origene,
1165 2636 1265 2717 ipsios

166 2736 248 2803 idem
268 2740 311 2804 de
331 2738 490 2805 Triniiate
510 2742 669 2804 sinceram
684 2749 878 2822 propugnat.
905 2738 945 2804 iit
968 2748 1055 2803 recte
1070 2739 1200 2819 quidem
1222 2739 1268 2801 di·

164 2858 212 2903 vos
231 2839 416 2924 Martyria
436 2841 603 2922 praelatae
624 2840 803 2922 Apologiae
824 2841 929 2921 eapite
957 2837 1011 2905 tv.
1035 2841 1146 2905 eadem
1171 2840 1268 2902 verba

163 2942 348 3025 mdemqoe
367 2962 480 3009 seuam
500 2946 580 3008 citat
600 2963 641 3009 ex
665 2946 769 3026 primo
784 2941 828 3007 ne
845 2942 1023 3025 Principiis
1041 2940 1151 3016 Libro,
1172 2942 1267 3005 sicuti

164 3039 302 3109 Rudinus
315 3046 432 3110 deinde
442 3046 475 3107 io
492 3048 639 3110 versione
656 3048 754 3111 totius
768 3045 887 3128 Operis
903 3044 1084 3126 descripsit.
1104 3042 1143 3108 Et
1158 3059 1270 3122 quom·

164 3144 202 3207 tis
220 3146 393 3228 exemplar
412 3144 594 3227 Apologiae
614 3162 767 3227 graecum
781 3153 814 3209 et
827 3162 928 3225 saper
950 3150 1042 3208 texto
1064 3160 1182 3223 graeco
1203 3141 1270 3204 eia·

163 3240 303 3311 horatum
324 3245 423 3309 modo
443 3246 547 3326 desit3
570 3253 676 3311 tameo
695 3247 843 3311 satisest
865 3247 973 3309 versio
992 3250 1146 3308 accurata
1169 3238 1271 3306 itum·

164 3344 207 3419 oi,
226 3363 313 3427 quae
335 3364 470 3428 prorsus
501 3366 619 3429 praesu
641 3346 822 3428 respondet.
853 3342 926 3410 Nou
948 3345 1031 3409 euim
1065 3342 1217 3407 haldana
1237 3343 1270 3405 io

164 3443 249 3509 iatius
280 3445 461 3529 Apologiae
482 3448 691 3513 translatione
722 3448 800 3528 qnid
823 3450 962 3511 mutavit
993 3464 1051 3511 seu
1072 3444 1266 3519 emendavit,

166 3547 255 3611 relati
276 3548 477 3630 quaudoque
496 3551 562 3630 epit
582 3552 614 3614 in
637 3550 783 3613 versione
804 3546 979 3613 Librorum
1013 3545 1056 3611 De
1078 3542 1272 3627 Principiis,¹

164 3649 210 3710 sed
229 3651 273 3715 ihi
289 3652 321 3713 in
335 3648 494 3732 Apologia
515 3652 623 3715 omnia
640 3651 874 3731 interpretatos
896 3656 945 3714 ast
965 3656 1065 3730 prout
1086 3649 1117 3711 io
1132 3647 1271 3728 osipus·

164 3746 184 3809 li
199 3769 223 3814 s.
244 3751 406 3833 Pamphili
428 3752 632 3832 legebantur,
647 3752 689 3815 ah
709 3750 823 3815 eodem
844 3771 871 3813 s.
896 3748 1044 3835 Martyra
1059 3768 1101 3813 ex
1122 3748 1269 3829 penninis

166 3848 339 3917 iiamautii
359 3852 488 3934 seriptis
505 3859 672 3933 excerpta.
697 3852 840 3934 ideoque
861 3853 893 3916 io
909 3855 970 3916 hoe
991 3852 1195 3932 paragrapho
1218 3866 1272 3930 pe·

165 3951 240 4017 nitus
259 3955 424 4019 esaumeit
444 3954 585 4035 suspicio
605 3953 646 4017 de
668 3954 851 4034 integritate
873 3954 1029 4017 versionis
1057 3951 1270 4027 ruffinianae3

165 4056 349 4135 etamplius
368 4055 529 4120 solidatur
549 4054 761 4134 interpolatio
772 4054 892 4119 codicis
914 4054 1114 4135 graecique
1136 4054 1185 4116 nsi
1197 4057 1274 4117 suot

165 4146 375 4238 iliernoymns
389 4164 423 4220 et
437 4153 564 4221 hoctor
582 4153 748 4235 Epistulae
762 4155 802 4215 ad
824 4152 989 4229 Hennam,
1005 4154 1058 4218 eui
1081 4153 1170 4217 uuila
1193 4150 1272 4214 tides

167 4253 335 4321 adhihenda
365 4265 434 4321 ests
456 4275 600 4337 quorum
621 4258 722 4321 verba
745 4256 891 4320 habenda
919 4264 994 4321 sunt
1025 4257 1072 4319 nti
1099 4254 1203 4333 glossa
1233 4254 1274 4314 ah

170 4352 394 4438 interpretibus
407 4360 511 4421 maiae
525 4358 598 4421 iidei
619 4362 732 4423 contra
749 4342 900 4437 origenis
921 4364 1071 4431 mentem,
1085 4354 1208 4417 iurtive
1227 4353 1275 4414 in-

169 4462 249 4520 trusa
275 4460 308 4521 io
333 4459 481 4541 ejusdem
502 4458 621 4523 libros:
638 4458 912 4537 quemadmodum
933 4458 1084 4540 superius
1104 4456 1140 4528 de
1153 4461 1273 4516 metem-

167 4558 315 4638 meten,
339 4570 374 4625 et
400 4560 438 4623 dc
458 4561 596 4625 secanda
621 4557 740 4625 Christi
761 4555 977 4639 Redemptions
1001 4577 1062 4639 pra
1095 4551 1273 4621 coelestidus
