3375 5567
161 781 328 863 tmmoripsit
350 799 392 846 er
415 779 513 846 Libro
540 779 642 847 xvii.
665 801 695 845 u.
724 781 753 850 6.
777 783 808 848 tu
829 783 1039 865 parabolem:
1060 783 1150 846 rom
1168 795 1244 850 mr.

154 878 368 960 paterfamilias,
387 878 447 962 qui
461 881 624 962 plautavit
653 882 777 948 cineam
797 893 853 947 rte.
876 883 986 950 Sicubi
1006 884 1091 949 euim
1122 883 1238 964 Origo-

156 999 197 1042 aee
212 1000 248 1044 ex
265 982 371 1044 diriuo
391 1001 451 1046 ore
471 984 612 1048 dixerit:
635 985 764 1049 tolletur
782 1005 804 1049 o
823 985 910 1050 votis
930 1003 1076 1066 repetam,
1096 995 1126 1049 rt
1145 984 1235 1050 dodi·

155 1079 283 1164 torpenti
298 1081 434 1162 sociandi
461 1084 704 1164 fructuosum,
727 1085 822 1150 fldem
843 1088 988 1167 pontium
1010 1087 1054 1149 ibi
1075 1088 1235 1162 miratus,

155 1193 179 1248 et
197 1202 364 1269 apaapopae
385 1187 580 1266 repudium,
603 1205 645 1252 ex
674 1188 775 1252 reteri
805 1187 1074 1270 interpretatione
1100 1186 1234 1252 subdit:

518 1386 603 1452 Vetus
624 1388 847 1470 interpretatio

212 1589 281 1653 «dd
296 1608 397 1672 quam
411 1591 641 1672 (prophetiam)
656 1591 759 1658 multa
780 1591 854 1671 quia
866 1591 1020 1673 spiritalia
1030 1592 1237 1667 constitutae,

153 1695 177 1750 et
186 1688 218 1752 ad
228 1690 425 1754 direutieuda
441 1693 546 1756 omnia
558 1699 704 1774 paratus,
718 1693 838 1773 poterit
851 1691 972 1770 dicere,
983 1693 1114 1774 palaeae
1124 1693 1239 1757 obcoe-

156 1791 256 1854 ritatem
277 1793 363 1873 ejus,
381 1791 463 1856 ideet
476 1795 594 1859 ostium
609 1794 773 1868 oleorum,
789 1803 822 1858 et
843 1810 1005 1874 quaereus
1024 1795 1175 1859 inveniet.
1198 1791 1241 1857 Et

153 1909 194 1954 aoa
217 1894 393 1958 immodum
417 1893 674 1958 mediocritatem
699 1901 841 1958 uoetram
869 1894 944 1956 talia
973 1896 1179 1974 auspicamur
1206 1896 1239 1958 iu

152 1989 217 2066 loeo,
236 1995 392 2073 quoniam
407 1995 637 2075 paterfamiliae
653 1995 750 2058 homo
765 1991 852 2060 Deua
872 2001 933 2069 est,
946 1993 986 2057 de
999 2012 1068 2074 quo
1080 1997 1238 2075 scriptum

151 2100 194 2154 ut:
208 2092 413 2172 uoriperatoa
425 2103 471 2158 eet
492 2093 646 2162 Dominus
662 2093 744 2158 uem
763 2104 851 2171 tuoe,
865 2095 1123 2176 quemadmodum
1143 2095 1173 2159 ri
1186 2097 1240 2158 do·

151 2209 187 2252 ao
210 2193 453 2274 proriperet-etur
477 2195 582 2276 fitium
610 2214 715 2260 auom.
737 2195 790 2262 Sic
817 2197 902 2260 euim
923 2196 1071 2275 eoquod
1101 2198 1240 2279 morige-

151 2302 222 2358 ratur
240 2299 403 2371 dominer,
423 2306 463 2361 at
482 2297 649 2362 homiuum
664 2296 832 2377 prodideet
854 2315 973 2372 morea,
995 2301 1027 2362 iu
1046 2299 1240 2380 quibusdam

150 2399 286 2474 parabolis
296 2399 423 2464 dieitur
433 2401 545 2474 homo,
560 2397 834 2479 quemadmodum
854 2398 881 2460 ai
896 2406 989 2479 pater
1007 2418 1084 2464 eum
1099 2400 1241 2480 parvulo

151 2495 200 2560 tilio
216 2518 273 2564 rao
293 2499 458 2580 loquatur
479 2498 630 2575 iotautia,
653 2508 689 2562 ot
710 2496 883 2562 descendat
902 2498 942 2560 ed
967 2501 1066 2564 rerba
1087 2501 1145 2564 diii
1164 2503 1241 2577 eui,

150 2607 173 2660 et
188 2602 401 2682 morigeretur
421 2617 508 2663 eum.
531 2599 708 2680 Propterea
730 2607 822 2681 putu,
843 2618 955 2664 omues
971 2601 1130 2681 iustitiae,
1149 2621 1241 2684 quea

149 2699 257 2762 tradidit
276 2701 368 2766 Deus
389 2701 596 2778 hominium,
625 2700 718 2781 quusi
739 2699 882 2781 pueriles
898 2711 1000 2778 saut,
1022 2711 1181 2790 quautam
1200 2704 1240 2767 ad

149 2802 276 2882 propriae
291 2802 441 2886 justitiae
463 2800 533 2866 Dei.
557 2819 574 2858 a

570 3002 680 3072 Heorta·
708 3002 809 3068 Verrio

209 3230 224 3268 a
245 3208 313 3276 Nor
324 3215 440 3274 autem
453 3223 512 3288 pro
524 3206 660 3273 modulo
675 3214 786 3270 nostro
802 3205 878 3270 tatia
890 3205 922 3267 iu
938 3206 1024 3274 huuc
1035 3207 1146 3272 iocum
1158 3227 1242 3273 meu·

149 3312 390 3393 teeaucipimue3
405 3309 566 3372 homiuem
581 3308 733 3372 nimirum
750 3305 1150 3387 patremfamiliaa,'0eum
1158 3326 1242 3386 eece,

147 3405 176 3468 de
192 3428 252 3491 quo
272 3412 436 3490 seriptum
457 3415 517 3470 est:
536 3405 678 3486 portavit
697 3416 726 3470 te
741 3405 896 3470 Dominum
911 3406 1099 3484 stratum,
1119 3411 1245 3474 msam
1385 3449 1389 3457 ·
1485 3479 1489 3486 ,

147 3504 217 3570 tomo
233 3521 358 3590 pretore
385 3506 490 3590 fitium
508 3527 613 3570 ouum.
644 3507 671 3571 ie
692 3508 776 3572 euim
802 3507 834 3570 io
856 3508 1050 3588 quibusdam
1077 3512 1241 3590 parobolis

148 3605 219 3670 tomo
238 3612 430 3694 appellatur
442 3631 455 3689 3
476 3617 647 3691 propterea
669 3609 856 3690 quoddam
885 3610 1029 3673 homiues
1046 3612 1162 3692 jurat,
1186 3612 1243 3676 ho·

149 3709 251 3772 uiuum
267 3731 378 3775 mores
391 3711 424 3773 iu
436 3711 601 3774 homiuum
612 3711 785 3774 utilitatem
798 3727 836 3773 ac
847 3711 1053 3774 commodum
1068 3715 1242 3776 sustinet.»

210 3812 313 3878 Modo
335 3811 457 3891 inspice
482 3812 554 3892 quia
575 3812 693 3875 horum
717 3810 830 3876 tulerit
851 3819 1009 3891 puuctum
1037 3812 1070 3874 iu
1090 3813 1245 3891 explana·

149 3910 216 3975 tiam
236 3915 352 3977 meotis
373 3911 536 3992 Oripeuie3
557 3909 785 3989 Transcriptor
806 3927 941 3990 graecus
962 3928 1003 3972 au
1026 3919 1119 3975 retus
1141 3913 1244 3976 tuter·

149 4011 365 4090 precioaieie
389 4029 466 4076 saue
491 4012 639 4091 percipit,
660 4009 852 4084 Auctorem,
875 4012 1032 4074 rotiouem
1056 4011 1243 4074 reddentem

151 4127 195 4174 aar
213 4113 447 4194 paterfamilias
463 4113 573 4186 homo,
591 4109 677 4176 Deus
700 4112 760 4186 sit,
785 4119 817 4174 et
839 4112 921 4174 haue
943 4112 1004 4174 sibi
1031 4114 1244 4192 nuncupatio

150 4226 203 4275 ram
227 4215 426 4292 adsciverit,
450 4214 702 4278 teatimooiouti
717 4211 979 4276 ·Deuterouomii
1010 4231 1039 4275 c.
1063 4210 1087 4272 Ι.
1113 4209 1242 4288 Quibus

150 4309 273 4379 iuiateur
297 4316 421 4389 verbio,
443 4317 608 4395 proposito
634 4313 814 4393 applicatis,
835 4312 963 4384 statuit,
985 4329 1048 4374 uou
1074 4311 1182 4374 cotum
1211 4313 1243 4373 iu

150 4411 325 4486 triburam
346 4415 509 4497 parabolis
536 4415 698 4480 homiuem
719 4414 781 4477 dici
805 4411 909 4476 Deum
922 4419 940 4488 ,'
959 4431 1071 4476 reram
1093 4414 1190 4477 etiam
1208 4421 1245 4475 et

151 4512 269 4594 mpetu·
290 4517 355 4582 diet
377 4523 503 4595 patrem
524 4515 626 4580 relato
646 4513 685 4578 ad
708 4513 791 4578 titios
812 4515 982 4594 parvulos,
1002 4514 1122 4593 quibus
1142 4511 1245 4575 iotan-
