3375 5567
413 616 455 746 e

415 800 469 847 ras
498 791 590 847 antea
613 784 733 864 rotatis)
756 784 810 848 red
832 780 884 866 τὶς
896 780 1046 883 tepenter)
1064 781 1264 867 κατάστασις
1284 782 1439 865 pacificus
1464 784 1541 864 qni-

415 885 488 948 dam
503 895 605 950 status
620 889 717 949 vitam
733 895 876 951 nostram
899 892 1053 969 excipiet,
1075 888 1245 967 prudentia
1267 886 1373 951 carnis
1390 902 1453 950 non
1468 903 1539 950 rm·

413 986 498 1067 plius
519 989 738 1052 seductionem
760 991 923 1053 excitante
944 999 1056 1055 contra
1082 991 1221 1053 animam
1231 1010 1243 1069 3
1265 1008 1325 1054 nec
1346 990 1435 1053 balio
1451 990 1538 1052 inte·

412 1088 496 1151 stino
516 1106 576 1169 per
596 1087 803 1153 effectionum
825 1100 946 1168 motus,
960 1090 1023 1170 legi
1040 1093 1156 1155 mentis
1177 1090 1387 1170 repugnanti,
1419 1106 1459 1153 rc
1482 1107 1538 1152 ve·

412 1190 473 1252 luti
497 1192 662 1272 captivum
685 1192 858 1271 quemdam
880 1200 1038 1273 peccato,
1064 1194 1181 1255 nietam
1202 1192 1342 1255 animam
1363 1199 1530 1270 congente.

414 1289 644 1356 Verumtamen
664 1294 705 1356 ab
725 1294 874 1357 omnibus
891 1292 1051 1374 eiusmodi
1074 1296 1195 1358 toneia
1218 1294 1458 1357 resurrectione
1478 1310 1536 1354 na·

413 1404 486 1457 tura
507 1396 695 1476 expiabitur
703 1414 716 1474 3
748 1402 848 1475 atque
870 1413 954 1458 unus
974 1396 1038 1457 erit
1057 1394 1230 1458 amborum
1251 1395 1442 1476 prudentiae
1461 1411 1536 1455 sen·

411 1514 480 1572 sus,
502 1498 608 1559 carnis
629 1498 760 1578 inquam
783 1507 816 1559 et
835 1498 981 1577 spiritns,
1004 1498 1091 1560 omni
1105 1497 1270 1577 corporrii
1291 1496 1461 1559 affectione
1476 1514 1534 1577 pc·

412 1598 497 1660 nitus
518 1597 623 1659 deleta
646 1616 663 1660 a
687 1608 801 1664 natura
827 1600 971 1663 humane
990 1619 1018 1661 n.

495 1697 570 1760 ideo
591 1700 730 1775 enitatis,
754 1718 838 1779 quae
862 1700 918 1765 hic
937 1703 1051 1765 statuit
1071 1719 1146 1765 curo
1161 1701 1250 1777 aliis,
1272 1719 1358 1780 quoe
1376 1700 1452 1763 alibi
1473 1701 1536 1761 do·

411 1802 479 1865 cuit
500 1800 675 1886 Nyssenus,
699 1812 787 1881 patet
814 1802 961 1883 ejusdem
992 1816 1130 1866 mentem
1152 1822 1192 1866 eo
1215 1804 1323 1877 verti,
1359 1810 1532 1864 utcontra

409 1902 607 1976 incredulos,
626 1904 797 1976 dubiosae,
814 1906 1063 1967 resurrectionis
1080 1905 1175 1965 iidem
1193 1923 1255 1967 non
1273 1913 1396 1967 tentum
1411 1902 1535 1983 dirmet3

409 2004 464 2065 sed
486 2004 631 2085 eiusdem
653 2022 786 2084 quoque
810 2008 968 2069 rationem
998 2007 1163 2087 explicet,
1186 2026 1250 2087 oua
1274 2005 1384 2083 Deos,
1405 2008 1459 2069 cui
1481 2006 1531 2067 nii

412 2106 621 2185 impossibiie,
637 2106 678 2165 ab
694 2106 830 2169 hominis
852 2117 983 2181 natura,
1000 2108 1055 2168 iiia
1080 2110 1166 2169 soria
1182 2125 1221 2171 rc
1236 2108 1430 2173 multiformi
1456 2106 1548 2185 edos

410 2206 482 2268 edio
506 2207 677 2270 vitiositate
699 2208 835 2281 abolita,
859 2226 945 2287 qnae
960 2228 1000 2271 ex
1018 2218 1287 2289 protoparentum
1308 2210 1406 2291 culpa
1427 2210 1532 2271 ratio·

410 2308 515 2371 netem
551 2318 737 2371 creaturam
768 2310 956 2385 invaserat,
976 2312 1122 2374 eumdem
1157 2312 1265 2375 denuo
1296 2314 1329 2377 in
1358 2312 1531 2391 pristinam

414 2407 541 2503 α’γιιθδυ
566 2410 638 2474 boni
658 2411 873 2473 conditionem
890 2412 1053 2487 restituet,
1068 2412 1170 2492 ipsam
1186 2430 1245 2475 sua
1261 2412 1368 2474 divina
1390 2412 1534 2491 imagine

409 2518 658 2599 superinduens,
676 2527 711 2583 ut
733 2520 763 2583 in
785 2532 955 2584 aeternum
974 2523 1072 2583 ιιιιι.
1095 2518 1137 2583 Et
1153 2528 1190 2583 ut
1208 2520 1394 2583 summatim
1408 2519 1532 2593 dicam,

409 2638 435 2682 s.
454 2617 552 2683 Pater
570 2621 601 2682 in
616 2622 678 2685 hoc
693 2640 763 2685 sese
784 2625 915 2687 omnino
936 2624 1057 2703 gessit,
1093 2622 1282 2702 docuitque,
1316 2623 1418 2685 veluti
1443 2619 1537 2701 Apo·

407 2722 510 2784 stolus
532 2720 776 2786 Corinthiorum
799 2724 973 2789 nonnullos
995 2724 1195 2803 redarguens
1215 2726 1336 2810 quippe
1361 2722 1533 2786 doctrinae

409 2824 655 2887 resurrectionis
677 2826 838 2902 mentitos,
865 2826 1019 2889 divinitus
1038 2828 1187 2906 scripsit:
1203 2822 1385 2888 seminetur
1404 2824 1441 2887 in
1459 2842 1534 2887 cor·

409 2922 568 3003 rnptt'onc,
583 2924 738 3005 surgeriis
759 2924 1021 3008 incorruptione:
1046 2926 1224 2989 seminatur
1243 2944 1359 3007 corpnr
1376 2926 1539 3002 animate,

407 3034 514 3106 surget
532 3044 647 3106 corpur
668 3024 834 3107 spiritate
860 3027 1037 3091 seminatur
1064 3026 1099 3089 in
1120 3025 1337 3107 ignobilitate,
1369 3036 1476 3108 surget
1490 3026 1536 3090 in

406 3128 521 3208 gloria.
546 3126 641 3205 Quae
662 3131 760 3193 verba
781 3132 927 3193 imitatus
945 3126 1067 3193 Doctor
1087 3130 1238 3193 dixisset:
1254 3130 1433 3192 seminatur
1452 3148 1532 3192 cor-

411 3248 471 3309 pus
492 3231 523 3292 in
543 3238 629 3293 statu
646 3232 850 3307 turbulento,
865 3242 978 3311 surget
999 3233 1030 3294 in
1052 3232 1162 3311 quiete
1174 3251 1185 3309 ;
1205 3232 1387 3294 seminatur
1403 3232 1435 3292 in
1455 3249 1535 3311 pas·

407 3332 572 3407 sibiiitate,
595 3343 707 3414 surget
729 3335 760 3395 in
783 3335 1060 3415 impassibilitates
1085 3334 1265 3395 seminator
1285 3350 1405 3412 corpus
1426 3334 1458 3393 in
1480 3333 1532 3394 ei·

410 3435 548 3497 tiositate
560 3478 573 3509 ,
602 3446 714 3515 surget
736 3439 766 3497 iu
789 3437 996 3499 beatitudine.
1030 3432 1241 3515 Quapropter
1272 3434 1350 3496 mihi
1373 3434 1532 3497 videntur

408 3536 559 3599 Petreius
581 3542 759 3618 ceterique,
783 3539 969 3620 hujusmodi
991 3536 1142 3616 Gregorii
1168 3536 1389 3599 locutionibus
1410 3536 1531 3607 innisi,

407 3637 624 3717 eumdemque
656 3640 885 3717 redarguentes
914 3649 1078 3703 errantem
1110 3640 1151 3702 de
1181 3638 1399 3719 reproborum
1420 3634 1535 3699 sainte

410 3741 583 3819 aliquando
606 3742 644 3803 iis
666 3758 682 3801 a
707 3737 774 3801 Deo
795 3754 1055 3820 superventuras
1079 3742 1156 3803 mini
1181 3741 1350 3812 videntur,
1378 3742 1530 3816 iniquam,

411 3862 473 3905 non
496 3851 582 3906 reeta
606 3844 740 3905 sensisse
761 3842 800 3903 de
824 3844 900 3904 tanti
924 3840 1072 3905 Doctoris
1095 3850 1212 3916 mente,
1236 3858 1294 3901 nec
1315 3838 1534 3918 expendisse,

410 3962 515 4024 tneque
530 3962 632 4024 aequa
650 3944 741 4005 lance
758 3945 951 4024 ponderasse
964 3944 1051 4006 iiiios
1063 3944 1182 4022 scripta
1198 3962 1210 4021 3
1234 3958 1293 4003 nec
1307 3942 1414 4020 qualis
1427 3956 1535 4017 argu-

408 4048 503 4109 menti
525 4049 575 4109 sui
591 4056 703 4109 contra
720 4047 925 4108 aniversarios
945 4063 1064 4125 scopus
1086 4045 1187 4107 tuerit
1208 4047 1240 4104 in
1260 4043 1360 4104 citsto
1382 4041 1466 4102 libro
1482 4036 1535 4101 De

410 4146 526 4210 Animo
545 4157 573 4209 et
593 4145 853 4226 Resurrectionr5
879 4148 1033 4228 quodque
1066 4164 1143 4207 sane
1177 4146 1209 4207 in
1243 4144 1391 4207 omnibus
1427 4160 1536 4221 quae·

408 4250 564 4312 stionibns
597 4250 696 4313 vetuti
720 4252 921 4329 potissimum
944 4249 1128 4328 interpretis
1159 4246 1303 4311 studium
1325 4246 1531 4309 constituen-

409 4352 486 4414 dum
508 4359 565 4414 est.

795 4544 1186 4593 ——w-——n
