3375 5567
445 667 535 836 fidi
549 776 684 839 omseblt
699 775 831 841 sintne?
850 776 939 841 lstnd
957 776 1088 857 quidem
1104 776 1220 841 sedule
1233 778 1280 841 els
1297 774 1537 843 eninedeoeten

445 875 524 938 dnm
546 885 631 951 eret,
653 894 692 941 ne
713 878 943 941 illuderentur.

523 989 677 1073 Origenes
699 995 807 1075 iisqne
829 992 1000 1057 ordinetim
1021 995 1216 1075 apostolicos
1246 1010 1358 1061 senens
1377 1008 1539 1075 expensus

445 1094 605 1172 preeletes
622 1096 833 1159 discussiones
847 1098 956 1176 exegit
975 1116 1016 1159 en
1039 1098 1088 1171 lis,
1111 1114 1196 1177 quee
1212 1096 1363 1175 loquitur
1383 1094 1499 1159 Penius
1516 1094 1543 1155 le

444 1212 472 1256 c.
492 1192 546 1257 Vl.
571 1214 623 1259 nn.
643 1195 675 1261 8.
691 1195 721 1262 9.
738 1196 799 1265 ltt:
824 1194 860 1261 st
879 1197 965 1261 enine
984 1198 1102 1262 neurim
1115 1214 1225 1261 eumer
1245 1216 1318 1261 cern
1334 1194 1469 1270 cenem
1488 1214 1544 1258 ere·

444 1294 550 1359 dimus
568 1296 647 1377 puin
661 1306 690 1360 et
702 1297 901 1363 connivemus
919 1298 962 1376 ei,
981 1295 1111 1363 scientes
1130 1299 1211 1379 pete
1236 1298 1379 1364 Cirietess
1397 1316 1546 1379 nme

444 1398 578 1463 mortuis
586 1400 657 1481 jam
676 1418 741 1464 non
761 1402 918 1477 moritum
932 1417 1016 1465 murs
1029 1402 1059 1464 es'
1066 1402 1139 1485 jere
1151 1403 1242 1466 nitro
1254 1418 1319 1465 nott
1331 1400 1544 1465 eontentio.

446 1498 538 1577 (ised
552 1486 639 1565 enim
658 1513 802 1567 morinen
818 1512 864 1566 eet
879 1513 1020 1584 peccate,
1036 1514 1183 1568 mertens
1201 1512 1248 1567 eet
1264 1504 1377 1567 semele
1398 1504 1481 1585 psed
1496 1520 1546 1565 ee·

444 1610 504 1664 tem
524 1599 615 1679 nisit,
637 1600 717 1666 nisit
738 1601 810 1666 Deo.
843 1603 879 1666 ln
900 1606 970 1681 leis,
993 1606 1138 1685 lnquem,
1161 1604 1392 1681 discutiendis,
1413 1610 1448 1667 et
1465 1620 1546 1685 pree·

443 1706 554 1768 sertim
568 1724 577 1767 τ
593 1704 624 1769 ri
643 1704 761 1769 mortni
775 1722 884 1769 sueres
904 1721 976 1769 ense
999 1703 1138 1782 Meto,
1153 1695 1313 1788 tiiplicem
1334 1708 1450 1770 monis
1465 1702 1545 1769 clei

442 1806 482 1869 etl
498 1807 654 1870 retinnom
669 1806 763 1871 docet
784 1810 815 1871 ln
831 1807 1014 1872 leominltne
1035 1807 1215 1871 lebeudem
1232 1825 1314 1871 esse.
1338 1805 1480 1871 Peimem
1498 1806 1546 1869 ine·

442 1906 577 1971 bendum
603 1926 671 1972 esse
698 1912 744 1973 eit
764 1926 823 1989 per
850 1909 1082 1973 contessionem
1107 1910 1181 1973 ildei
1202 1910 1400 1975 clerinlenee
1412 1930 1424 1989 ;
1445 1926 1546 1973 secun

443 2008 517 2072 dem
544 2012 575 2073 tn
601 2010 850 2075 mortldcntiouo
877 2010 1099 2076 membrorum
1128 2021 1341 2087 nostrerum,
1371 2028 1458 2093 ques
1480 2019 1547 2075 suot

441 2126 542 2191 snper
563 2121 701 2193 terrem
725 2114 852 2177 tertium
869 2114 1027 2177 retlonem
1049 2114 1239 2189 tenendum,
1260 2130 1337 2177 cnm
1358 2114 1546 2194 resorptus

442 2228 460 2274 e
487 2213 635 2289 mortuis,
658 2221 756 2294 etque
777 2215 809 2276 tn
834 2218 977 2280 nositnte
1002 2214 1413 2279 eiteeembnlemnseellt
1436 2214 1546 2279 utine

442 2313 534 2389 elus,
556 2312 665 2390 eddlt,
689 2328 727 2377 eo
747 2313 890 2378 lncldine
916 2315 1139 2396 explicemus,
1161 2316 1264 2397 prime
1285 2315 1354 2379 dies
1375 2316 1489 2379 monis
1504 2322 1545 2379 eet

441 2415 797 2496 denunciesseseou103
818 2416 971 2495 secunde,
992 2420 1195 2482 renunciasse
1209 2420 1307 2481 etiem
1323 2419 1412 2482 eitiie
1432 2416 1545 2481 mense

441 2516 608 2596 plenitudo
630 2534 709 2581 sero
740 2517 948 2597 perfectionis
968 2519 1001 2580 in
1021 2519 1145 2583 lumine
1164 2517 1347 2600 Sepicntiee
1379 2520 1475 2583 tertie
1503 2536 1545 2581 re·

440 2618 650 2683 surrectionis
665 2627 713 2682 est
728 2618 804 2682 dies.
817 2635 834 2677 s
847 2617 941 2697 Ques
968 2620 1141 2696 dlstinctto,
1165 2629 1204 2685 nt
1225 2620 1325 2697 eides,
1350 2623 1545 2703 propositum

439 2719 548 2801 jneet,
563 2738 600 2783 ec
617 2722 829 2801 potissimum,
847 2718 903 2786 nbi
918 2721 1149 2802 perfectionem
1164 2723 1372 2786 christieoem
1389 2720 1546 2801 denupsit

440 2820 481 2885 eb
501 2820 644 2902 eiusdem
658 2820 863 2901 perfectionis
883 2823 1091 2904 plenitudino.
1108 2820 1204 2900 Quod
1220 2824 1304 2888 lde·
1327 2824 1431 2901 velet,
1453 2825 1499 2889 nti
1516 2840 1544 2883 e·

434 2923 509 3005 juut
530 2923 684 3003 theologi,
701 2941 739 2986 ec
753 2923 982 3004 perlectionem
998 2926 1180 3001 relelisem,
1196 2934 1230 2989 et
1247 2924 1446 2993 eltsolntem.
1463 2922 1544 3001 Ques

439 3030 615 3106 poste-eme,
635 3024 711 3106 jure
724 3024 790 3104 ipse
805 3027 862 3102 eit,
877 3040 941 3089 oon
956 3026 1015 3089 nisi
1029 3034 1251 3108 postmortem
1273 3024 1413 3091 onetoert
1437 3030 1542 3106 potest,

436 3126 632 3189 cosentinus
653 3126 757 3189 cernis
778 3124 936 3202 dissidiis,
965 3144 1051 3208 quse
1072 3128 1170 3192 modo
1188 3127 1335 3208 qnotidie
1355 3136 1472 3193 conten
1492 3144 1541 3191 noe

438 3234 592 3308 mfflmt

515 3324 598 3394 lllnc
614 3333 811 3410 praeteriens
821 3330 989 3409 (tripedes,
1005 3331 1103 3410 loque
1118 3329 1215 3393 serlee
1229 3328 1372 3394 incidens
1386 3328 1538 3411 spuendi:

437 3446 522 3491 nem
540 3429 570 3492 ei
590 3432 680 3495 ultro
700 3448 763 3494 non
778 3428 1007 3505 dominabitur,
1020 3431 1061 3494 de
1074 3431 1267 3511 quibusde-
1283 3431 1380 3495 eeldo
1392 3434 1540 3495 miretur:

437 3552 455 3588 o
471 3527 537 3607 Qui
551 3540 663 3596 contre
680 3534 761 3597 lrenc
776 3528 1043 3597 evidentissimem
1060 3530 1153 3595 Peull
1166 3532 1356 3596 sententium
1373 3532 1540 3597 solentes·

435 3649 559 3711 serere,
582 3634 669 3714 qnod
685 3636 716 3697 in
733 3634 854 3699 tuturis
874 3634 993 3699 iterum
1014 3633 1146 3710 seculis,
1164 3632 1216 3697 sel
1230 3633 1343 3697 adem
1359 3633 1413 3698 sel
1432 3632 1540 3698 similis

438 3750 566 3797 necesse
581 3734 621 3797 sit
635 3736 700 3815 peti
715 3732 892 3810 Christum,
908 3741 946 3797 nt
958 3732 1091 3796 liberent
1105 3733 1226 3815 possint
1237 3734 1336 3797 etiem
1354 3734 1401 3811 lni,
1415 3750 1496 3813 qnos
1513 3734 1540 3795 ie

437 3834 503 3899 vite
519 3835 678 3916 pressenti
693 3835 935 3914 dispensetionis
947 3835 1019 3915 eius
1033 3835 1188 3899 medicine
1199 3850 1316 3899 seuere
1329 3850 1395 3899 eon
1404 3834 1538 3916 potnit·

436 3932 480 3999 Et
499 3936 542 3998 llsi
562 3937 671 4002 subdit
690 3938 808 4000 horum
831 3943 1084 4017 argumentum,
1104 3938 1161 4017 qni
1180 3936 1437 4015 erlitrelsentnr,
1458 3952 1538 4015 repe

436 4038 547 4101 tendes
559 4056 630 4102 esse
651 4038 683 4102 in
705 4038 825 4101 tuturis
839 4032 958 4101 seculis
978 4034 1099 4101 Christi
1112 4036 1363 4117 dispensationes
1378 4036 1418 4103 ed
1434 4051 1538 4100 serum

435 4139 597 4217 sulutem,
619 4140 675 4222 qui
696 4140 728 4201 in
749 4140 909 4219 pressentl
929 4136 1042 4202 seculo
1062 4153 1126 4203 non
1146 4138 1242 4203 inere
1260 4140 1387 4218 seneti;
1408 4146 1443 4203 et
1462 4132 1536 4201 istei

433 4250 661 4321 tegumentum
684 4241 825 4305 homene
840 4239 1013 4304 erbltretni
1033 4239 1249 4303 innitenetnrs
1264 4236 1392 4301 iiiertee
1403 4231 1536 4305 atomi,

432 4342 573 4423 ejebent,
600 4360 717 4422 semper
742 4350 878 4404 naturae
901 4340 1090 4405 mtieeoiili
1105 4340 1306 4422 persentit.
1322 4338 1460 4405 moen
1474 4354 1539 4419 pse·

434 4441 525 4508 eidiie
537 4443 614 4525 lesit,
636 4444 729 4508 etiarn
742 4442 851 4522 itiner,
871 4442 930 4523 pen'
945 4462 1007 4527 pro
1019 4442 1184 4525 splendore
1194 4440 1317 4527 pieriae
1328 4440 1454 4525 heiste
1465 4444 1538 4509 etei,

433 4554 463 4607 et
478 4554 611 4626 propter
631 4546 738 4609 iumen
758 4542 906 4609 romeos
926 4565 1016 4612 mene
1035 4545 1207 4621 orielem,
1221 4543 1410 4611 meteri
1426 4545 1463 4607 de
1477 4540 1535 4621 ple
