3375 5567
423 814 521 876 quem
544 797 591 862 iiii
613 797 652 860 nd
674 798 870 880 impietatem
894 806 1062 869 {merent
1083 800 1122 865 ad
1145 802 1296 882 pietatem
1320 802 1376 867 iste
1396 818 1513 865 conser-

425 908 517 964 teret.
541 920 557 957 u
580 898 790 982 Quapropter
817 920 912 965 uerno
933 920 995 965 uon
1019 902 1117 978 videt,
1134 912 1258 986 'quante
1281 922 1359 967 eure
1385 904 1467 966 nobis
1485 905 1511 963 in

417 1003 468 1070 iris
489 1002 698 1082 impendenda
718 1004 777 1078 rit,
800 1011 838 1068 ut
857 1013 994 1085 stupor,
1018 1006 1075 1085 qni
1097 1022 1208 1073 omnes
1229 1006 1338 1069 fideles
1359 1006 1511 1089 hucusque

423 1112 509 1174 tenet
523 1106 608 1169 cirea
624 1107 703 1170 tenti
719 1106 781 1171 riri
795 1107 1033 1173 ntrerrsttonem
1046 1115 1080 1171 ot
1094 1109 1125 1171 in
1139 1114 1203 1171 tum
1219 1108 1413 1189 grerisnmis
1427 1122 1513 1185 unse

420 1207 600 1283 strumum,
622 1206 815 1287 dissipetur,
836 1224 942 1288 senne
970 1208 1116 1289 eiusdem
1137 1228 1266 1277 semum
1288 1208 1514 1287 investiendo,

420 1328 490 1389 quo
508 1317 539 1377 et
561 1309 719 1389 dogmatis
739 1309 903 1376 christiani
927 1310 1045 1377 veritus
1064 1311 1240 1386 elucescet.
1256 1312 1375 1392 oedipo,
1396 1329 1456 1391 qun
1469 1309 1516 1373 ote

424 1411 589 1487 volvitur,
610 1418 802 1487 evanescat,
822 1430 860 1476 ee
883 1428 960 1488 nnn,
981 1412 1090 1494 quood
1112 1411 1182 1479 iiert
1204 1422 1331 1494 potest,
1352 1430 1431 1479 sune
1454 1410 1517 1475 tidei

421 1522 573 1576 serretur
592 1513 767 1594 integritus.

502 1612 722 1689 Quamobrem
749 1616 790 1677 ab
816 1615 916 1698 trojus
936 1618 1049 1697 cupitis
1070 1618 1160 1681 tuitio
1185 1622 1367 1681 memoratu
1395 1616 1521 1697 primum

420 1734 482 1796 per
501 1724 550 1783 est
569 1734 608 1779 no
626 1716 770 1782 studioso
790 1719 1033 1793 attendendum,
1055 1719 1143 1799 quod
1165 1719 1323 1799 Origenes
1344 1716 1478 1783 {domitis
1499 1715 1519 1779 1.

419 1837 453 1884 n.
477 1815 526 1883 tt.
551 1817 588 1881 iu
612 1816 812 1893 ursatium,
836 1818 1019 1901 Prophetae
1043 1822 1195 1889 visionem
1216 1821 1435 1895 comnenus,
1449 1818 1523 1899 ejus

421 1939 486 2000 que
508 1922 659 2006 mysteria
682 1921 849 1989 iutettootu
865 1931 897 1986 et
910 1923 1061 2002 expositu
1083 1920 1247 1997 diffiditis,
1269 1922 1398 2003 inquit:
1420 1942 1435 1979 e
1456 1918 1526 1994 Quin

420 2031 526 2099 potest
546 2022 605 2085 iste
627 2022 811 2090 minutatim
830 2020 1015 2103 exponere?
1037 2022 1120 2100 Quis
1141 2027 1185 2091 itu
1210 2034 1259 2087 est
1278 2041 1385 2103 orpus
1406 2021 1526 2103 spiritus

421 2121 504 2197 net.
527 2134 562 2186 ut
584 2123 663 2189 naec
683 2134 884 2191 suerumente
917 2124 1103 2191 dilucidet?
1122 2126 1305 2206 Oportebat
1333 2130 1527 2191 neeusrtnrn

421 2226 588 2290 Creatoris
608 2235 641 2291 et
662 2224 719 2289 net
740 2226 988 2305 prophetorum.
1012 2227 1154 2306 primunr
1176 2226 1376 2305 intettipere,
1395 2242 1475 2307 quse
1489 2223 1527 2285 di·

418 2337 544 2394 cuntur
563 2344 582 2389 n
604 2327 791 2406 prophetiae
813 2335 845 2394 et
865 2336 976 2409 poste·
998 2330 1173 2395 criminari.
1197 2326 1262 2404 Qui
1283 2328 1370 2391 enim
1393 2344 1466 2391 rere
1485 2342 1528 2389 ne·

420 2437 529 2504 cusat,
543 2446 582 2494 en
595 2429 691 2495 debet
710 2446 865 2495 neeusere
879 2448 965 2510 quoe
979 2432 1076 2493 norit
1095 2430 1126 2499 st
1145 2448 1224 2493 vero
1240 2429 1398 2495 haeretiei
1412 2448 1451 2493 ue
1464 2446 1529 2508 pro·

421 2550 463 2611 pe
492 2531 624 2611 quidem
643 2538 718 2597 sunt
745 2531 923 2599 intuiteotni
948 2531 1082 2607 divino,
1104 2530 1272 2613 quomodo
1301 2531 1529 2595 rntionsbititer

422 2638 599 2705 serenet,
619 2632 707 2711 qnod
739 2650 795 2698 eos
815 2633 939 2697 nescire
960 2630 1212 2699 convincimus?
1233 2630 1386 2707 necent,
1409 2633 1478 2713 quis
1503 2632 1529 2693 in

377 2783 381 2790 t
424 2734 486 2800 tino
500 2734 622 2803 risione
634 2734 676 2800 sit
694 2751 819 2800 sensus.
831 2733 985 2801 Primum
1007 2744 1142 2815 apparet
1159 2734 1292 2814 spiritus
1313 2734 1477 2799 auterens:
1490 2749 1530 2797 re·

423 2837 530 2899 cundo
550 2837 652 2900 nubes
672 2853 787 2917 mogun
798 2856 811 2916 ;
834 2837 930 2901 tertio
951 2836 1106 2917 splendor
1126 2837 1157 2900 in
1171 2835 1313 2901 uironitn
1333 2838 1530 2917 spiritusru-

423 2938 577 3016 temntis3
598 2945 718 3018 noerio
739 2938 818 3017 ignis
839 2938 1025 3018 refulgens:
1048 2937 1162 3019 quinto
1182 2936 1215 3003 in
1236 2936 1344 3003 medio
1365 2935 1438 3017 ejus
1456 2937 1531 2999 siout

424 3038 506 3107 risio
526 3038 663 3110 electri,
684 3038 771 3105 tund
793 3038 893 3103 dubio
914 3041 992 3119 quin
1014 3041 1045 3103 in
1066 3038 1173 3101 medio
1198 3036 1298 3118 igniet
1320 3048 1419 3105 sexto
1437 3038 1531 3117 spten-

423 3140 486 3202 dor
505 3141 537 3203 in
557 3140 671 3203 eodem
692 3140 826 3206 eteetro.
849 3139 1016 3207 Confiteor
1036 3140 1175 3205 libenter
1195 3157 1214 3205 n
1236 3141 1381 3221 sapiente
1402 3148 1437 3205 et
1454 3138 1531 3205 fideti

424 3245 498 3306 viro
517 3241 635 3307 dietum
655 3242 860 3315 seutentiam,
880 3258 979 3322 quam
999 3258 1096 3322 saepe
1115 3242 1269 3321 suscipior
1289 3242 1327 3305 dr
1342 3240 1407 3307 Deo
1426 3252 1454 3307 et
1467 3260 1533 3305 uero

422 3341 526 3405 dicere
543 3340 721 3423 mutum
733 3352 789 3405 ert.
811 3342 927 3424 Neque
941 3344 1026 3409 enim
1046 3362 1082 3407 en
1102 3352 1227 3407 tuntum
1250 3344 1437 3423 perieulum
1453 3350 1532 3413 suu.

423 3462 508 3523 qnae
530 3445 609 3511 intes
631 3446 724 3510 deeo
744 3445 917 3510 diduntur:
933 3444 988 3509 sed
1009 3446 1106 3509 utinm
1121 3462 1210 3525 quen
1229 3463 1305 3509 vers
1320 3453 1412 3521 runt,
1433 3454 1464 3509 et
1478 3460 1534 3507 non

425 3556 608 3626 opportune
629 3547 855 3627 proteruntur,
878 3546 995 3613 dicenti
1017 3546 1201 3626 portentum
1224 3554 1395 3625 renerent.
1418 3565 1436 3605 n
1462 3542 1534 3609 ilino

425 3650 574 3731 inspicite
586 3650 734 3730 (trigenis
750 3649 952 3739 religionem,
976 3650 1125 3711 timorem
1138 3647 1277 3721 seitieet,
1297 3664 1337 3711 ne
1352 3649 1387 3709 in
1410 3648 1534 3725 disper

426 3750 600 3817 traetnndis
623 3751 721 3818 rebns
742 3769 759 3813 n
783 3753 922 3815 veritato
942 3751 1096 3823 aberret,
1117 3759 1147 3812 ot
1170 3750 1289 3811 herum
1316 3748 1535 3831 opportunita-

427 3860 492 3915 tem
513 3852 648 3929 ignoret.
671 3850 815 3931 ideoque
844 3850 904 3913 hue
925 3851 1100 3930 praemisse
1121 3849 1356 3925 obtestatione,
1384 3847 1536 3933 siquando

427 3955 533 4020 miros
552 3954 619 4033 ipse
641 3954 807 4033 pertigerit
827 3960 997 4032 punctum,
1020 3968 1082 4015 nou
1098 3960 1203 4013 tnuren
1225 3950 1289 4015 cito
1311 3949 1468 4015 haeretiei
1487 3965 1535 4011 no·

427 4064 456 4119 tn
480 4054 686 4121 mutotnndns
705 4072 774 4119 esse
797 4055 937 4119 ridetur.

503 4157 678 4233 Secundo,
712 4157 893 4222 msesserto
914 4164 948 4221 ot
972 4156 1047 4221 irnio
1072 4154 1168 4234 cupiti
1191 4142 1417 4235 praeponenda
1439 4152 1534 4221 tom.

426 4274 512 4338 unae
527 4256 675 4324 nunnus
688 4259 733 4322 nit
754 4258 786 4323 in
809 4257 950 4337 Prologo
971 4256 1088 4321 letinae
1105 4253 1298 4319 Periuredou
1322 4256 1487 4327 versionis,
1509 4252 1536 4313 in

425 4358 619 4437 quibusdam
639 4358 788 4440 Origouis
808 4360 1002 4425 dictionibus
1023 4356 1228 4421 emendandis
1250 4358 1353 4421 relatu
1375 4358 1415 4419 ed
1440 4354 1534 4419 mum

428 4467 486 4525 eut
518 4460 646 4523 divinoe
661 4458 826 4525 Trinitatis
848 4462 1038 4543 mysterium
1047 4479 1059 4538 5
1074 4476 1155 4539 ques
1176 4458 1217 4521 nb
1232 4460 1333 4539 ipsius
1352 4476 1448 4523 seusu
1463 4456 1535 4516 utie-

428 4579 485 4625 mu
506 4564 642 4642 pntnvit.
663 4562 747 4627 Cum
768 4569 878 4627 nutem
901 4562 943 4627 ott
964 4562 1044 4623 huno
1066 4560 1320 4625 emendationem
1341 4560 1485 4625 Rutiinus
1499 4556 1536 4617 eb
