3375 5567
425 675 487 743 128

424 783 530 856 dasne,
545 784 591 846 uti
606 785 672 864 ipse
686 787 733 848 ait
746 789 777 849 in
790 786 952 868 Prolog03
972 808 1084 854 serunt
1102 799 1205 853 totum
1222 791 1288 855 iere
1303 801 1400 872 caput
1412 788 1450 854 ΙΙ.
1466 793 1524 871 lubi

424 886 490 963 agit
509 885 725 965 securum)-
744 889 910 955 rednxisse
931 890 1027 973 juxta
1051 890 1145 955 iidem
1173 892 1365 955 catholicam
1386 896 1426 955 ab
1446 896 1525 955 initio

425 988 464 1048 ad
488 987 597 1062 duem,
620 997 656 1052 ut
675 988 849 1069 Origeneua
870 994 928 1055 sibi
951 994 981 1055 iu
1003 1011 1117 1059 errore
1138 996 1374 1059 consectarium
1396 996 1434 1057 de
1456 994 1528 1057 Filio

427 1088 517 1152 Patri
532 1091 688 1155 inferiore
708 1095 741 1156 io
762 1094 916 1172 bonitate,
932 1100 1133 1178 corrigeret,
1157 1098 1253 1161 aliter
1276 1096 1408 1171 uldini,
1431 1116 1527 1161 secum

427 1197 497 1274 ipso
517 1206 549 1259 et
571 1198 602 1259 iu
623 1198 690 1278 ipss
716 1200 997 1281 argumentatione
1022 1211 1181 1281 pugnaret
1196 1200 1429 1281 Adamantius5
1454 1200 1530 1281 quod

430 1300 484 1361 vin
505 1300 704 1365 credendum
722 1312 781 1366 est.

511 1401 557 1466 Eu
579 1405 690 1484 itaque
710 1406 751 1468 nd
773 1406 930 1487 majoram
955 1407 1151 1487 quaestionis
1168 1408 1444 1487 perspicuitatem,
1459 1421 1534 1484 quse

429 1504 536 1565 statius
551 1504 797 1584 subsequuntur
810 1509 887 1571 bnic
901 1507 1102 1583 discussioni,
1127 1508 1224 1570 rerba
1243 1506 1395 1585 Origcuis
1409 1524 1448 1567 ex
1463 1502 1532 1566 liul-

429 1602 483 1665 flni
499 1604 708 1667 translatione
721 1628 730 1669 s
744 1628 761 1666 ιι
775 1606 913 1687 Propter
925 1610 1013 1689 quod
1033 1626 1095 1670 nou
1110 1608 1205 1671 debet
1223 1608 1313 1671 velut
1327 1606 1535 1687 blasphemiae

431 1703 565 1786 aliquod
588 1723 687 1786 genus
706 1710 815 1786 putari
830 1706 860 1768 in
875 1724 927 1781 eo,
944 1707 1031 1787 quod
1051 1707 1256 1771 dictumest:
1274 1726 1365 1769 nemo
1383 1706 1477 1768 bonas
1494 1704 1537 1767 ai·

431 1809 461 1871 si
478 1824 577 1877 uass,
601 1806 682 1871 Deus
706 1808 814 1884 Pater,
829 1818 866 1873 ut
887 1816 1059 1889 propterea
1082 1816 1229 1889 putetur,
1252 1810 1302 1873 rel
1319 1808 1479 1882 Christus,
1494 1806 1537 1869 rel

430 1904 570 1989 Spiritus
584 1906 719 1973 Sanctus
740 1911 849 1990 negari
870 1912 957 1989 quod
981 1910 1083 1972 bonus
1103 1911 1166 1971 sits
1187 1910 1256 1986 sed,
1280 1917 1317 1972 nt
1338 1910 1486 1990 superius
1499 1908 1537 1967 di·

431 2012 552 2084 ximus,
569 2011 754 2091 principalis
771 2012 894 2074 bonitas
916 2012 946 2075 in
963 2009 1031 2075 Deo
1048 2013 1211 2076 sentienda
1233 2021 1282 2075 est
1296 2010 1410 2086 Patre,
1427 2030 1465 2073 ex
1480 2027 1538 2088 quo

432 2112 486 2175 rel
502 2112 605 2176 Filius
630 2124 736 2189 uatus,
755 2115 807 2176 rel
827 2114 967 2195 Spiritus
990 2116 1125 2180 Sanetus
1150 2114 1342 2195 procedens,
1361 2114 1429 2176 sine
1452 2110 1539 2172 dnbio

434 2216 583 2278 bonitatis
604 2216 675 2297 ejus
696 2224 847 2280 naturam
871 2218 902 2279 iu
931 2236 966 2281 se
991 2219 1115 2296 relert3
1139 2235 1224 2298 quae
1249 2222 1298 2279 ost
1320 2217 1353 2276 iu
1379 2232 1419 2276 eo
1441 2212 1537 2283 laute,

433 2316 561 2397 dequo
584 2316 635 2379 rel
658 2326 751 2381 natus
773 2326 822 2381 cst
842 2316 966 2395 Filius,
1000 2320 1051 2382 rel
1074 2320 1219 2400 procedit
1240 2316 1385 2400 Spiritus
1405 2315 1537 2381 Sanctus.

433 2416 507 2481 Jam
526 2436 604 2481 vero
623 2419 715 2499 siqua
739 2420 801 2482 alia
825 2422 906 2485 bona
930 2422 961 2483 iu
982 2418 1160 2501 Scripturis
1181 2419 1360 2495 dicuutur,
1384 2419 1436 2481 rel
1457 2434 1540 2495 soge-

432 2520 506 2593 lus,
531 2520 581 2582 rel
604 2520 722 2594 bomo,
745 2521 796 2584 vel
816 2540 953 2599 sersus,
981 2524 1031 2585 ael
1054 2524 1238 2597 thesaurus,
1263 2521 1315 2583 vel
1338 2538 1400 2585 cor
1420 2520 1539 2589 bonum,

420 2621 487 2711 ¹tel
509 2621 609 2683 arbor
631 2624 735 2700 bona,
759 2626 838 2687 haec
860 2626 965 2687 omnia
991 2625 1126 2688 abusive
1155 2623 1332 2699 dicuntur,
1356 2621 1541 2685 accidentem

433 2740 495 2783 non
516 2723 761 2788 substantialem
784 2727 815 2787 in
834 2744 871 2787 ae
893 2726 1086 2789 coutinentia
1109 2726 1294 2789 bonitatem.
1320 2742 1337 2781 n

515 2822 557 2889 Ut
578 2836 687 2889 autem
710 2829 811 2908 magis
837 2836 1001 2904 constent,
1025 2846 1110 2909 qnae
1131 2826 1286 2908 Origenes
1308 2845 1353 2889 ex
1375 2824 1543 2889 Salomonis

435 2923 603 3005 Scriptura
620 2927 697 2991 dicit
711 2931 796 2993 circa
822 2926 894 2993 Filii
911 2926 968 2991 llei
993 2928 1138 2991 eamdem
1160 2946 1234 2991 cum
1253 2926 1352 2990 Patre
1367 2926 1543 2993 bonitatem,

436 3034 589 3105 tauquam
604 3028 764 3091 sincerum
784 3032 834 3092 sui
851 3030 965 3109 ingenii
981 3030 1116 3104 loetum,
1134 3047 1192 3092 uec
1207 3028 1426 3091 diversimode
1444 3045 1462 3090 a
1478 3024 1546 3088 ltet-

437 3127 502 3190 iiuo
523 3129 554 3189 in
575 3128 670 3192 citata
694 3131 845 3211 pericope
867 3132 1023 3194 recensita
1045 3132 1113 3194 sive
1134 3130 1259 3205 addita,
1283 3129 1452 3203 consulas,
1472 3142 1544 3208 quac

438 3231 506 3309 ipse
527 3229 600 3292 ideo
630 3227 729 3293 Libro
752 3229 793 3294 ll.
818 3231 853 3294 s'rs
875 3230 1051 3313 Epistulam
1073 3234 1116 3295 ed
1137 3230 1293 3295 Romanos
1315 3249 1346 3292 u.
1369 3230 1400 3296 7.
1424 3228 1544 3292 scribit:

439 3350 456 3387 a
476 3348 531 3408 epo
550 3348 618 3392 som
638 3328 712 3407 oia,
731 3330 873 3404 nemias,
896 3342 924 3392 et
944 3331 1020 3395 vito.
1046 3330 1079 3394 ln
1102 3333 1231 3395 Christo
1256 3338 1390 3405 autem,
1414 3330 1469 3411 qui
1492 3330 1546 3389 rita

438 3442 569 3494 aeterua
591 3440 659 3507 est,
682 3433 843 3496 bonorum
867 3436 1010 3497 omnium
1034 3442 1079 3495 est
1103 3430 1546 3513 plenitudosVernmtameu

440 3533 542 3594 veluti
563 3533 663 3615 liujus
685 3536 878 3598 recensionis
899 3552 1045 3610 summa,
1069 3546 1100 3597 et
1122 3535 1310 3614 praesertim
1333 3534 1444 3613 quoad
1467 3548 1547 3612 prae

441 3633 505 3695 iata
526 3630 707 3697 Salomonis
732 3634 830 3697 rerba
845 3656 854 3697 a
870 3652 970 3715 vapor
989 3644 1036 3697 cst
1060 3633 1191 3715 quidam
1213 3634 1341 3697 uirtutis
1364 3634 1426 3697 Dcs'
1435 3682 1442 3695 .
1457 3680 1464 3694 .
1477 3678 1504 3694 ..
1525 3638 1548 3688 ti

440 3732 545 3814 imago
566 3733 717 3798 bonitatis
737 3734 843 3808 illias,
864 3738 1025 3817 aptissime
1047 3755 1106 3816 pro
1128 3744 1321 3815 argumento
1347 3742 1460 3799 nostro
1480 3735 1549 3795 inte·

442 3845 529 3911 reat,
551 3837 638 3917 quod
671 3838 790 3917 ipsein
811 3835 1052 3902 Commentario
1080 3834 1244 3916 Epistulae
1266 3836 1305 3897 ad
1328 3834 1496 3899 Hebraeos
1514 3850 1549 3894 cx

443 3938 657 4020 Apologetioo
677 3959 703 4003 s.
738 3938 896 4019 Pamphili
919 3956 945 4001 c.
971 3936 1007 3999 V.
1035 3938 1074 4000 de
1099 3938 1218 4000 eisdem
1243 3936 1347 3999 verbis
1378 3950 1550 4013 eorumque

441 4059 537 4106 seusu
561 4042 675 4105 docet:
695 4038 865 4123 «Oportet
886 4048 995 4103 autem
1017 4042 1100 4102 scire
1114 4058 1182 4114 uos,
1206 4041 1282 4119 quia
1304 4056 1363 4117 per
1388 4034 1549 4100 luellabilis

444 4142 603 4225 quaedem
626 4149 658 4206 et
678 4150 816 4220 secrete,
834 4162 871 4205 ae
887 4142 1064 4216 recondita,
1083 4142 1254 4222 quemdam
1278 4140 1412 4203 modum
1433 4138 1490 4201 sibi
1512 4136 1551 4196 ia·

441 4248 528 4308 ciens
541 4242 710 4326 Scriptura
725 4254 848 4320 saneta,
865 4252 1002 4306 conatur
1018 4244 1200 4305 hominibus
1215 4242 1369 4316 indicare,
1386 4250 1419 4303 et
1437 4236 1550 4299 intelle·

441 4356 531 4409 ctum
552 4362 728 4427 suggerere
743 4344 908 4408 subtilem.
926 4342 1064 4425 Vaporis
1079 4342 1161 4405 euim
1177 4359 1293 4405 nomeu
1308 4342 1474 4413 inducens,
1496 4339 1549 4397 boc

445 4447 518 4509 idco
532 4446 572 4509 de
588 4446 685 4509 rebus
701 4446 867 4527 corporeis
888 4446 1073 4525 assumpsit,
1089 4452 1125 4507 ut
1141 4443 1190 4506 vel
1214 4462 1254 4505 ex
1277 4451 1369 4522 parte
1389 4442 1496 4520 aliqua
1510 4438 1548 4494 iu·

446 4547 592 4628 telligere
613 4549 785 4627 possimos,
807 4547 972 4627 quomodo
987 4544 1225 4626 Christus,„qui
1248 4552 1293 4606 est
1315 4542 1485 4622 Sapientia,
1506 4558 1547 4599 se·
