3375 5567
169 811 219 866 tus
238 799 350 866 afflatu
369 799 507 867 dictatis.
528 799 575 866 Et
594 808 632 866 ut
651 817 785 877 aruer,
806 818 872 882 qua
894 803 1047 866 cautious
1067 801 1148 866 haec
1175 805 1282 868 omuia

167 903 287 968 iusuis
306 901 471 985 Operibus
490 905 696 980 conaveris,
711 904 823 985 legito,
847 905 936 985 quod
958 905 1025 986 ipsa
1046 904 1081 967 iu
1101 902 1201 968 Libro
1222 903 1281 969 ΙΙΙ.

166 1024 195 1069 c
219 1003 275 1069 tv.
297 1023 330 1070 ιι.
351 1003 382 1072 1.
404 1003 450 1069 Dc
470 1003 650 1089 Principiis
670 1009 728 1084 uit,
750 1005 791 1070 de
810 1008 937 1070 animae
957 1013 1085 1070 nostrae
1105 1006 1284 1071 suhshutia

164 1108 346 1189 discerem
377 1109 433 1174 uhi
453 1110 609 1192 expositis
631 1110 728 1173 variis
748 1108 789 1173 de
808 1127 847 1172 er
869 1107 1139 1190 philosophorum
1161 1109 1283 1190 opiuio·

163 1208 287 1286 uibus,
308 1229 364 1274 eas
385 1211 495 1292 abjicit
516 1211 602 1276 haud
623 1211 870 1292 Scriptumrum
891 1211 1087 1277 auctoritato
1106 1210 1280 1275 suffultsss

164 1310 250 1375 «Ex
271 1312 404 1393 quihus,
426 1314 534 1390 docet,
556 1315 640 1380 illud
661 1316 803 1388 iuterim,
824 1314 914 1396 quod
934 1313 1129 1395 quibusdam
1150 1331 1284 1394 praecu-

79 1442 80 1445 ¹
162 1431 237 1478 rum
254 1415 455 1497 philosophis
476 1417 581 1481 risum
601 1435 672 1482 esse
685 1417 841 1492 diximus,
864 1417 941 1498 quta
972 1416 1133 1496 tripartita
1153 1417 1196 1480 sit
1215 1417 1283 1479 aui·

79 1558 80 1565 1
163 1533 229 1590 ma,
253 1535 318 1580 uou
340 1516 435 1582 valde
455 1518 643 1582 coudrmeri
664 1537 705 1584 ex
727 1518 855 1584 divinas
875 1519 1065 1600 scripturae
1085 1518 1281 1582 auctoritate

79 1630 81 1667 ³
161 1619 332 1699 pervideo.
354 1616 404 1681 hd
418 1619 483 1683 ulia
506 1637 586 1685 vcro
605 1621 686 1696 duo,
700 1638 786 1701 quse
800 1621 928 1700 reliqua
946 1627 1034 1696 suut,
1049 1619 1186 1682 iureuiri
1208 1637 1280 1700 pos·

158 1728 236 1784 suut
258 1721 438 1801 aliquanta,
461 1739 547 1803 quac
565 1741 607 1786 ex
630 1722 745 1785 diriuis
759 1720 890 1786 Litteris
910 1722 1016 1804 aptari
1037 1739 1131 1803 posce
1152 1721 1281 1785 videau-

161 1831 226 1885 tur.
245 1842 263 1880 s
280 1823 328 1888 Ac
348 1824 449 1904 puolo
471 1835 544 1890 aute
564 1843 593 1888 c.
616 1823 675 1886 lii.
696 1843 728 1886 u.
749 1822 780 1896 d.
803 1825 945 1902 dixerat,
966 1843 1111 1901 errores,
1131 1823 1279 1900 fabulas,

78 1940 82 1977 τ
159 1925 304 2005 impiare
330 1924 481 2005 dogmata
512 1925 553 1989 do
573 1925 704 1990 Christo
733 1935 913 1990 commenta
946 1926 1044 1990 totam
1064 1925 1105 1989 ah
1127 1926 1184 2002 iis,
1206 1929 1277 2007 qui,

158 2036 392 2106 praeterquam
414 2028 528 2107 regula
548 2026 796 2109 Scriptursrum
814 2028 1011 2109 patiebatur,
1032 2027 1199 2092 docebant.

241 2125 347 2192 Porro
368 2129 569 2194 haecomnia
586 2130 757 2210 hucusque
776 2147 915 2210 expensa
931 2132 962 2194 in
978 2129 1127 2210 Oripeuis
1142 2129 1278 2210 gratiam

79 2248 80 2283 ;
157 2227 320 2291 adversus
338 2246 416 2293 suos
439 2238 669 2300 accusatores,
692 2229 837 2309 parhetts
858 2229 1057 2294 roborantur
1070 2229 1112 2292 ah
1133 2229 1279 2310 ejusdem

79 2372 81 2385 ,
159 2329 311 2410 Epistola
325 2330 365 2394 sd
380 2329 578 2412 Gregorium
594 2329 721 2412 (Temo
735 2330 762 2397 Ι.
779 2350 809 2414 p.
824 2329 886 2411 aet
900 2332 955 2397 uhi
969 2351 1045 2396 eum
1060 2332 1224 2408 hortatur,
1242 2339 1280 2395 ut

78 2449 82 2489 ι
157 2439 257 2496 caute
269 2440 393 2512 ccupat
412 2435 444 2496 iu
464 2433 608 2514 peutium
623 2433 798 2514 disciplinis
821 2431 965 2498 simodo
975 2453 987 2514 ;
1004 2451 1043 2496 ue
1065 2433 1149 2496 torte
1170 2433 1201 2495 iu
1222 2451 1277 2496 es·

79 2564 81 2587 ι
159 2550 238 2596 rum
252 2532 389 2613 laqueos
407 2533 539 2598 iucidst.
556 2532 672 2600 Plures
687 2535 771 2598 euim
785 2536 843 2612 ait,
860 2536 916 2615 qui
938 2542 1108 2616 postquam
1126 2531 1201 2614 Legi
1217 2531 1275 2598 Dei

158 2651 280 2697 oomcu
300 2633 459 2712 dederint,
474 2653 550 2700 cum
565 2645 699 2701 exterus
721 2636 925 2719 philosophia
942 2642 1085 2699 venatos
1106 2633 1149 2699 oh
1162 2652 1276 2716 quatu·

78 2766 82 2779 ν
158 2735 236 2798 dam
257 2753 333 2799 cum
354 2738 421 2817 ipsa
443 2738 554 2800 initum
575 2738 788 2814 affluitatem,
809 2754 829 2800 a
852 2738 988 2802 veritato
1008 2735 1190 2800 decessisse.
1214 2734 1277 2800 ltu·

78 2858 82 2895 τ
157 2853 224 2917 que
244 2838 425 2902 scrihebat:
443 2860 459 2897 ι
476 2839 566 2904 Solet
588 2849 693 2902 tameo
713 2840 818 2902 diviua
841 2837 1022 2920 Scriptura,
1045 2857 1063 2901 e
1086 2847 1173 2902 terra
1195 2838 1276 2900 fliiu-

79 2970 81 2979 ‚
157 2955 235 3000 rum
257 2936 411 3000 heraclio
434 2937 618 3021 Aegyptum
638 2940 827 3001 descensum
848 2939 880 3000 iu
903 2937 994 3000 malis
1016 2954 1157 3016 ponere3
1180 2938 1275 3000 terite

79 3076 80 3081 κ
157 3039 307 3117 iuuuem,
330 3039 523 3121 quibusdam
545 3039 667 3103 melum
688 3058 758 3103 esse
781 3040 904 3102 versari
926 3059 1000 3103 eum
1022 3039 1190 3121 aegyptiis,
1212 3040 1274 3102 hoc

155 3152 204 3205 est
227 3159 303 3206 cum
327 3143 437 3205 muudi
458 3140 651 3222 disciplinis,
674 3151 845 3222 postquam
868 3139 943 3220 Legi
966 3140 1022 3202 Dei
1045 3158 1160 3202 nomeu
1181 3141 1275 3204 dedu·

155 3244 245 3318 riot,
267 3252 301 3305 et
320 3243 513 3308 israeliticae
534 3246 565 3306 iu
587 3241 691 3306 Deum
714 3244 835 3324 pietati.
867 3239 957 3304 hder
977 3250 1065 3304 certe
1089 3240 1271 3318 idumaeus,

154 3342 315 3423 quamdiu
331 3342 394 3407 tuit
412 3344 445 3405 iu
461 3352 547 3407 terra
571 3343 671 3407 israel
686 3362 745 3407 oso
763 3344 905 3422 gustavit
923 3343 1146 3426 aegyptiorum
1162 3361 1270 3422 panes,

156 3443 244 3505 idola
266 3461 330 3506 uou
353 3442 528 3508 tthrtcstus
548 3453 606 3507 est.
629 3444 711 3508 Cum
735 3461 813 3505 raro
826 3460 844 3504 a
859 3444 1001 3522 sapiente
1023 3442 1194 3508 Salomone
1214 3459 1272 3506 au·

157 3543 287 3624 fugiens
306 3543 470 3607 descendit
491 3544 522 3606 iu
545 3544 743 3626 Aegyptum,
762 3543 864 3606 reiuti
887 3543 1012 3623 fugiens
1033 3561 1050 3605 ι
1073 3540 1130 3606 Dei
1150 3543 1275 3622 sapien·

157 3646 303 3721 tis,cum
322 3643 490 3709 Pharaone
503 3645 692 3708 affluitatem
714 3645 796 3719 ioiit,
818 3645 916 3708 ducta
938 3662 1043 3708 uxore
1064 3644 1162 3724 ipsius
1182 3661 1273 3708 suro·

156 3767 206 3822 re,
229 3756 264 3810 et
284 3757 458 3828 procreato
474 3765 516 3810 ex
528 3766 566 3810 eu
587 3745 668 3822 utto,
685 3747 742 3827 qui
756 3748 840 3809 iuter
856 3744 1032 3809 Pharaonis
1053 3745 1173 3808 liberos
1193 3746 1272 3808 edu·

156 3858 250 3912 catus
272 3859 331 3912 est.
348 3845 461 3924 Quare
474 3849 534 3912 etsi
555 3848 587 3910 iu
610 3857 739 3914 terram,
753 3847 853 3910 lsrael
869 3864 1020 3910 reversos
1040 3857 1100 3922 est,
1116 3848 1147 3909 iu
1169 3847 1199 3908 id
1222 3864 1273 3910 re·

159 3967 272 4013 versus
293 3955 362 4024 cst,
385 3957 422 4012 ut
444 3947 502 4012 Dei
524 3949 683 4028 populum
705 3949 883 4024 divideret,
904 3967 1009 4029 eoque
1030 3949 1216 4024 induceret,
1235 3959 1271 4015 ut

156 4050 198 4113 de
210 4067 313 4113 uurca
332 4049 434 4112 rituia
455 4049 600 4113 diceret:
622 4048 657 4110 hi
671 4057 747 4112 cisat
760 4047 809 4111 dii
827 4045 891 4122 tui,
912 4046 1012 4111 Isroci
1032 4057 1087 4110 etc.

216 4150 294 4212 «hc
306 4167 368 4229 ego
379 4148 494 4212 doctus
507 4149 705 4230 experientia
721 4149 862 4212 dicerem
878 4150 945 4224 tihi,
960 4166 1080 4229 paucos
1095 4149 1270 4212 admodum

157 4250 307 4327 inveniri,
322 4253 379 4330 qui
394 4250 554 4330 perceptis
569 4251 708 4332 Aegypti
723 4235 930 4324 utilitatibus,
943 4269 985 4313 ex
999 4267 1036 4312 ea
1059 4251 1177 4331 agressi
1192 4253 1269 4322 siut,

157 4359 287 4432 etqusc
308 4353 348 4416 ad
367 4350 424 4415 Dei
445 4353 571 4416 cultum
594 4357 766 4434 pertinent,
789 4353 1014 4416 constituerint
1021 4372 1033 4433 3
1056 4352 1174 4414 multos
1191 4371 1271 4414 sero

155 4469 223 4516 csse
246 4455 334 4516 hder
364 4454 503 4517 idumaei
527 4454 655 4518 iratres.
684 4452 727 4516 flt
746 4463 823 4518 suut
850 4457 969 4535 quiex
991 4453 1129 4534 quadam
1152 4471 1268 4534 graeca

155 4553 287 4619 solertia
309 4555 412 4633 tidcst
432 4575 476 4620 cx
496 4556 637 4636 quadum
662 4557 882 4621 convenientia
912 4574 986 4620 cum
1008 4571 1202 4635 graecorum
1222 4554 1268 4616 di·

282 4653 345 4720 tot.
368 4653 414 4720 il.
1109 4652 1151 4720 32
