3375 5567
199 784 281 852 «Sed
292 788 418 853 utillud
433 789 583 855 similiter
597 792 831 872 requirendum
842 799 935 872 poto,
949 798 1059 855 utrum
1076 800 1146 872 post
1158 794 1245 856 hooc

151 889 288 952 nundum
308 892 438 956 curatio
457 895 568 974 aliqua
589 900 622 957 et
641 894 825 956 emendatio
844 894 920 968 erit,
940 895 1088 974 asperior
1107 891 1239 974 quidem

150 1001 176 1055 ct
191 993 308 1056 doloria
321 995 415 1074 plena
436 1013 513 1076 erga
528 1015 598 1071 eoa,
619 997 675 1076 qui
699 993 808 1060 Verbo
825 995 883 1060 liei
896 997 1028 1060 obedire
1049 995 1240 1060 uoluerunt:

149 1095 413 1174 pereruditiouem
426 1117 504 1162 vero
516 1098 805 1181 rationabilemque
816 1099 1061 1172 institutionem,
1075 1116 1133 1178 per
1143 1113 1242 1177 quam

149 1204 260 1274 ment
280 1199 321 1260 od
342 1198 593 1277 locupletiorem
615 1199 775 1280 proicere
797 1201 943 1264 veritatis
964 1201 1167 1264 intellectum
1189 1199 1243 1272 ht,

148 1299 195 1377 qut
213 1299 243 1360 in
262 1304 425 1378 praesenti
449 1302 514 1362 rita
536 1301 569 1364 iu
589 1303 669 1364 llaec
688 1320 723 1364 ae
743 1302 850 1365 studia
873 1302 1076 1376 dediderunt,
1098 1320 1137 1364 ae
1158 1319 1246 1363 men·

149 1399 220 1462 titos
236 1402 442 1480 purgatiores
461 1400 580 1476 effecti,
596 1419 730 1483 capaces
747 1404 814 1485 jam
837 1404 911 1467 ltine
927 1404 1053 1465 divinoe
1073 1402 1248 1483 sapientiae

148 1512 371 1578 perrexeruut:
387 1513 421 1564 ct
440 1513 513 1583 post
533 1506 614 1568 llaec
632 1508 742 1568 statim
757 1505 826 1568 duis
847 1506 992 1568 omnium
1014 1513 1247 1584 consequetur,

148 1610 175 1663 et
191 1620 249 1682 pro
268 1605 472 1667 conectiooa
492 1616 526 1668 et
545 1607 768 1670 emendatione
797 1623 927 1680 eorum,
950 1607 1006 1686 qui
1030 1605 1149 1669 talibus
1171 1606 1253 1670 indi·

149 1713 223 1782 gent,
237 1706 322 1768 aliua
343 1723 460 1770 rursm
474 1708 614 1769 muudus
633 1708 709 1781 erit,
732 1707 786 1770 rel
799 1707 912 1770 similis
934 1708 997 1781 isti,
1014 1707 1070 1786 qui
1091 1717 1253 1780 nauseet,

150 1803 193 1865 ret
211 1806 272 1868 laoe
294 1805 434 1882 melior,
464 1814 523 1870 ant
551 1807 655 1870 multo
676 1808 840 1885 deterior;
873 1814 905 1870 et
925 1807 1174 1887 qualiscumque
1197 1807 1253 1870 ille

147 1907 200 1970 erit
212 1917 282 1988 post
304 1908 404 1983 hunc,
420 1909 572 1984 mundus,
587 1910 744 1990 quamdiu
759 1912 839 1972 erite
856 1916 888 1971 ot
908 1911 934 1972 ai
949 1909 1012 1986 (ao)
1032 1910 1094 1971 erit
1109 1909 1255 1988 eliquan-

149 2007 195 2084 do,
213 2027 288 2072 cum
311 2009 425 2073 oulloa
446 2029 589 2091 nuquam
609 2011 652 2073 ait
666 2012 822 2084 muudus,
842 2017 901 2073 aot
921 2009 1100 2086 silotrum)
1123 2009 1184 2072 luit
1197 2009 1255 2070 ali·

149 2110 280 2189 quande,
303 2129 379 2174 cum
403 2114 542 2176 mundus
563 2129 626 2174 uon
642 2111 741 2176 tuerit
761 2112 915 2174 omnious
937 2111 1040 2172 autri
1062 2110 1163 2188 (nom)
1185 2109 1253 2172 luc·

150 2211 204 2272 rint
222 2213 349 2292 plures,
373 2214 425 2275 rel
443 2224 564 2292 eruut;
586 2223 645 2278 aut
663 2213 842 2290 silotrum)
865 2213 990 2275 occidat
1009 2211 1197 2290 aliquando,
1219 2217 1256 2274 ut

149 2310 234 2374 alteri
257 2313 347 2375 alter
375 2315 522 2394 aequalia
543 2322 576 2376 et
595 2315 708 2376 similis
739 2315 925 2394 peremnia
948 2319 1046 2393 utque
1066 2313 1259 2376 indiscretus

149 2413 265 2477 ermiat
286 2415 461 2491 (similiter
480 2414 714 2496 requirendum
736 2414 852 2495 puto).
874 2433 891 2472 s
914 2413 955 2492 (Ἴ

529 2616 630 2682 emo
649 2638 676 2680 ι.
698 2615 885 2699 ntem·

221 2819 443 2905 Hieronymus
465 2839 567 2902 porro
588 2823 671 2886 hanc
691 2822 877 2902 nuncupem
900 2822 990 2885 brevi
1011 2838 1160 2884 sermone
1174 2839 1261 2886 com·

155 2921 263 3000 plexus
288 2924 333 2987 ita
355 2925 388 2986 in
409 2921 552 3001 Epistola
576 2925 616 2986 ad
640 2925 773 2987 Avitum
794 2941 824 2985 n.
845 2921 877 2986 5.
899 2922 1047 3003 origenis
1069 2940 1197 2985 sensum
1216 2923 1263 2984 iu·

155 3027 369 3104 terpretaturz
393 3045 411 3083 c
434 3023 469 3086 ln
490 3026 633 3090 aecoodo
653 3036 764 3088 autem
777 3025 864 3087 libro
886 3022 1105 3102 (retentae)
1125 3023 1262 3087 mundos

155 3127 262 3189 tuerit
273 3127 539 3200 innumerabiles,
555 3144 618 3190 ooo
630 3128 725 3207 juxta
741 3125 934 3206 Epicurum,
948 3143 1013 3188 uno
1029 3132 1174 3205 tempore
1189 3123 1261 3202 plo·

155 3225 245 3292 riuos
264 3238 299 3292 et
312 3229 364 3292 sul
383 3230 518 3305 similes,
533 3229 587 3292 sed
610 3239 683 3309 post
702 3229 838 3292 alterius
860 3227 955 3291 linem
978 3227 1101 3300 muudi,
1124 3227 1261 3289 ulterius

155 3343 216 3390 asse
235 3329 455 3408 principium
469 3339 502 3394 et
515 3339 589 3394 ante
611 3331 698 3394 dunc
712 3336 861 3393 nostrum
878 3329 1049 3403 mundum,
1067 3327 1168 3392 alium
1185 3327 1262 3391 luia·

155 3446 185 3490 ae
204 3431 383 3495 muudumz
405 3441 438 3495 et
453 3439 524 3512 post
549 3433 636 3496 ltnuc
650 3432 752 3497 alium
767 3431 1012 3504 oneratorum,
1027 3437 1060 3492 et
1075 3439 1147 3509 post
1167 3429 1262 3492 illum

156 3528 269 3594 alium
291 3549 494 3612 rursumque
514 3538 639 3596 ceteros
669 3540 742 3612 post
762 3541 900 3594 eeteros.
932 3529 974 3594 Et
995 3529 1121 3592 dubitet
1152 3537 1263 3592 utrum

157 3627 283 3696 loturus
296 3632 340 3696 ait
360 3633 608 3697 muuduaaltcri
631 3633 751 3697 muodo
771 3633 816 3695 ite
837 3633 982 3694 exomni
1004 3637 1097 3710 parte
1117 3629 1264 3693 consimi-

157 3727 214 3808 lis,
235 3734 389 3798 utnullo
409 3736 548 3798 interae
568 3736 688 3798 distare
718 3734 908 3797 rideantur:
932 3749 971 3794 uo
993 3740 1081 3796 certe
1103 3747 1268 3810 nunquam
1337 3767 1341 3774 -

159 3835 294 3900 nundus
313 3836 412 3899 alteri
432 3837 555 3902 muodo
575 3856 617 3899 ex
639 3843 707 3899 toto
728 3835 941 3909 indiscretus,
970 3842 1003 3896 et
1023 3833 1136 3896 similia
1155 3832 1198 3896 sit
1219 3831 1270 3897 lu-

162 3939 261 4000 lma.
282 3955 301 3994 a
1238 3967 1240 3972 ,

234 4035 273 4100 lu
293 4023 343 4102 luia
362 4046 474 4102 autem
487 4036 638 4118 Orireuia
651 4038 745 4102 dictis
765 4038 973 4101 discutiendis
996 4040 1137 4119 primum
1160 4037 1170 4114 (
1181 4034 1268 4116 quod

157 4135 220 4214 jam
238 4155 337 4220 caepe
349 4139 594 4221 pnemiaimua)
609 4139 696 4204 laaud
714 4139 887 4219 ignoretur
901 4137 1022 4204 Rudini
1044 4136 1175 4219 praevia
1198 4152 1270 4198 ver·

261 4360 296 4435 i')
313 4361 349 4417 ¹¹¹
365 4362 456 4435 lilim
471 4365 552 4435 pvb
567 4360 762 4434 praemisimus
773 4359 921 4417 Rufinum
933 4361 963 4415 in
974 4359 1100 4414 reraione
1117 4353 1268 4430 portentu

167 4448 231 4521 ἰιι
248 4469 320 4524 uo,
332 4456 376 4512 no
396 4453 472 4530 send
484 4469 611 4529 Μ,
628 4469 686 4512 non
698 4453 790 4510 notum
800 4453 989 4511 enatum
1005 4449 1055 4509 ιαι
1073 4457 1101 4506 e
1118 4447 1268 4505 sustene

171 4561 231 4603 nau
247 4547 395 4622 complaeu'
410 4547 595 4620 quueatim.
