3375 5567
168 804 371 868 samatatloue
392 805 560 869 essentiam
592 796 784 884 corpoream
806 818 923 886 puram
953 804 1024 868 lore
1044 812 1078 868 et
1099 816 1270 887 purgatam

166 904 340 970 admodum
362 908 517 983 aetberis,
532 907 611 971 satis
630 909 819 971 senserimus
835 909 941 989 ipsum
956 906 1045 970 nolle
1060 910 1208 989 eorporis
1224 928 1275 973 re-

167 1008 315 1086 surgentis
333 1011 568 1090 proprietatem
583 1024 786 1091 nuncupare,
805 1026 919 1072 verum
934 1008 1107 1089 quamdam
1124 1010 1275 1074 similitu-

162 1108 254 1170 dinem
277 1110 484 1187 adsciscere,
517 1128 615 1191 qnam
638 1110 838 1192 praeseferet
857 1112 1037 1175 substantia
1059 1127 1218 1193 corporee
1240 1113 1272 1197 in

162 1211 210 1271 illo
227 1211 299 1274 die:
333 1220 371 1275 ei
389 1228 431 1275 eu
451 1214 552 1292 magis
573 1230 647 1275 eum
670 1213 770 1293 paulo
800 1220 895 1275 autea
917 1211 1059 1287 dixerit,
1093 1228 1270 1291 eorporum

161 1321 297 1376 saturem
312 1322 394 1378 tuno
415 1317 570 1395 temporis
585 1332 648 1377 nou
669 1317 851 1395 eorrumpi,
874 1330 980 1394 neque
1003 1314 1149 1390 dissolvi,
1172 1315 1274 1379 sedin

161 1414 262 1477 meiius
276 1416 507 1479 tautummodo
524 1418 655 1480 mutari.
673 1416 846 1479 Praeterea
863 1430 968 1496 neque
983 1432 1040 1479 uos
1056 1416 1169 1490 lateat,
1185 1416 1272 1496 quod

161 1515 217 1595 ipse
234 1517 336 1593 paulo
354 1524 427 1597 post
441 1518 488 1579 ait
503 1520 534 1580 iu
549 1536 578 1581 o.
596 1515 668 1579 vlt.
684 1534 716 1578 u.
730 1514 761 1581 5.
775 1516 814 1579 de
827 1524 992 1581 astrorum
1007 1526 1143 1579 naturas
1160 1515 1272 1581 «Nam

158 1617 223 1680 lieet
241 1618 438 1680 aethereum
457 1619 500 1681 sit
520 1633 641 1699 eorpus
660 1627 836 1694 astrorum,
862 1626 968 1681 tamea
991 1627 1039 1681 est
1056 1620 1236 1683 materiale.
1256 1640 1272 1677 u

161 1715 296 1799 lienium
323 1720 353 1782 si
375 1720 642 1797 meminerimus,
674 1720 762 1802 quod
785 1721 853 1802 ipse
875 1721 1040 1801 putaverit
1071 1722 1111 1784 de
1132 1735 1272 1804 corpore

159 1822 297 1900 spiritaii,
313 1824 348 1885 tu
370 1837 438 1901 quo
448 1821 545 1903 juxta
569 1820 762 1902 Apostolum
781 1826 954 1900 resurgent
973 1838 1083 1884 omues
1114 1822 1164 1899 (iu
1184 1820 1271 1902 qnod

161 1924 349 1988 roeabulum
367 1925 454 1986 renis
474 1924 545 1987 idea
557 1924 873 2004 incorruptibilitatis
890 1924 899 1993 l
914 1940 953 1987 ao
975 1932 1083 1987 cetera
1098 1941 1184 2004 quae
1204 1942 1273 1987 sae·

160 2024 275 2103 pissinm
304 2027 463 2107 expendit
482 2034 595 2089 eontra
627 2026 785 2107 dogmatis
809 2025 850 2088 de
879 2026 1119 2089 resurreetione
1151 2026 1271 2101 bootes,

159 2126 261 2191 nerito
279 2146 365 2192 saue
385 2129 426 2190 ab
446 2129 542 2193 simili
569 2128 610 2191 de
630 2129 782 2191 aetheriis
803 2128 997 2210 corporibus
1017 2128 1049 2191 in
1072 2128 1136 2193 rita
1159 2127 1272 2193 lutura

158 2244 256 2292 errore
276 2230 500 2295 absolvendus
521 2238 569 2294 est
588 2224 755 2310 Origenes.

227 2328 465 2395 Verumtamen
480 2334 566 2395 eirea
587 2334 809 2412 quaestionem
825 2332 865 2396 de
888 2330 1083 2413 eorporlbns
1097 2332 1200 2396 aereis
1223 2350 1273 2395 re·

158 2434 355 2509 suscitandis,
376 2435 602 2511 consulantur,
624 2452 711 2517 quae
731 2438 799 2517 ipse
813 2444 927 2500 eontra
950 2434 1133 2499 baeretioos
1145 2434 1271 2509 scribit,

162 2538 427 2599 resurrectionem
448 2537 579 2616 quidem
605 2546 813 2600 mortuorum
834 2536 1051 2614 admittentes,
1069 2543 1212 2601 ettamen
1231 2537 1274 2601 si·

161 2649 192 2695 re
210 2653 363 2716 corpore.
387 2635 423 2698 lu
446 2636 504 2699 bos
519 2634 619 2700 Libro
641 2634 682 2699 ll.
708 2634 905 2700 Periorolou
925 2654 953 2701 u.
967 2634 1006 2699 X.
1026 2634 1058 2701 2.
1080 2638 1146 2717 egit
1167 2644 1273 2701 oslen-

161 2732 247 2810 teus,
269 2754 417 2823 corpora
446 2756 510 2801 una
533 2746 761 2804 resurrectura
789 2740 956 2805 nobiseum
979 2739 1016 2801 ad
1049 2738 1272 2804 intumentum

162 2838 271 2918 uostri;
303 2846 342 2902 et
364 2838 513 2919 proiecto
541 2856 617 2903 oum
646 2840 764 2902 nostris
789 2840 865 2920 ipsis
894 2838 1110 2919 corporibus,
1134 2840 1272 2904 artubus

164 2940 336 3004 constrictis
357 2957 578 3021 resurgemus,
601 2956 687 3022 quse
706 2951 799 3006 autea
821 2942 1005 3017 induimus,
1028 2941 1272 3005 immortalitate

163 3038 289 3120 iusuper
306 3041 475 3123 praeditis,
497 3042 625 3122 iuqnile
649 3064 667 3102 r
689 3041 852 3119 Quoniam
874 3060 953 3123 ergo
980 3043 1134 3107 haeretiei
1163 3041 1272 3107 erudi·

165 3140 264 3206 tissimi
284 3146 348 3209 sibi
372 3144 524 3207 sidentur
544 3151 576 3209 et
596 3146 839 3226 sapientissimi,
862 3144 1133 3225 interrogabimus
1153 3164 1221 3222 eos,
1243 3147 1269 3208 si

163 3258 245 3307 omne
264 3262 389 3328 eorpus
409 3248 538 3310 sobema
561 3248 678 3312 babeat
698 3248 843 3330 aliquod.
865 3244 908 3312 Et
929 3246 955 3311 si
976 3247 1106 3329 quidem
1129 3248 1271 3312 dixerint

163 3360 221 3407 esse
239 3364 376 3429 eorpus,
397 3346 486 3428 quud
508 3364 571 3411 nou
591 3349 704 3431 aliquo
725 3349 839 3412 habitu
863 3346 1079 3426 deformetur,
1101 3348 1184 3412 idest
1205 3348 1272 3413 ior·

164 3458 235 3509 mam
260 3449 408 3531 aliquam
431 3449 617 3532 praeierat3
639 3450 868 3530 imperitissimi
898 3452 1044 3514 omnium
1072 3458 1171 3533 atque
1198 3451 1271 3513 insi·

164 3546 337 3623 pientissimi
362 3552 569 3617 ridebuntur.
593 3550 715 3617 Nullus
736 3556 824 3617 enim
848 3554 909 3616 boo
932 3554 1072 3634 negabit,
1094 3554 1153 3617 uisi
1166 3554 1215 3616 sit
1229 3552 1270 3615 ab

163 3652 236 3714 omni
257 3652 442 3717 eruditione
468 3656 595 3734 penitus
616 3655 753 3719 alienus.
775 3654 808 3720 Si
831 3670 909 3719 vero
930 3654 1109 3718 seeundum
1132 3654 1162 3716 id
1181 3654 1269 3733 qaod

167 3764 353 3835 consequeus
375 3760 435 3832 est,
455 3754 607 3831 dixerint,
624 3757 701 3836 quia
715 3772 810 3820 omne
831 3774 950 3837 corpus
966 3762 1054 3820 oerta
1076 3756 1186 3836 aliqua
1205 3755 1270 3817 lor-

168 3864 208 3912 tna
227 3852 412 3930 instruitur,
435 3857 641 3937 requiremus
662 3857 702 3919 ab
724 3860 783 3931 eis,
805 3857 833 3920 si
856 3866 989 3937 possunt
1011 3856 1102 3920 uobis
1116 3856 1271 3936 spiritalis

168 3956 300 4032 torporis
322 3955 469 4019 babitum
489 3958 559 4019 rire
582 3956 718 4019 turmam
741 3964 924 4021 monstrare
947 3965 1047 4037 atquo
1071 3956 1267 4020 describere:

167 4052 239 4128 quod
261 4057 377 4137 utique
397 4057 490 4121 nullo
518 4057 615 4122 modo
637 4058 745 4123 iacere
766 4066 931 4139 poterunt.
960 4078 976 4114 u
999 4058 1152 4122 Coterum
1180 4057 1267 4139 qood

166 4166 216 4216 ton
229 4159 329 4237 probe
352 4160 431 4223 vidit
448 4160 478 4223 in
492 4160 641 4242 Origenis
657 4161 806 4240 dogmate
828 4159 869 4223 de
885 4158 1137 4223 Resurrectione
1153 4158 1268 4223 liiero·
1346 4232 1350 4237 ,

167 4266 277 4335 timus,
292 4260 373 4324 ridit
395 4261 600 4342 Ambrosium
616 4262 673 4343 qul
695 4263 727 4323 iu
743 4259 841 4325 Libro
854 4258 927 4324 itt.
944 4258 1262 4325 Commentariorum

169 4350 311 4427 blame
331 4372 433 4445 capnt
454 4362 508 4427 tx.
530 4362 587 4427 ait:
610 4384 628 4424 a
649 4362 732 4430 Nam
761 4366 788 4429 si
809 4362 887 4427 solis
909 4362 1035 4427 radium
1067 4358 1263 4441 eregioae,

171 4472 307 4540 torpores
321 4466 438 4546 nequit
450 4466 534 4530 acies
550 4466 722 4546 sustiuere3
739 4464 905 4547 quomodo
920 4464 979 4527 liei
1000 4464 1138 4548 gloriam
1154 4465 1267 4526 buma-

172 4572 269 4628 norum
289 4566 373 4632 ieret
394 4567 584 4648 corruptela
605 4563 848 4630 membrorum?
869 4562 985 4647 quue
1008 4566 1124 4645 purior
1144 4574 1176 4629 et
1192 4564 1267 4627 snb-
