3375 5567
437 749 619 811 voluntaria
645 746 764 823 mede,
785 756 842 811 aut
863 750 980 828 quovis
1001 747 1066 812 alio
1087 748 1230 828 graviori
1250 747 1373 811 scelere
1394 746 1538 810 holocau-

437 857 522 913 stum
538 848 654 913 olieret
670 847 749 927 (auti
766 867 825 930 pro
846 856 990 930 peccato.
1009 849 1061 915 Sic
1082 850 1192 932 itaque
1208 847 1358 930 apostoli,
1374 855 1418 922 et,
1432 848 1486 929 qui
1503 847 1539 910 si·

436 952 528 1014 miles
550 951 704 1032 apostolia
724 960 820 1025 suut,
842 951 1028 1018 sacerdotes
1048 951 1142 1034 juxta
1167 971 1317 1032 magnum
1341 949 1538 1024 Pontificem,

439 1050 606 1131 disciplina
628 1053 729 1114 divini
748 1052 859 1116 cultus
884 1054 1031 1116 instructi
1054 1063 1124 1116 cta
1147 1053 1268 1133 Spiritu
1289 1053 1417 1128 edocti,
1447 1051 1539 1114 sciunt

435 1175 497 1236 pro
516 1156 635 1235 quibus
650 1155 789 1235 peccatis
804 1163 837 1215 et
851 1155 982 1234 quando
997 1163 1031 1219 et
1044 1156 1209 1236 quomodo
1225 1154 1343 1218 ollerre
1357 1151 1539 1217 sacmiiciuu

436 1265 607 1338 oporteat5
630 1265 662 1318 et
683 1275 743 1336 pro
765 1256 885 1336 quibus
908 1275 971 1318 non
992 1264 1143 1336 oporteat
1163 1257 1258 1318 etiam
1280 1265 1412 1317 norunt.

516 1357 767 1434 «Quamobrem
789 1359 940 1421 sacerdos
961 1357 1036 1422 lleli
1057 1377 1131 1421 cum
1154 1366 1322 1439 peccantes
1343 1364 1450 1448 nosset
1470 1353 1538 1418 dlios

435 1460 542 1542 tlpisni
563 1467 596 1522 et
617 1459 764 1533 Phineas,
782 1479 840 1523 uec
861 1478 959 1540 qnam
982 1468 1088 1541 posset
1106 1461 1151 1523 cis
1172 1478 1265 1540 opem
1287 1457 1538 1522 inremissionem

436 1571 645 1642 peccatorum
667 1560 798 1636 alierre,
814 1562 912 1624 etiam
934 1561 964 1624 id
981 1580 1072 1641 posse
1094 1561 1163 1624 lieri
1186 1581 1220 1624 se
1240 1561 1414 1642 desperare
1432 1558 1540 1620 latetur

435 1662 484 1724 lais
508 1662 634 1724 vernia:
652 1661 681 1723 si
691 1679 826 1741 peccans
843 1663 1020 1742 meuserit
1037 1664 1089 1730 vir
1101 1663 1137 1728 ia
1151 1661 1277 1736 airum
1298 1672 1328 1726 rt
1347 1661 1482 1726 crudam
1492 1679 1538 1744 pro

433 1782 477 1826 ea.
500 1759 536 1826 Si
548 1772 652 1826 autem
674 1762 710 1825 ia
726 1763 897 1828 Dominum
913 1763 1189 1847 pressurisque
1201 1765 1302 1829 crudit
1311 1783 1373 1846 pro
1392 1759 1537 1828 eoi’Suut

435 1866 595 1941 nonnulli,
618 1867 674 1946 qui
696 1869 804 1930 nescio
825 1868 991 1947 quomodo
1011 1868 1070 1932 sibi
1093 1876 1247 1949 arrogant
1268 1886 1318 1941 aa,
1340 1885 1426 1948 quaa
1444 1883 1536 1930 sacar·
1603 1863 1604 1876 ¹

436 1966 579 2030 dotalem
600 1974 756 2046 superant
775 1967 976 2046 dignitatem,
999 1967 1084 2031 lorte
1106 1969 1202 2032 etiam
1225 1966 1322 2030 rudea
1343 1963 1537 2030 sacerdotalia

437 2068 647 2146 discipliuae,
670 2068 920 2148 glorianturque
941 2071 1033 2150 quasi
1064 2071 1185 2150 possint
1205 2069 1301 2132 etiam
1333 2068 1537 2132 idololatriam

437 2170 643 2244 condonare,
665 2169 904 2246 audulterio,
925 2178 958 2233 at
980 2170 1205 2234 fornicationes
1227 2173 1414 2234 remittere:
1436 2168 1534 2250 qnasi,

437 2272 534 2339 modo
555 2288 615 2357 pro
647 2273 685 2336 iis
705 2273 894 2348 oraverint,
917 2272 972 2352 qui
997 2271 1181 2353 hujusmodi
1214 2272 1357 2336 iaciuora
1380 2271 1533 2352 patrarint,
1603 2275 1604 2334 i

437 2372 630 2436 solvendum
651 2375 692 2438 ait
720 2375 816 2436 etiam
850 2372 937 2454 qnod
960 2374 999 2435 ad
1022 2384 1158 2436 mortam
1181 2382 1251 2448 est,
1277 2383 1456 2454 peccatum.
1477 2369 1535 2434 Nou

435 2474 520 2537 cuim
541 2473 623 2538 iilud
646 2475 780 2552 legunt:
803 2483 849 2537 rat
866 2483 1028 2555 paccatum
1048 2476 1091 2538 ud
1111 2484 1252 2552 mortem,
1267 2492 1332 2538 aaa
1346 2493 1409 2556 pro
1428 2473 1481 2536 illo
1498 2468 1534 2534 di·

436 2593 473 2640 co
492 2585 529 2636 na
546 2584 634 2655 repet
653 2574 734 2656 puis.
752 2575 1014 2640 Praetereundus
1035 2594 1099 2640 non
1120 2585 1167 2640 est
1182 2563 1376 2643 lortis'simns
1396 2575 1469 2652 lon,
1488 2573 1533 2655 qui

435 2693 495 2755 pro
516 2676 590 2738 tiliis
609 2676 767 2740 olierebat
787 2679 957 2753 sacrificia,
981 2678 1192 2759 dicebatque:
1208 2697 1247 2741 aa
1263 2680 1342 2759 sorte
1357 2676 1422 2760 fitia·
1435 2674 1490 2740 mei
1504 2673 1533 2736 is
1603 2685 1604 2752 j

436 2786 536 2840 meaa
548 2797 608 2840 suo
622 2778 709 2843 mnia
725 2776 934 2859 capitancriat
947 2781 1112 2842 aduersum
1126 2777 1236 2846 naam.
1252 2778 1335 2846 Nam
1350 2782 1458 2862 proila
1477 2798 1535 2860 pec·
1603 2799 1604 2860 i

436 2881 515 2943 catis
539 2879 637 2942 ollert
659 2880 868 2954 scantiniam,
887 2898 971 2962 quae
992 2899 1032 2944 au
1053 2883 1190 2948 admissa
1210 2884 1285 2960 siut,
1301 2882 1438 2960 dubitat,
1450 2899 1532 2964 quaa

436 2997 502 3061 que
522 2980 562 3042 ad
585 2980 671 3044 labia
694 2998 798 3060 usque
819 2998 882 3044 nou
905 2991 1182 3061 processerunt.»

520 3080 570 3146 lis
586 3082 635 3145 lais
658 3083 763 3145 verbis
779 3091 948 3161 putarunt,
971 3103 1031 3148 ceu
1050 3085 1130 3159 dixi,
1145 3081 1319 3164 Oripooem
1334 3085 1476 3155 docuisse
1489 3083 1531 3146 tri

436 3183 513 3266 plex
534 3191 740 3262 pcccatorum
762 3200 863 3261 penus
884 3181 965 3246 idest
986 3184 1227 3262 idololatriam,
1250 3185 1412 3253 adulteria
1431 3193 1462 3250 et
1480 3184 1530 3248 iar·
1603 3219 1604 3230 κ

435 3286 623 3360 uicatioues,
645 3284 820 3348 immobile
842 3283 966 3361 haberi,
989 3293 1022 3348 at
1043 3285 1212 3364 proindea
1233 3287 1455 3369 sacerdotibus
1472 3287 1530 3350 reti·

435 3386 600 3450 naudums
623 3387 772 3466 quemvis
797 3385 853 3452 alii
876 3387 984 3450 mitius
1007 3387 1065 3448 nos
1095 3404 1206 3458 sensus
1228 3388 1435 3468 interpretari
1455 3403 1529 3466 praa

435 3494 565 3553 sumam
578 3505 619 3549 ex
641 3486 817 3552 collatione
838 3487 1030 3566 praesertim
1045 3486 1187 3552 aliorum
1209 3487 1373 3564 locorum,
1392 3489 1445 3554 ubi
1465 3487 1529 3552 idea

434 3590 545 3668 agitur
564 3596 804 3668 argumentum.
827 3585 898 3668 Ego
919 3596 1097 3662 autemut
1118 3588 1240 3670 ubique
1261 3599 1382 3669 pateat,
1405 3589 1530 3654 eamden

436 3687 532 3752 tidem
554 3688 736 3767 professum
756 3708 827 3759 esse
847 3687 1039 3765 ductorem,
1061 3707 1100 3753 ac
1119 3690 1180 3761 sibi
1201 3692 1296 3756 sicuti
1318 3689 1481 3758 Ecclesiae
1497 3691 1531 3752 in·

432 3789 656 3858 stitutiooiisus
676 3790 883 3865 concordem,
899 3791 1090 3870 priusquam
1105 3793 1200 3859 citata
1217 3791 1300 3856 dicta
1321 3793 1530 3861 enucleentur,

435 3889 592 3954 nonnulla
613 3890 655 3952 de
676 3888 883 3970 usucapere·
902 3899 935 3955 ct
956 3891 1030 3957 nine
1051 3893 1091 3956 de
1111 3895 1284 3974 culparum
1304 3893 1485 3958 remissione
1500 3887 1532 3949 ai

434 3992 504 4071 ipso
524 3991 687 4067 discussa,
710 3993 894 4071 praelibare
914 3995 1024 4057 statui.
1047 3991 1140 4070 Quae
1162 4013 1223 4061 nan
1247 4003 1372 4058 tautum
1393 3991 1532 4074 origenia-

432 4093 466 4155 ni
486 4090 643 4172 dogmatis
663 4093 839 4171 integritati
860 4093 1043 4170 consulant,
1061 4113 1175 4160 verum
1196 4102 1234 4158 ut
1255 4097 1469 4160 recentiorum
1487 4093 1532 4156 ha

435 4193 671 4256 tarodoxorum
693 4193 803 4256 illusio
822 4203 998 4274 appareat,
1020 4195 1077 4274 qui
1092 4193 1270 4260 ductorem
1291 4195 1449 4260 advocant
1466 4210 1534 4258 sura

434 4292 575 4358 insamae
588 4301 761 4374 patronum
776 4292 933 4362 adversus
945 4293 1122 4360 Romanam
1134 4295 1313 4362 Ecclesiam
1328 4316 1387 4378 par
1397 4315 1447 4374 ca,
1460 4311 1532 4378 qnae

437 4395 479 4458 de
499 4396 563 4459 noc
584 4394 803 4461 Paenitentiae
822 4407 1025 4463 sacramento
1046 4397 1168 4467 trustra
1190 4407 1412 4480 praesumunt.
