3375 5567
174 782 301 861 fideles,
317 801 389 849 uea
404 783 485 852 iesu
503 785 729 863 desciscerent,
741 783 798 852 sed
810 783 948 851 tirmiter
965 801 1001 852 re
1020 781 1188 863 baberent,
1201 785 1289 852 sieut

173 886 300 963 Simon,
322 887 379 968 qui
400 887 474 952 ideo
492 889 598 954 dictus
616 896 667 953 est
689 887 817 967 Petrus,
838 887 965 969 inquito
988 884 1105 951 morus
1125 885 1241 952 Petnsr
1259 895 1290 951 et

172 988 313 1052 mdeste
332 987 558 1054 beatitudinem
576 1007 799 1074 comepuemor
818 1008 917 1072 paone
929 990 998 1068 iiie,
1015 995 1150 1071 propter
1168 990 1289 1072 conses-

171 1088 294 1152 sionem
312 1100 455 1154 nostram
473 1088 609 1155 cinitone
623 1091 813 1175 confessioni
830 1091 934 1158 iilius.
953 1089 1158 1172 proindeque
1176 1092 1289 1156 etiam·

173 1191 199 1255 si
219 1193 322 1256 sciret
341 1190 510 1273 Origenes,
540 1211 618 1258 rere
642 1195 682 1259 ad
705 1195 837 1260 Petrum
860 1197 982 1259 dictum
998 1193 1108 1258 inisser
1123 1200 1160 1256 tte
1186 1211 1217 1254 eo
1230 1190 1290 1257 Po·

173 1282 245 1356 trrr'r
268 1301 327 1357 etc.
351 1300 457 1358 tamen
476 1295 518 1359 nb
539 1296 637 1378 bnjus
650 1297 856 1363 discussionis
869 1297 960 1362 initio
973 1296 1013 1358 ad
1029 1295 1124 1359 duem
1139 1300 1227 1375 patet
1240 1292 1289 1374 ip·

170 1413 244 1458 suan
264 1413 364 1459 sensu
384 1395 517 1459 litterali
536 1399 606 1461 sire
629 1400 763 1480 proprio
789 1398 883 1479 loqui
911 1397 1075 1476 uoluisso;
1107 1412 1224 1461 rerum
1245 1395 1289 1458 ob

171 1496 417 1560 similitudinem
437 1497 526 1561 iilius
546 1496 695 1574 Simonis,
716 1500 773 1581 qui
794 1499 891 1562 Petro
904 1499 1009 1562 dictus
1023 1505 1084 1573 ost,
1099 1497 1223 1560 sincera
1239 1495 1288 1577 ip·

172 1599 240 1662 sius
259 1599 403 1679 inspecta
424 1598 645 1677 coniectione,
667 1602 845 1666 arbitratus
866 1608 936 1677 est,
958 1599 1026 1680 ipse
1048 1598 1147 1662 rerba
1168 1596 1288 1662 reiorri

175 1717 270 1778 posse
287 1717 387 1764 sensu
407 1701 476 1765 lato
495 1708 554 1765 aut
573 1701 751 1783 improprio
770 1702 809 1765 ad
832 1720 944 1768 omnes
964 1698 1210 1774 christifideles,
1231 1715 1289 1762 cu·

173 1800 297 1882 iusque
318 1803 521 1880 conditionis,
542 1812 575 1867 et
593 1803 713 1868 ordinis
733 1806 765 1868 iu
786 1802 943 1870 Ecclesia.

248 1900 406 1967 Ceterum
427 1903 534 1984 quoad
558 1903 643 1970 Petri
665 1907 840 1986 primutum
862 1907 893 1970 in
913 1904 1059 1970 Ecclesia
1080 1919 1181 1984 snpra
1202 1907 1289 1966 ceto·

173 2020 226 2066 ros
244 2005 414 2083 apostotos
432 2025 475 2070 ox
494 2006 608 2071 codem
621 2006 739 2075 Christi
751 2025 901 2074 sermone
915 2006 1103 2080 deductum,
1119 2011 1152 2068 et
1166 2003 1288 2084 dequo

175 2105 295 2168 ibidem
316 2104 410 2168 siluit
428 2105 584 2187 Origenes
595 2127 607 2186 3
627 2109 703 2172 aiibi
726 2116 831 2173 tamen
851 2108 1050 2189 apertissime
1071 2105 1165 2171 ilium
1180 2111 1290 2170 conte·

175 2209 279 2270 stetus
299 2215 374 2286 est3
395 2215 428 2270 et
454 2207 586 2287 quidem
608 2209 708 2290 paulo
734 2219 806 2288 post
832 2209 865 2271 in
893 2207 1038 2290 eiusdem
1066 2204 1289 2272 commentarii

170 2302 272 2370 Tauro
293 2305 388 2371 Xiii.
410 2325 441 2370 n.
461 2306 513 2378 id
536 2310 592 2374 nbi
612 2311 770 2374 disserens
789 2310 830 2373 de
850 2317 982 2386 statere,
1003 2325 1101 2391 quem
1115 2307 1212 2374 iesus
1226 2323 1288 2388 pro

171 2425 206 2472 oe
224 2416 259 2472 et
279 2427 344 2490 pro
364 2409 463 2475 Petro
482 2411 571 2476 dedit
591 2413 799 2476 exactoribus
819 2411 946 2488 tributi,
968 2417 1102 2476 revocat
1114 2409 1239 2474 dictum
1253 2418 1290 2474 trs

176 2527 207 2572 es
226 2508 350 2575 Petrus
368 2521 431 2577 etc.
452 2523 485 2578 et
504 2515 569 2578 nite
591 2511 791 2578 «Venerunt
803 2513 887 2578 enim
905 2513 936 2575 in
950 2511 1177 2594 capharnaum
1191 2510 1290 2577 ierus

173 2621 272 2692 atquo
292 2613 446 2694 discipuli
466 2614 550 2696 ejus3
573 2615 629 2679 nbi
642 2621 676 2679 ot
694 2614 882 2679 didracbma
903 2615 1067 2694 exigentes
1082 2617 1291 2680 aoeessoruut

172 2713 210 2776 ad
230 2713 389 2793 Petrum3
410 2723 444 2779 ot
461 2718 699 2796 interrogantes
718 2717 896 2782 dixerunt:
919 2715 1071 2797 magister
1096 2726 1198 2780 noster
1224 2731 1290 2778 oron

172 2812 263 2878 soioit
275 2815 493 2880 distractos?
508 2815 555 2880 ita
573 2815 669 2881 Petro
683 2817 896 2898 respondente
909 2817 950 2881 nd
964 2835 1033 2894 eos,
1047 2815 1153 2882 otiosas
1169 2816 1289 2880 tadeus

175 2916 310 2982 verbum
334 2918 376 2982 do
394 2919 590 2983 didracboris
608 2917 706 2984 iesus
726 2920 823 2983 mittit
845 2917 977 2984 Petrum
998 2935 1071 2984 cuna
1087 2920 1183 2983 barno
1199 2937 1287 2984 cuut-

174 3018 375 3097 prebeudere
395 3022 535 3100 piscem3
563 3021 596 3083 in
616 3021 713 3102 cuius
731 3039 791 3085 ore
816 3021 944 3086 dicebat
968 3021 1196 3086 inveniendum
1217 3037 1287 3085 orso

172 3127 339 3200 sutorem,
361 3131 399 3186 ut
418 3123 554 3188 daretur
573 3139 633 3204 pro
653 3141 689 3188 se
702 3131 737 3188 et
750 3122 858 3187 Petro.
877 3121 947 3213 Ego
961 3124 1117 3201 arbitror,
1133 3122 1288 3204 quoniam

173 3225 352 3290 maximum
373 3225 460 3289 bunc
479 3225 698 3289 existimantes
718 3226 874 3289 bonorem
897 3228 929 3290 iu
950 3224 1084 3290 Petrum
1107 3242 1127 3288 a
1154 3221 1287 3288 Christo

172 3322 332 3388 coliatnrn
353 3325 458 3406 (qussi
479 3342 538 3406 per
557 3325 620 3389 hoc
628 3324 805 3406 judicasset
816 3343 893 3390 curn
907 3328 1023 3390 ceteris
1040 3324 1207 3407 discipulis
1222 3339 1288 3386 nra·

170 3422 287 3503 iorem)
308 3426 502 3508 cupiebant,
524 3427 613 3506 qnod
631 3427 905 3508 suspicabantur,
927 3435 1024 3492 eante
1046 3443 1252 3507 cognoscere.
1269 3443 1288 3482 s

252 3524 376 3592 Deinde
396 3527 427 3590 iu
447 3545 488 3590 eo
516 3525 619 3591 Tomo
644 3545 675 3590 u.
698 3526 750 3594 31.
773 3545 836 3591 uon
855 3529 964 3593 solum
984 3528 1159 3610 primatum
1178 3525 1234 3591 sod
1257 3529 1291 3589 et

171 3632 363 3704 potestatem
384 3627 527 3692 clavium
547 3631 580 3692 iu
602 3628 699 3694 Petro
719 3647 818 3709 supra
833 3639 960 3695 ceteros
975 3631 1117 3696 vindieat
1130 3628 1288 3710 Origenes

175 3744 216 3790 ex
233 3730 360 3794 serbis:
382 3728 441 3794 tibi
460 3731 673 3795 dobocioocr:
692 3753 711 3792 e
723 3732 786 3797 Sed
807 3733 962 3813 quoniam
975 3733 1149 3814 oportebat
1168 3732 1292 3815 aliquid

175 3828 279 3910 majus
299 3830 421 3896 babere
442 3831 576 3897 Petrum
596 3850 676 3913 prae
697 3833 775 3909 iliis,
790 3833 847 3913 qui
863 3840 914 3899 ter
933 3839 1122 3914 arguerent,
1149 3832 1223 3898 ideo
1243 3833 1292 3897 iiii

173 3928 303 4007 qudem
322 3933 369 3996 sic
389 3932 493 3996 dixit:
515 3941 545 3998 et
562 3929 620 3996 rib·
638 3931 718 3996 dodo
737 3934 841 3996 cinnes
862 3931 955 4014 regni
967 3935 1123 3998 coetorum
1129 3952 1141 4014 3
1156 3941 1185 3998 et
1198 3953 1293 4015 pono·

172 4043 302 4112 amque
320 4032 450 4098 reinerio
476 4052 571 4114 super
589 4043 728 4111 unum,
751 4043 849 4098 erunt
871 4036 977 4100 noireto
1002 4044 1032 4099 et
1057 4035 1094 4100 t'n
1116 4035 1233 4100 cocir'r:
1263 4047 1292 4101 et

173 4146 383 4217 umoremque
402 4132 551 4217 ligoocrr'r
571 4152 665 4215 super
685 4145 816 4211 terreor,
838 4145 932 4200 errem
952 4136 1054 4216 ligeto
1073 4144 1101 4199 et
1130 4135 1166 4199 io
1186 4134 1290 4200 coriis.

174 4228 245 4299 Non
265 4256 346 4318 orgo
365 4237 492 4302 modica
513 4236 696 4302 differentia
716 4247 778 4314 est,
799 4237 888 4318 quod
911 4237 1009 4302 Petro
1035 4238 1165 4320 quidem
1195 4238 1291 4302 datae

173 4343 247 4402 sunt
266 4340 377 4404 clavos
390 4357 454 4402 non
467 4338 564 4403 unius
578 4338 662 4402 coeii
674 4339 730 4402 sed
746 4341 928 4405 multorum
943 4341 1125 4418 coelorum,
1141 4347 1179 4405 ut
1191 4356 1292 4421 quae-

175 4453 316 4523 cumque
333 4442 485 4524 ligaverit
511 4459 611 4522 super
632 4449 777 4518 terram,
798 4443 864 4507 sint
883 4443 981 4523 ligata
1012 4459 1076 4506 oon
1105 4449 1231 4506 tautum
1257 4443 1292 4505 iu

177 4553 243 4604 uuo
261 4543 368 4624 coelo,
388 4543 444 4612 sed
465 4543 498 4608 in
518 4541 667 4610 omnibus
683 4542 806 4622 coeiis3
821 4552 854 4608 et
866 4559 951 4625 quae
964 4543 1102 4612 solverit
1114 4559 1215 4625 super
1228 4548 1294 4607 ter·
