3375 5567
154 785 201 853 est,
219 778 366 843 eumden
385 778 501 843 deinde
519 784 634 844 eoetn
649 796 702 853 ea,
721 792 807 859 quac
826 774 1016 857 spopondit,
1034 774 1074 839 de
1088 776 1199 840 mnndi
1214 778 1250 840 b-

155 898 195 956 ve,
211 880 249 943 de
275 882 518 947 resurroetione
536 881 659 957 earnis,
681 880 722 943 dc
743 880 809 942 vita
830 885 976 955 aeterna,
1000 878 1040 941 de
1070 879 1251 959 proborum

155 980 376 1061 impiorumque
387 987 550 1047 sorteotc.
573 982 796 1056 disserentem,
811 980 855 1042 ab
866 979 1086 1044 ecclesiastico
1097 978 1248 1059 dogmate

152 1080 295 1157 deiecisse,
317 1090 353 1145 ct
372 1083 539 1163 opiniones
559 1082 600 1145 de
621 1100 815 1163 graecorum
848 1080 1050 1162 philosophia
1073 1089 1105 1145 et
1133 1082 1250 1145 barba-

151 1198 245 1243 mmm
264 1183 353 1245 cirea
369 1180 657 1264 iirtcmpsycborim
676 1192 710 1247 et
729 1189 839 1247 cetera
861 1180 1048 1262 huiusmodi
1071 1181 1198 1261 petitas,
1215 1182 1248 1245 in

150 1301 211 1346 suos
228 1284 329 1348 libros
348 1285 517 1361 detulisse,
538 1304 660 1366 easque
673 1284 823 1349 tidelibus
843 1285 1044 1365 propinasse3
1061 1284 1109 1347 uti
1131 1302 1172 1348 ex
1184 1286 1250 1365 pri·

149 1385 198 1447 seis
215 1386 323 1462 velint,
345 1395 381 1451 et
400 1406 444 1451 cx
464 1388 699 1453 nocentioribus
719 1387 880 1470 plerique.

209 1483 249 1550 iit
267 1505 305 1552 re
325 1490 461 1571 quidem
483 1508 574 1566 vera,
592 1492 685 1570 siqua
699 1491 733 1551 in
753 1487 895 1552 medium
911 1486 1123 1567 proterantur
1143 1504 1185 1550 ex
1200 1486 1245 1550 ci·

150 1588 207 1648 tatis
224 1587 328 1665 libris,
355 1608 421 1655 non
441 1592 641 1670 paullulum,
673 1607 772 1673 qnam
791 1589 906 1665 statui,
934 1588 1148 1652 roborabitur
1174 1605 1247 1651 ssu·

150 1693 228 1754 tentia
247 1692 288 1754 de
309 1692 433 1757 horum
451 1693 615 1758 librorum
636 1692 887 1772 interpolatione
909 1698 942 1754 et
962 1690 1067 1771 glossa
1088 1688 1185 1753 aliter
1205 1687 1247 1752 ab

148 1789 281 1855 lncmrts
294 1802 407 1858 mente
426 1796 563 1872 exactis,
579 1776 887 1876 quomodocumque
908 1792 939 1853 id
965 1792 1088 1855 iactum
1109 1790 1162 1867 sit,
1177 1793 1246 1853 sive

150 1910 196 1970 per
220 1912 370 1960 errorem
391 1904 426 1961 et
444 1896 568 1970 invite,
588 1905 647 1959 aut
666 1912 727 1978 per
753 1895 951 1957 haereticam
976 1891 1154 1973 perfidiam.
1182 1889 1249 1954 mt-
1360 1974 1367 1987 Ι

149 1994 261 2058 nodum
279 2014 386 2077 porro
406 1998 440 2059 in
458 1998 520 2061 hac
533 1997 722 2079 quaestione
738 1996 825 2059 vaiet
836 1994 925 2074 qnod
943 1991 1107 2074 legiturin
1120 1990 1249 2055 Perier-

151 2095 213 2158 rlos
223 2095 322 2161 Libro
333 2097 359 2162 l.
375 2117 405 2163 c.
422 2094 511 2161 llll.
524 2091 596 2165 md.
611 2097 709 2161 simui
723 2096 873 2177 sumptis,
887 2113 973 2177 qnae
986 2113 1029 2159 ex
1043 2110 1161 2174 graeco
1178 2110 1249 2157 ver·

150 2196 178 2258 tit
192 2205 222 2260 et
239 2200 399 2281 exposuit
419 2197 692 2282 hieronymusin
714 2196 857 2280 Epistola
873 2197 912 2260 ad
937 2194 1085 2268 hvitnm,
1108 2205 1142 2258 et
1161 2211 1247 2276 qnae
1297 2206 1300 2211 '

151 2300 296 2365 transtulit
316 2299 524 2366 sorduimus
543 2302 576 2363 in
596 2300 702 2364 citatis
721 2299 839 2363 litteris
860 2298 900 2361 rd
923 2295 1087 2374 biennum,
1108 2305 1246 2376 atquae

151 2400 261 2466 tradidit
278 2404 314 2466 in
327 2419 392 2466 sna
414 2402 563 2467 versione
576 2398 738 2467 linffinus.

456 2600 681 2684 interpretatio
693 2620 729 2663 v.
753 2598 942 2681 Hieronymi

214 2804 290 2869 abd
302 2813 491 2870 extremum
507 2804 596 2869 Libri
613 2806 637 2871 l.
651 2806 792 2887 (inquit),
806 2821 956 2869 sermone
981 2802 1136 2867 latissimo
1147 2804 1256 2887 dispu-

153 2905 216 2968 tavit
228 2907 414 2989 (Origenes)
435 2908 587 2989 angeium
611 2910 680 2972 sive
699 2910 923 2981 animam,ant
943 2914 1032 2970 certe
1053 2905 1254 2983 daemonem,

152 3023 218 3084 quos
232 3010 332 3074 nnius
347 3011 465 3073 asserit
478 3029 548 3075 esse
572 3019 722 3087 naturae,
737 3009 793 3073 sed
814 3008 1017 3072 diversarum
1034 3008 1254 3083 voluntatum,

98 3173 99 3176 ,
150 3123 198 3184 pro
209 3110 433 3192 magnitudine
447 3112 661 3193 negligentiae
674 3120 708 3175 et
727 3111 886 3175 stultitiae
898 3110 1081 3191 jumentum
1097 3108 1167 3171 tisri
1183 3126 1253 3190 pos·

98 3279 100 3362 i

98 3369 100 3424 l

98 3653 100 3684 i
154 3622 322 3681 extremum
344 3636 386 3682 ne
405 3626 575 3683 teneretur
596 3617 802 3702 Pythagorici
823 3619 982 3699 dogmatis
1009 3636 1097 3693 reus,
1119 3620 1175 3698 qui
1205 3636 1254 3680 as·

154 3716 219 3777 scuit
229 3717 531 3799 dictempryclcsv'm,
547 3729 621 3802 post
638 3728 702 3785 tam
724 3720 895 3784 uelandam
911 3721 1173 3801 disputationem,
1189 3736 1253 3800 qna

156 3813 268 3883 leteris
287 3823 435 3885 animum
452 3823 648 3898 vulneravit,
672 3824 752 3885 baec
772 3822 888 3901 inquit,
902 3822 997 3902 iusta
1020 3832 1161 3885 nostram
1183 3839 1254 3885 sen·

151 3225 187 3270 res
200 3220 228 3273 et
242 3233 303 3293 pra
327 3214 445 3278 dolore
463 3232 642 3297 poenarum
664 3222 697 3277 et
711 3215 792 3293 iguis
806 3213 938 3286 ardore,
961 3211 1060 3291 magis
1074 3212 1195 3291 eligere
1218 3218 1256 3275 ut

151 3308 267 3378 brutum
288 3317 412 3380 ammai
432 3326 486 3394 sut,
510 3327 543 3381 et
562 3335 596 3381 m
616 3333 710 3396 aqnvs
731 3315 855 3378 habitet
875 3322 909 3379 et
928 3313 1101 3393 iluotihns3
1125 3330 1163 3377 ac
1184 3331 1256 3377 cor·

153 3428 201 3487 tus
218 3434 388 3482 assumere
410 3418 510 3500 hujus
532 3418 583 3481 vei
606 3417 695 3480 illius
715 3418 844 3498 pecoris
854 3438 866 3497 3
890 3425 927 3480 ut
949 3417 1039 3479 nobis
1061 3433 1123 3479 non
1144 3416 1253 3478 solum

153 3515 414 3598 quadrupedum,
435 3520 490 3583 sed
513 3526 547 3582 et
568 3520 703 3598 piscium
725 3537 865 3599 corpora
887 3510 960 3581 sin(
976 3518 1125 3582 timenda.
1150 3515 1192 3580 iit
1213 3518 1254 3579 ad

98 3951 100 3994 ᾗ
158 3918 284 3997 tentiam,
307 3939 373 3985 non
392 3923 457 3985 siut
477 3923 641 4002 dogmata,
662 3922 717 3985 sed
739 3924 884 4002 quaesita
909 3929 1031 3986 tantum
1057 3932 1156 4003 atque
1178 3941 1253 4003 pro·

97 4001 99 4030 Ι
157 4012 225 4091 iecra
245 4039 285 4085 ne
306 4024 436 4103 penitus
449 4024 619 4087 intractata
636 4022 874 4112 viderentur.»
898 4023 939 4087 llt
960 4028 1006 4089 sic
1021 4028 1255 4105 interpretatur

98 4181 100 4202 ,
160 4110 374 4207 hieronymus.
392 4123 520 4188 Auctor
534 4143 613 4188 voro
629 4124 793 4207 Epistolae
806 4126 845 4186 ad
862 4122 1009 4187 Mannum
1029 4126 1141 4188 eadem
1155 4125 1252 4188 verba

98 4289 99 4308 χ
160 4225 327 4287 summatim
350 4223 560 4289 transferens:
576 4249 592 4287 a
606 4228 724 4303 anima,
738 4229 795 4302 att,
818 4228 1000 4292 deiiciensa
1016 4228 1114 4300 bono,
1136 4234 1168 4289 et
1183 4243 1253 4289 ver·

163 4326 493 4407 coadaequantum,
515 4329 704 4407 diutiusque
726 4330 758 4391 iu
782 4328 850 4406 ipsa
873 4346 1073 4408 permanens,
1097 4328 1155 4389 nisi
1178 4329 1255 4389 resi·

98 4421 99 4424 '
163 4420 255 4500 iisset,
278 4444 358 4505 prae
378 4428 557 4508 insipientia
579 4428 749 4500 efferatur,
769 4448 829 4493 sen
848 4428 1032 4509 jumentum
1055 4428 1186 4505 evadit3
1207 4433 1254 4488 at·

163 4538 214 4596 luc
225 4526 265 4589 ob
279 4530 472 4608 pravitatem
484 4529 650 4596 brutescit.
667 4528 735 4593 »Et
751 4530 850 4610 paulo
875 4540 947 4611 post
967 4531 1054 4595 addit
1073 4530 1255 4609 «eligitque
