3375 5567
439 768 482 814 ex
495 750 642 813 instituto
663 748 809 830 imposita
823 748 886 812 sint
906 749 1004 815 robus
1019 751 1196 816 vocabulas
1212 768 1266 827 au,
1281 758 1320 815 nt
1341 751 1453 816 solunt
1464 754 1533 817 stoi·

439 852 482 927 ci,
503 869 546 915 oa
566 857 682 915 nntnrs
703 854 776 927 sint,
798 851 909 931 primis
930 852 1062 916 vocibus
1084 871 1134 917 res
1149 854 1232 934 ipsas
1252 851 1461 927 imitantibus,
1481 869 1533 915 nn·

436 952 477 1016 de
497 960 570 1033 post
588 958 661 1015 nntn
683 952 807 1016 nomina
830 952 950 1017 inerint
963 998 970 1014 .
984 999 993 1017 .
1007 998 1039 1017 ..
1060 952 1092 1018 Si
1106 955 1209 1035 igitur
1228 955 1261 1017 in
1282 951 1429 1034 praelato
1447 970 1536 1032 argn-

438 1059 546 1115 mento
567 1054 705 1133 probare
726 1055 945 1133 potuerimus,
966 1074 1010 1118 ox
1029 1062 1148 1120 natura
1167 1056 1294 1119 nomina
1317 1056 1382 1117 sim
1402 1052 1534 1126 babere,

438 1154 556 1234 quibus
577 1154 729 1217 nonnulle
763 1162 901 1219 utuntur
930 1157 1153 1242 aegyptiorum
1178 1157 1358 1235 sapientes,
1379 1164 1438 1218 snt
1457 1154 1534 1233 apud

437 1274 547 1337 persas
568 1275 736 1337 magorum
767 1258 982 1333 eruditiores,
1013 1277 1071 1321 sen
1098 1259 1182 1321 inter
1212 1257 1420 1337 philosophos
1451 1256 1536 1319 indos

436 1358 657 1435 brachmanes,
682 1360 733 1421 vel
752 1359 913 1422 samaraei
933 1369 966 1421 et
984 1358 1070 1438 opud
1091 1359 1171 1420 alias
1190 1368 1319 1439 gentes3
1344 1364 1378 1419 et
1398 1359 1426 1419 si
1446 1373 1534 1435 pares

437 1476 568 1539 quoqne
583 1459 740 1525 fuerimus
760 1468 922 1534 statuere,
933 1460 1032 1539 qnod,
1048 1478 1128 1540 pnes
1141 1469 1272 1521 oosotnr
1292 1458 1412 1538 magis,
1426 1476 1537 1537 segus-

436 1578 531 1641 gnnm
553 1562 675 1632 (veluti
697 1562 1026 1646 existimantllpicnri
1047 1571 1081 1625 et
1095 1560 1277 1625 Aristotelis
1297 1560 1459 1639 asseclae)
1479 1578 1536 1621 ssss

433 1678 498 1724 rem
518 1660 647 1724 omnino
660 1661 922 1740 inconsistentem,
936 1681 1059 1737 oerum,
1071 1661 1167 1725 sicuti
1178 1660 1306 1742 quidum
1324 1661 1363 1723 ds
1379 1658 1428 1723 hs's
1446 1670 1538 1723 estse·

436 1764 527 1840 dunt,
543 1762 621 1845 qnid
634 1763 804 1829 consistens
817 1783 891 1844 ssss,
907 1762 1046 1827 rationes
1058 1782 1131 1826 nero
1147 1763 1256 1826 boden
1264 1761 1469 1843 paucissimis
1488 1780 1538 1823 no

436 1873 505 1938 tns;
529 1872 604 1931 tnno
626 1866 767 1931 dicemus
789 1870 914 1931 nomina
937 1864 1084 1942 Subnbot,
1105 1864 1235 1930 Adonai
1254 1867 1361 1930 aliare
1381 1866 1466 1945 apud
1489 1867 1538 1928 hs·

435 1966 549 2029 braeos
565 1984 676 2046 mogun
691 1970 881 2048 pervulgata
905 1970 1123 2043 veneratione,
1139 1968 1322 2047 vulgarium
1342 1984 1407 2029 non
1421 1984 1488 2031 esse
1507 1972 1538 2028 st

436 2078 621 2133 creatarum
645 2088 767 2146 rernm,
782 2072 836 2133 sed
858 2072 898 2132 nd
921 2070 1117 2134 reconditam
1138 2068 1311 2151 qnamdam
1332 2066 1535 2147 Theologiam

435 2173 608 2251 pertinere,
631 2189 715 2251 quae
736 2172 848 2249 tendit,
864 2181 1067 2252 mentemque
1088 2173 1184 2252 erigit
1202 2170 1244 2234 sd
1265 2187 1379 2234 rernm
1400 2171 1536 2235 omniun

435 2271 652 2337 Conditorem.
669 2292 686 2329 s

516 2373 657 2455 Accepto
679 2376 818 2452 interim,
835 2374 883 2437 utl
906 2375 1188 2439 verosimillimum
1202 2382 1262 2450 est,
1284 2394 1327 2439 ox
1347 2376 1411 2439 hoo
1429 2372 1534 2452 Origo·

434 2477 481 2541 nis
495 2476 594 2541 Libro
614 2487 707 2540 erntn
724 2496 792 2541 esse
814 2477 911 2540 verba
933 2478 1041 2553 (varin
1057 2496 1075 2539 u
1092 2478 1269 2557 contextu)
1290 2480 1388 2542 citata
1404 2473 1534 2539 a'l'beo·

435 2578 537 2656 philo,
552 2596 636 2658 qnae
651 2596 710 2658 ego
722 2579 787 2641 ulio
808 2579 997 2641 charactere
1018 2578 1171 2656 indicari,
1187 2580 1295 2643 videto
1315 2583 1349 2643 et
1364 2577 1533 2640 verborum

435 2697 575 2743 necnon
595 2698 706 2743 sensns
723 2679 910 2742 suricinium
932 2680 972 2741 ab
986 2698 1039 2757 eo,
1061 2698 1159 2760 qnem
1175 2680 1282 2743 voluit
1302 2677 1440 2742 Auctor.
1460 2677 1534 2742 Con·

436 2779 519 2843 ierto
540 2788 573 2843 et
593 2798 677 2859 quae
697 2776 896 2859 Theophilus
917 2779 1065 2843 absolute
1097 2781 1228 2843 tradidit
1248 2782 1279 2841 in
1299 2779 1366 2843 snis
1388 2779 1534 2857 redargn-

435 2880 585 2955 lienibus,
602 2882 648 2944 nti
662 2881 703 2942 nb
716 2880 854 2960 Origene
869 2880 1003 2955 dictum,
1017 2898 1081 2941 non
1099 2880 1220 2944 mnium
1239 2877 1389 2959 nogium,
1405 2887 1438 2942 et
1456 2895 1532 2958 quas

433 3000 548 3047 revers
569 2982 697 3061 scripsit
717 2980 895 3061 Origenes3
916 2988 949 3043 et
971 2989 1046 3044 tuno
1068 2982 1164 3044 lacile
1184 2979 1427 3060 malignantium
1449 2978 1532 3041 islsa·

436 3084 555 3147 tionem
576 3082 840 3161 comprehendes,
857 3100 962 3159 eoque
979 3082 1092 3161 magis,
1108 3081 1288 3160 nrgnmonti
1309 3079 1422 3142 ordine
1442 3080 1531 3141 intsn·

435 3193 478 3249 to.
495 3184 542 3247 lbi
562 3200 701 3263 numque
718 3183 844 3245 hoctor
864 3183 1005 3263 disputat
1020 3184 1061 3244 de
1081 3183 1143 3245 hoo
1164 3180 1273 3261 nogia
1298 3180 1477 3254 uocabulo,
1495 3177 1531 3241 ab

434 3286 509 3366 ipsis
532 3283 737 3358 adversariis,
760 3283 930 3362 inquibus
951 3282 1067 3360 Celso,
1083 3284 1222 3345 rationes
1244 3290 1353 3363 petens
1374 3284 1458 3345 sires
1472 3298 1530 3363 nsp-

432 3386 589 3450 stioornm
610 3386 772 3448 nominum
789 3402 897 3459 nsum,
920 3384 1004 3446 inter
1024 3384 1166 3445 divorsas
1186 3384 1328 3462 gentium
1347 3381 1528 3463 religiones,

435 3506 576 3569 qnorum
593 3490 652 3553 siri
666 3489 878 3567 sapientiores
891 3504 948 3549 sen
965 3486 1148 3566 philosophi
1162 3484 1284 3566 sliqnid
1299 3503 1453 3549 sumnum
1465 3500 1531 3547 oon·

433 3589 627 3666 sidernbant,
644 3590 717 3671 ipsis
730 3586 910 3651 nominibus
921 3587 1035 3650 divinis
1044 3588 1185 3649 insitum.
1200 3586 1342 3667 Ideoque
1351 3586 1446 3667 juxta
1458 3586 1529 3647 banc

435 3690 663 3770 definitionem,
685 3708 783 3771 qnam
804 3690 930 3752 excutit
949 3695 981 3751 et
1002 3688 1141 3752 adstruit
1152 3687 1363 3750 hdamantins
1382 3706 1424 3751 ex
1437 3686 1528 3768 philo

433 3794 544 3872 sophin
567 3794 721 3872 gentium,
744 3808 806 3854 nou
827 3808 896 3853 esse
917 3790 1098 3853 mirandum
1118 3790 1177 3864 ait,
1196 3790 1223 3852 si
1244 3789 1368 3868 pariter
1388 3786 1526 3851 iusseris

434 3892 649 3955 hebraeorum
665 3892 844 3955 nominibus
859 3887 1005 3966 Scbsbot,
1023 3889 1150 3954 Adonei
1163 3900 1225 3973 etc.
1242 3888 1420 3969 quidquam
1433 3906 1527 3952 sacra·

435 3992 532 4054 menti
553 4008 653 4070 genus
673 3994 803 4055 insitum
824 3992 865 4055 sit
893 3991 1042 4072 (penitus
1064 3998 1168 4057 tamen
1199 3992 1325 4055 varium
1346 4007 1365 4052 a
1387 3989 1526 4054 lsbnlosis

431 4100 465 4156 et
478 4090 626 4156 lutillbns
647 4093 848 4155 ethnicorum
861 4092 1058 4173 praestigiis)
1081 4110 1156 4156 cnm
1178 4093 1237 4172 ipsi
1263 4091 1362 4153 deum
1380 4107 1474 4153 sunm
1487 4089 1526 4151 in·

434 4202 585 4257 recentes
605 4211 664 4275 per
681 4212 718 4257 es
740 4197 866 4261 uomina
888 4194 986 4257 altius
1004 4195 1043 4256 ad
1065 4196 1170 4275 ipsum
1188 4192 1407 4273 erigebantur.

504 4292 638 4371 «Quare
652 4296 677 4357 si
694 4296 772 4359 bueo
786 4296 914 4359 nomina
931 4296 1136 4359 connaturali
1145 4298 1205 4360 sibi
1220 4297 1386 4363 locutione
1400 4308 1527 4377 pronun·

436 4395 575 4473 cientur,
597 4396 749 4476 insignem
771 4398 833 4459 vim
856 4396 983 4459 hubent.
1000 4416 1016 4457 s
1032 4395 1185 4461 (letsrnm
1200 4398 1241 4464 ds
1261 4398 1439 4461 nominibus
1457 4392 1526 4455 disi·

434 4494 482 4557 nis
495 4497 527 4559 in
540 4496 721 4562 nationibus
738 4497 834 4578 rnlga
840 4498 877 4561 tis
900 4496 962 4560 hoo
982 4495 1044 4560 dioi
1058 4500 1182 4577 nequit,
1198 4499 1231 4561 in
1244 4499 1363 4580 quibus
1376 4495 1451 4560 nibil
1462 4508 1524 4557 sss·
