3375 5567
143 814 224 876 seope
246 795 276 856 in
291 795 445 875 praelatis
468 789 615 858 Homiliis
636 803 693 858 ant
715 797 951 859 commentariis
975 796 1029 860 ubi
1053 796 1114 859 buc
1129 796 1239 858 incidit

144 898 337 973 uocabulum,
360 906 447 960 recte
470 897 587 960 incedit
607 897 647 960 ad
669 899 847 976 apostoliea
869 899 967 976 dicta,
983 915 1067 977 quae
1088 908 1161 962 runt
1178 899 1239 961 bu·

141 999 288 1078 jusmodi:
313 995 404 1061 Sicut
422 995 535 1078 ruoooi
562 1008 591 1058 tc
613 1006 649 1059 ut
671 1015 846 1060 remunerer
873 997 986 1077 Eplieai
1012 1018 1083 1060 cum
1104 995 1182 1060 irem
1203 997 1239 1059 io

142 1098 410 1170 commeamus
424 1097 631 1162 nonuncium
649 1096 836 1178 quibusdem
852 1117 890 1160 ne
905 1097 997 1160 eliter
1011 1099 1175 1172 docorem&
1189 1117 1243 1160 oc-

143 1220 192 1280 que
204 1200 391 1265 intenderent
402 1195 526 1290 μύθοις
538 1199 657 1280 [mulir
677 1209 706 1261 et
718 1198 908 1280 concoloniis
921 1198 1149 1273 interminatis,
1161 1218 1243 1279 quoe

141 1299 319 1383 quaestiones
335 1314 501 1380 procrtoot
520 1300 730 1380 mutiloquum
750 1298 999 1378 aedificationem
1016 1299 1086 1374 Dei,
1106 1317 1186 1378 quoe
1200 1309 1245 1360 est

141 1403 171 1462 ir
187 1404 254 1482 pile.
285 1400 378 1464 Finis
398 1413 501 1465 eutem
526 1399 685 1480 praecepti
705 1399 847 1464 chorites
877 1408 921 1461 ert
941 1399 977 1460 tle
1001 1400 1091 1462 corde
1108 1417 1189 1479 puro
1216 1409 1244 1462 et

141 1500 318 1565 mmeicotiu
337 1501 417 1564 bono
437 1513 466 1564 et
485 1501 546 1581 fille
565 1519 630 1563 ooo
650 1501 776 1580 fictori
799 1499 913 1581 quibus
937 1499 1068 1579 quidem
1093 1499 1243 1563 oberren-

142 1611 190 1674 tcr,
208 1602 346 1664 conuersi
365 1613 441 1664 root
459 1603 494 1666 io
514 1601 747 1683 vaniloquium,
769 1604 901 1665 uolentes
922 1621 983 1664 esre
1004 1600 1080 1682 lepis
1094 1601 1243 1674 doctores,

142 1721 197 1764 non
215 1702 419 1782 intelliqenlcr
441 1722 537 1784 neque
558 1721 638 1781 quoe
651 1703 843 1782 loquuntur,
857 1722 953 1784 neque
973 1705 1009 1766 de
1029 1699 1144 1782 quibua
1157 1703 1242 1782 offir-

142 1817 228 1866 moot.
250 1802 374 1870 &imur
393 1818 496 1867 entem
517 1804 593 1886 quio
612 1805 694 1868 bonu
712 1817 758 1869 ert
775 1804 852 1882 Lex,
867 1803 968 1886 rionis
988 1822 1024 1867 eu
1051 1801 1186 1883 lepitime
1207 1824 1243 1867 rt·

143 1916 227 1968 tuor.

212 2005 366 2070 Nostrum
388 2025 487 2086 porro
508 2006 651 2068 studium
674 2008 771 2070 modo
792 2011 832 2069 sit
854 2007 1052 2083 ostendendi,
1068 2008 1241 2088 Origenens

145 2109 171 2167 in
189 2108 330 2182 conctis,
352 2124 452 2186 snper
477 2125 560 2185 quas
584 2107 690 2168 varios
711 2106 893 2170 elaboravit
911 2107 1088 2186 allegoriae
1106 2126 1242 2182 sensus,

144 2204 236 2288 blnpsi
248 2205 506 2269 enarrationibus
522 2215 554 2268 et
569 2207 687 2286 quibus
702 2206 788 2269 istud
804 2208 961 2287 applicuit
970 2207 1098 2288 subtiler
1114 2225 1242 2283 nornen,

144 2308 177 2368 nl
190 2310 320 2370 citatum
335 2325 370 2371 se
390 2307 565 2370 contulisse
580 2307 727 2388 Apostoli
748 2309 964 2372 testimonium
977 2330 988 2387 3
1007 2319 1041 2374 ut
1059 2310 1131 2372 indu
1145 2309 1245 2374 dedn-

146 2421 234 2484 eeret,
248 2421 371 2491 quanto
381 2411 470 2491 jure,
488 2412 635 2488 despecta
657 2410 766 2472 littera
788 2412 819 2470 in
841 2411 949 2472 studio
971 2412 1125 2474 historiae
1147 2419 1180 2473 et
1201 2410 1246 2475 io·

146 2528 211 2588 enm
232 2515 469 2584 mosaicarum,
492 2511 582 2573 uobis
605 2528 674 2572 esse
694 2510 945 2588 confugiendum
973 2512 1011 2573 ud
1035 2512 1180 2593 ejusdam
1195 2513 1246 2574 lit·

145 2619 222 2674 terae
237 2612 452 2674 vivificantem
472 2613 634 2691 spiritum.
651 2611 693 2675 Et
712 2612 785 2674 ideo
800 2616 831 2674 in
855 2616 915 2676 boe
933 2616 1019 2678 vocis
1037 2613 1167 2695 subules
1183 2632 1244 2677 usu

145 2711 302 2788 genuinam
323 2720 357 2774 et
372 2714 537 2792 propriam
558 2713 773 2774 consideravit
790 2715 924 2776 nominis
945 2714 1135 2793 originalem
1151 2712 1244 2776 iutel-

145 2808 310 2888 ligentians:
334 2831 394 2874 nec
416 2813 571 2876 ullirnotte
591 2814 732 2876 advertit
751 2817 893 2876 animum
917 2815 955 2875 ad
979 2815 1112 2878 laliaci
1138 2815 1243 2876 iutilia

146 2914 302 2990 gentilium
322 2923 492 2991 poetarum
508 2915 669 2993 segmenta,
682 2914 807 2976 nuliam
825 2918 892 2978 seri
907 2919 1044 2995 speciem
1062 2917 1245 2995 praefereu-

148 3014 195 3087 tia,
217 3035 254 3076 nc
275 3017 305 3077 in
326 3035 387 3078 suo
410 3018 566 3095 principio
588 3027 620 3078 et
641 3016 702 3077 linc
723 3037 798 3079 curu
820 3020 886 3080 suis
908 3018 1097 3081 unctoribus
1114 3018 1243 3082 uniter-

146 3117 197 3176 rim
218 3117 399 3196 reprobata.

197 3215 335 3293 Revera,
348 3236 424 3281 curn
436 3214 612 3297 Apostolus
626 3218 704 3283 dicit
715 3217 897 3293 Timotheo,
914 3221 1103 3284 mandemus
1119 3230 1155 3282 ut
1172 3239 1249 3284 noo-

147 3316 234 3379 nullis
248 3321 433 3393 denuncias,
449 3339 488 3384 ne
508 3320 606 3382 aliter
621 3320 767 3394 doceant,
788 3341 847 3384 nec
860 3324 1001 3384 animum
1024 3321 1186 3383 intendant
1204 3323 1248 3384 la·

148 3413 222 3478 bulis
233 3429 266 3481 et
279 3420 474 3498 genealogiis
488 3421 718 3482 interminatis:
734 3441 813 3503 quoe
831 3421 1029 3502 quaestiones
1045 3421 1146 3501 meeis
1158 3440 1248 3501 pree·

147 3525 242 3596 ttoot,
263 3541 361 3600 quem
387 3519 635 3603 aedificationem
658 3519 737 3596 Dei,
763 3542 843 3601 quoe
870 3533 914 3586 est
935 3521 969 3584 in
989 3524 1068 3602 fide,
1093 3541 1155 3586 uon
1186 3531 1248 3585 tam

148 3617 285 3686 odibilem
307 3633 365 3687 aut
386 3623 658 3703 contemptibilem
677 3622 806 3703 [obulos
825 3624 1088 3703 significationem
1119 3641 1248 3702 reprae-

148 3726 296 3804 sentent,
317 3725 372 3788 sed
396 3727 503 3806 potins
525 3725 662 3789 relative
683 3726 831 3797 buerit,
855 3744 930 3788 curn
954 3725 1032 3788 tales
1063 3725 1192 3788 inbutae
1216 3736 1248 3787 ct

148 3824 344 3904 genealogiae
365 3828 465 3904 magis
477 3827 699 3888 salisiacerent
719 3828 962 3906 quaestionibus
980 3829 1067 3888 vanis
1088 3841 1187 3905 quam
1202 3826 1249 3887 di·

152 3921 230 3986 tinne
250 3927 458 3989 oeconomiae
478 3927 546 3988 sise
566 3926 790 3989 aedificationi.
815 3930 862 3990 Ae
885 3927 956 3989 iden
978 3928 1164 4007 paulopost
1186 3926 1251 3991 illis

151 4023 304 4086 vocabulis
325 4026 413 4088 aliud
434 4026 644 4089 substituitur
664 4024 857 4105 vaniloquii,
881 4029 1001 4106 quippe
1023 4028 1099 4088 nibil
1118 4025 1252 4105 profice·

155 4133 215 4182 rent
234 4123 329 4201 tittei,
352 4145 436 4204 quae
458 4136 506 4188 est
527 4129 558 4188 io
580 4124 731 4200 Christo,
754 4147 792 4188 ac
814 4127 867 4188 lini
890 4129 1019 4191 inutiles
1042 4128 1147 4190 iurent
1171 4129 1249 4190 tates

151 4228 363 4298 quaestiones:
387 4248 427 4290 ex
449 4246 516 4306 qno
541 4237 671 4290 uenerat
693 4229 840 4292 Christus
862 4229 930 4292 finis
952 4227 1056 4308 Legis.

220 4323 262 4388 Et
276 4327 446 4408 aptissime·
456 4331 606 4408 quidem:
620 4328 714 4392 Pauli
732 4333 816 4392 eninr
830 4348 947 4409 scopus
964 4333 994 4391 in
1016 4351 1054 4392 eo
1071 4331 1251 4392 testimonio

154 4427 297 4500 quosdam
320 4432 450 4507 respicit
463 4430 668 4501 christianos,
690 4446 811 4509 eosque
827 4430 1040 4510 probabiliter
1061 4432 1100 4490 de
1115 4431 1253 4490 circum-

154 4524 269 4601 cisione,
290 4533 348 4609 qui
368 4531 408 4592 ad
430 4529 595 4594 Cbristurn
614 4539 778 4594 uenerant.
804 4527 936 4612 Quique
954 4531 1060 4594 adbuc
1085 4530 1183 4608 magis
1201 4528 1251 4592 lit-
