3375 5567
172 754 260 824 «Cea
272 757 412 841 Μηίων
425 757 624 823 mundum
636 776 678 821 rr
690 756 831 841 propriis
846 755 1005 839 quuitur,
1014 754 1165 839 quonium
1178 774 1264 821 aara-

169 861 222 923 ior
236 870 296 937 rot,
314 870 342 923 et
358 870 458 941 poter
477 861 554 943 rjus.
576 858 729 941 Dicitque
757 843 961 924 mendacium
981 878 1050 923 esse
1071 859 1263 932 diensium,

169 962 310 1027 tornum
332 980 414 1026 vero
434 962 477 1025 ab
497 964 560 1027 hoo
576 981 646 1025 esse
666 964 824 1027 meaoroii
846 971 982 1043 petrem.
1006 959 1067 1027 Sed
1089 979 1154 1023 non
1174 968 1264 1023 reete
1346 964 1354 979 '

168 1064 215 1125 ine
231 1063 404 1144 diceretur3
427 1082 502 1126 narn
516 1066 616 1144 inagis
636 1066 806 1128 conveniet
816 1064 1019 1128 mendacium
1042 1062 1175 1126 dicentis
1190 1080 1266 1126 eoo·

168 1166 260 1229 trrrio:
272 1185 326 1246 epo
338 1185 412 1229 roos
425 1164 553 1228 veritos.
569 1163 648 1229 Dico
660 1173 770 1230 eutem
782 1168 947 1230 contrario
962 1165 1094 1238 Christi,
1110 1164 1164 1227 eui
1179 1181 1268 1229 men-

167 1266 216 1326 isr
227 1272 271 1328 ert
283 1274 390 1346 pater,
407 1266 466 1346 qni
477 1265 627 1328 tiiaioius
644 1273 706 1329 est.
721 1264 782 1329 Sed
797 1277 1049 1331 consentaneum
1059 1275 1109 1329 est
1123 1266 1266 1348 aliquem

168 1365 353 1429 inoffensarn
368 1365 511 1445 eoquod
525 1366 706 1454 direrimus
718 1366 953 1431 Antichristnm
966 1384 1035 1431 esse
1047 1364 1265 1436 mendacium,

169 1467 398 1546 vituperabilem
413 1484 529 1548 nempe
548 1482 612 1529 non
627 1468 766 1547 amplius
783 1468 948 1545 interum,
964 1469 990 1531 si
1008 1468 1171 1549 hypostasi
1188 1465 1271 1530 ninii

166 1569 235 1630 aliod
256 1568 296 1630 sit
319 1568 542 1631 mendacium.
565 1568 685 1631 Contra
714 1586 812 1649 qoem
840 1572 868 1633 si
894 1569 1045 1632 attuleris
1072 1570 1104 1629 in
1126 1568 1267 1631 medinm

167 1669 252 1732 itini:
262 1666 406 1749 perditio
425 1669 529 1749 sorim
548 1687 592 1744 es,
614 1678 643 1730 et
656 1686 723 1733 noa
735 1668 847 1733 orinia
867 1672 1006 1733 rentium
1020 1670 1121 1751 (quod
1143 1672 1174 1732 in
1190 1668 1269 1733 Ere·

166 1771 252 1833 riiele
268 1771 395 1834 dietum
417 1776 468 1833 est
497 1769 537 1833 de
557 1770 714 1851 quodam,
735 1772 794 1851 qui
821 1782 956 1853 propter
978 1773 1092 1835 sitium
1119 1779 1264 1835 mutatus

169 1868 270 1945 iuerat,
290 1878 332 1931 nt
359 1875 448 1931 earet
469 1868 537 1947 ipsa
557 1871 719 1950 perditio)
743 1881 778 1937 tu
807 1874 958 1938 similiter
977 1874 1073 1937 etiam
1105 1871 1266 1953 proieres,

168 1969 288 2049 riipnen
317 1987 386 2033 non
406 1986 479 2033 esse
499 1980 617 2050 natura
646 1974 850 2039 mendesium
871 1993 913 2039 ex
942 1974 1126 2048 creatione,
1147 1970 1203 2035 sed
1224 1989 1266 2035 ex

167 2074 336 2151 nuutione3
357 2079 394 2133 et
416 2072 552 2149 proprio
573 2076 739 2155 proposito
761 2076 860 2139 tatem
882 2076 1003 2140 foetum
1027 2074 1138 2151 inisse
1160 2073 1267 2147 etsie,
1347 2116 1352 2127 ·

166 2174 414 2245 utnorsdieam
434 2169 672 2266 πεφυσιωμένοι)
694 2184 882 2240 auorum
895 2186 957 2240 eto.
980 2174 1096 2242 »Cum
1119 2174 1266 2256 ergodo-

168 2279 209 2334 ret
218 2272 372 2355 Origenes
385 2278 602 2360 perditionem
615 2277 755 2340 erasisse
775 2277 956 2355 diabolum,
972 2294 1032 2341 neo
1051 2277 1084 2339 in
1097 2284 1267 2339 aeternum

168 2372 320 2450 istorum,
339 2397 382 2444 ao
398 2380 558 2443 maiitiam
578 2378 670 2441 ineo
692 2377 812 2441 iactam
832 2397 902 2443 esse
923 2386 1088 2455 naturam,
1110 2376 1182 2441 fleri
1206 2392 1270 2441 non

166 2482 264 2553 potest,
275 2486 314 2541 nt
330 2480 514 2562 aliquando
534 2478 690 2558 pristinae
704 2478 880 2545 conditioni
902 2480 1108 2545 restituatur.
1127 2476 1271 2557 ideoque

166 2579 292 2654 proris
312 2582 403 2645 aiios
422 2582 467 2647 sit
485 2596 605 2660 scopus
624 2580 822 2662 praecipuus
835 2581 1035 2663 quaestionis
1056 2580 1142 2644 inter
1155 2577 1271 2659 Orige-

167 2692 224 2739 ιω
241 2689 272 2743 et
290 2678 546 2758 flandrorum,
574 2680 730 2746 observes
751 2692 859 2746 nmen
879 2683 991 2748 ambos
1019 2681 1172 2755 mediate,
1195 2677 1264 2743 ulia

166 2776 268 2859 ebena
293 2783 543 2866 disceptatione,
556 2782 772 2863 sempiternae
792 2783 966 2865 perditioni
986 2782 1151 2847 doemonis
1172 2778 1271 2845 adsti-

168 2878 277 2955 purus
295 2902 381 2966 esse3
398 2902 475 2951 oum
495 2884 564 2965 ipse
577 2882 825 2950 interiectornur
841 2887 990 2968 princeps
1003 2885 1046 2949 ait
1066 2902 1106 2947 ae
1121 2889 1268 2947 mortuo·

168 2987 442 3058 rnn,eonu11ins
470 2983 608 3050 virentis
630 2986 737 3050 releet
768 2987 918 3069 prineeps
938 3004 1022 3066 esse,
1043 3002 1120 3051 eum
1141 2985 1209 3064 ipse
1237 2980 1270 3043 in

169 3091 344 3163 remoturus
359 3086 514 3171 perient.
