3375 5567
239 780 270 848 ln
281 786 338 849 lsse
351 800 453 867 porro
472 785 661 867 quaestione
675 784 764 850 iilius
779 803 915 851 censura
933 791 1078 861 utemur,
1101 788 1157 867 qui
1175 784 1265 853 llus·

173 886 290 953 tiillotis
303 890 397 971 plura
413 888 531 969 aijeeit
543 886 692 968 Origenls
708 889 888 951 testimonia
902 886 1076 953 admodum
1094 906 1265 971 argumen-

172 997 306 1051 tonostro
325 989 580 1053 soeosnmotlata.
598 986 725 1066 Quibus
742 998 847 1053 tamen
868 999 960 1053 antea
983 992 1149 1055 cantiones
1170 1009 1263 1072 praa·

171 1090 319 1154 nittentlse
331 1099 408 1154 sunt
427 1091 469 1155 ab
482 1092 596 1155 eonem
611 1090 751 1171 Origene
768 1090 918 1167 traditae,
933 1092 990 1156 nbi
1010 1090 1050 1155 tle
1066 1091 1194 1157 Christo
1215 1094 1265 1157 lo·

170 1194 265 1269 quitus·
293 1194 324 1253 in
347 1191 543 1255 Perinrclsoss
574 1190 672 1256 Libro
697 1191 721 1257 l.
744 1212 774 1254 o.
797 1191 838 1255 ll.
862 1210 891 1255 n.
913 1190 969 1259 tir
994 1214 1018 1253 a·
1032 1190 1074 1257 lit
1094 1194 1180 1267 ideo,
1203 1196 1260 1270 ait,

168 1312 216 1372 ego
232 1293 370 1356 arbitror
389 1295 477 1375 qnod
498 1292 647 1357 subicere
667 1294 783 1357 debeat
799 1294 950 1359 voluntas
972 1292 1075 1359 Patris
1097 1294 1136 1358 atl
1158 1298 1261 1360 subsi-

167 1394 293 1457 stsnium
314 1397 377 1459 lsoe
398 1395 484 1476 quoti
503 1396 573 1459 snit
588 1394 695 1459 Pater.
720 1393 840 1460 Volens
857 1398 941 1459 enim
963 1414 1026 1460 nou
1048 1396 1110 1459 alia
1128 1398 1176 1460 sia
1200 1400 1262 1461 ntl-

168 1503 221 1569 tus,
234 1496 287 1559 nisi
307 1514 394 1576 qnae
412 1498 548 1559 consilio
563 1496 741 1561 soluntslis
762 1497 943 1577 profertur.
968 1496 1015 1560 lin
1037 1514 1115 1579 ergo
1136 1506 1168 1561 et
1191 1496 1264 1562 Filii

165 1594 346 1659 subsistentia
369 1597 598 1677 generatonis
618 1616 668 1659 eo.
685 1594 781 1672 Quod
804 1614 933 1661 necesse
954 1604 1003 1660 est
1024 1597 1054 1659 ln
1078 1598 1189 1677 primis
1210 1618 1265 1664 sss·

165 1697 227 1775 seipi
238 1697 277 1757 ab
297 1696 360 1772 bia,
374 1699 430 1777 qni
452 1699 532 1763 nibil
547 1699 725 1778 ingenitum
747 1698 829 1761 idest
851 1700 998 1763 innatum
1014 1709 1145 1779 praeter
1158 1701 1265 1765 solans

166 1796 252 1861 benus
268 1799 396 1863 Patrem
412 1800 567 1865 latentur.
587 1799 835 1863 Observandum
853 1818 993 1881 namque
1013 1810 1074 1877 est,
1091 1806 1205 1882 nequis
1219 1806 1264 1867 in·

163 1908 256 1960 carmt
277 1902 307 1963 in
321 1900 397 1963 illas
416 1901 574 1965 absurdas
590 1900 717 1963 tabulas
737 1918 866 1977 eornm,
886 1903 942 1982 qui
958 1902 1154 1983 prolationes
1169 1920 1266 1983 quas·

162 1998 220 2063 ian
237 2001 294 2063 sibi
316 2004 396 2083 ipsis
416 2003 608 2083 depingunt,
630 2011 667 2065 nt
688 2002 829 2065 divinam
853 2012 1002 2067 naturam
1026 2004 1056 2065 ln
1079 2010 1186 2084 partes
1209 2023 1264 2067 so-

163 2109 233 2163 sent:
253 2109 285 2163 et
304 2098 414 2166 lienm
437 2099 565 2166 Patrem
580 2112 740 2184 quantum
761 2103 793 2163 io
805 2122 840 2165 se
853 2111 914 2177 est,
930 2102 1085 2177 dividant,
1102 2120 1176 2167 onus
1201 2104 1262 2180 boo

162 2199 390 2284 teincorporea
412 2212 528 2268 natura
547 2204 597 2267 sel
619 2205 922 2283 lesitorsuspionri‚
946 2221 1007 2267 non
1028 2204 1135 2267 solum
1156 2202 1265 2270 extre·
1296 2192 1304 2206 ’

163 2320 220 2365 nse
238 2304 411 2383 impietatis
430 2306 483 2383 ait,
502 2324 616 2370 serum
637 2306 734 2368 etiarn
759 2305 896 2369 ultimae
918 2305 1128 2386 insipientiam
1151 2324 1210 2369 neu
1230 2327 1265 2372 n·

160 2404 249 2467 mnino
268 2406 307 2467 ati
331 2407 578 2489 intelligentiam
600 2424 813 2488 consequens,
835 2414 872 2469 nt
894 2407 1106 2486 incorporeae
1128 2415 1264 2471 naturae

161 2503 363 2571 substantialia
384 2506 499 2573 (lisbio
521 2509 620 2589 possit
640 2508 785 2589 intelligi.
806 2506 910 2588 Magis
931 2524 1021 2588 ergo,
1044 2508 1126 2569 siout
1151 2508 1265 2571 solun-

162 2610 344 2673 tssesnente
367 2612 527 2692 procedit,
543 2620 575 2676 et
596 2631 701 2691 neque
723 2618 848 2689 partem
864 2608 1006 2689 aliquam
1028 2610 1141 2673 mentis
1161 2617 1261 2685 secat,

160 2722 249 2787 seque
262 2711 303 2773 als
324 2730 362 2774 ea
380 2721 566 2793 separatur,
588 2724 645 2777 aut
666 2713 836 2790 dividitnr3
854 2712 907 2772 tali
923 2711 1062 2790 quadam
1078 2711 1184 2792 specie
1206 2729 1264 2792 pu·

160 2811 257 2875 tantus
270 2823 320 2877 est
340 2813 438 2878 Pater
454 2814 573 2879 Filium
589 2816 748 2897 genuisse,
771 2816 940 2893 imaginem
954 2812 1077 2879 scilieet
1097 2829 1204 2889 snam,
1228 2821 1265 2875 ut

158 2912 312 2995 sicutipse
334 2916 502 2979 inuisibilis
524 2926 571 2979 est
593 2934 652 2997 per
673 2922 842 2990 naturam,
870 2915 911 2977 ita
935 2932 1068 2995 qnoque
1091 2914 1260 2991 imaginem
1315 2985 1317 2995 y

159 3014 334 3080 invisibilem
357 3020 516 3097 genuerit.
541 3015 685 3081 Verbum
709 3018 792 3079 enim
814 3023 862 3078 est
885 3013 1002 3089 Filius,
1028 3024 1060 3075 et
1083 3012 1154 3075 itleo
1180 3013 1261 3076 nibil

159 3115 228 3179 ineo
246 3120 400 3183 sensibile
421 3119 663 3199 intelligendum
685 3128 744 3182 est.
767 3116 1004 3199 Sapientiam,
1028 3124 1060 3178 et
1081 3118 1112 3178 in
1125 3114 1263 3193 Sapien-

159 3218 191 3279 tis
210 3222 286 3285 nilsil
307 3239 508 3301 corporeum
529 3221 760 3302 suspicandum
782 3229 830 3283 est
852 3226 913 3281 eto.
938 3239 954 3277 s

220 3321 277 3387 liis
299 3326 433 3405 positis,
464 3322 565 3404 siquis
586 3323 713 3385 interim
732 3323 775 3385 ob
803 3332 933 3385 mutuas
954 3329 986 3383 et
1020 3317 1208 3402 Hieronymi
1229 3326 1262 3381 et

159 3428 260 3493 bobini
281 3429 533 3495 contestationes
552 3427 638 3490 eirea
664 3422 814 3505 Origenis
834 3424 1014 3487 doctrinam
1037 3422 1068 3485 in
1089 3420 1182 3483 libris
1205 3419 1260 3484 Ps-

104 3587 105 3590 ,
157 3527 291 3593 nsseboss
310 3528 473 3609 suspicari
490 3526 568 3590 selit
589 3526 628 3589 de
644 3525 741 3605 buius
762 3525 935 3587 locutionis
956 3522 1133 3602 genuitate,
1156 3520 1261 3584 atsrat

158 3636 233 3697 nobis
251 3632 433 3707 sineernm,
455 3630 765 3710 praestantissimum
785 3635 817 3689 et
832 3624 1073 3705 irrepugnabile
1095 3624 1194 3703 ipsius
1217 3629 1259 3686 te

104 3707 105 3724 ¹
156 3731 446 3812 armantarmant
468 3725 816 3794 ministrationum
838 3724 1039 3789 stationem
1063 3722 1196 3789 Passum
1218 3742 1261 3787 ex

155 3836 276 3899 Saboliia
297 3836 335 3898 s'ss
357 3832 553 3898 Mottbnssssss
572 3852 601 3894 e.
618 3828 768 3893 xxviii.
792 3846 821 3890 n.
838 3825 888 3893 18.
911 3846 953 3891 ex
969 3826 1097 3889 serbis:
1120 3825 1195 3889 doto
1215 3834 1261 3887 ast

104 3941 105 3950 ’
156 3936 221 4001 eiii
238 3937 344 4001 oosssis
363 3942 499 4017 potestus
519 3932 556 3995 s'ss
576 3932 661 3995 coeto
680 3942 709 3993 et
729 3950 824 4012 super
844 3940 953 3993 terro:
979 3950 994 3987 u
1016 3926 1110 4002 lion,
1133 3928 1259 4007 lnquit,

156 4041 218 4103 isto
230 4053 273 4104 est
286 4036 371 4104 mibi
382 4036 486 4101 omnia
495 4044 632 4117 potestus
648 4043 709 4098 ete.
722 4035 762 4097 sie
777 4034 976 4097 humanitate
998 4030 1151 4110 intellige.
1164 4026 1260 4104 Quod

156 4144 177 4204 si
193 4145 285 4209 etiam
306 4144 351 4207 tle
371 4143 538 4206 disinitate
560 4139 640 4201 relis
661 4136 879 4211 considerare,
906 4134 956 4199 rel
977 4134 1023 4197 sio
1043 4132 1201 4213 accipiens
1222 4130 1260 4193 il-

104 4237 105 4242 ’
155 4243 221 4309 ini:
241 4250 320 4310 ueto
340 4254 387 4308 est
399 4242 479 4307 mibi
493 4249 631 4321 potestus
645 4257 707 4319 pro
727 4257 871 4301 maeoseu
890 4244 945 4299 est.
971 4234 1129 4299 linteos:
1151 4231 1257 4295 delata

159 4346 301 4424 piisimi,
324 4366 369 4411 ex
391 4345 495 4407 libero
516 4343 652 4406 arbitrio
673 4339 797 4405 eredita
818 4346 868 4402 est
889 4336 977 4401 mibi.
1001 4334 1122 4399 Locum
1143 4332 1258 4395 babuit

104 4493 105 4510 r
161 4447 225 4522 rita,
237 4450 383 4530 primum
404 4445 534 4528 quidem
550 4444 582 4505 in
602 4438 893 4521 supernatando
914 4454 999 4501 nnnc
1020 4443 1053 4499 et
1072 4435 1104 4497 in
1127 4432 1259 4496 inierin-

104 4525 105 4614 }
158 4550 252 4615 tibus:
275 4548 577 4633 qnoseoniitlentes
599 4545 759 4626 baptisate
781 4542 961 4605 innomine
984 4537 1107 4613 Patris,
1130 4545 1161 4599 et
1184 4531 1257 4615 Filii
