3375 5567
415 817 520 880 ciuem
542 814 711 881 educando
730 813 942 895 pertinxerit,
958 830 1030 889 nec,
1048 808 1159 893 quoad
1172 812 1290 894 potuit,
1306 830 1378 875 eam
1392 810 1538 878 steritem

412 917 570 993 eiiecerit,
594 934 701 998 neque
722 915 965 996 compresserit,
988 914 1171 977 necessario
1192 913 1233 975 ab
1254 930 1294 975 eo
1314 932 1439 994 poenae
1465 932 1541 994 per·

412 1017 588 1079 eoireudae
602 1023 712 1096 eruut3
734 1016 942 1095 quippenam
964 1014 994 1075 iti
1012 1014 1119 1078 tacere
1140 1016 1173 1077 iu
1187 1032 1245 1077 sua
1268 1023 1426 1094 potestate
1437 1020 1536 1091 esset,

415 1124 446 1181 et
468 1117 618 1193 haberet,
639 1136 700 1181 suo
721 1115 857 1179 consilio
877 1132 998 1177 noxam
1019 1114 1153 1177 utilitati
1174 1115 1380 1195 praetulerit.
1404 1134 1422 1171 r

496 1214 545 1279 iix
562 1217 699 1298 hujusce
720 1214 829 1278 Procli
845 1214 951 1277 verbis
966 1214 1132 1289 observes,
1149 1215 1215 1277 duo
1226 1215 1323 1277 iiium
1333 1214 1541 1277 constituisse

414 1323 619 1396 argumenta
635 1316 778 1395 primum
793 1314 924 1394 quidem
937 1332 980 1377 ex
995 1312 1055 1376 Dei
1072 1314 1206 1387 virtute,
1224 1321 1361 1376 naturae
1377 1314 1540 1377 humanae

417 1423 595 1496 corruptae
620 1430 679 1495 per
700 1399 976 1479 resurrectionem
1005 1414 1045 1476 ai
1068 1416 1239 1494 pristinum
1265 1423 1409 1490 etatum,
1431 1432 1498 1495 quo
1520 1433 1542 1477 a

419 1512 490 1579 Deo
509 1523 618 1579 creata
650 1522 699 1577 est
719 1514 751 1575 in
772 1514 870 1589 bono,
902 1523 936 1578 et
957 1515 1081 1595 absque
1112 1516 1300 1590 vitiositate,
1327 1515 1545 1578 restauratio-

417 1632 505 1691 oam,
518 1616 572 1677 cni
593 1614 748 1677 haeretici
761 1613 1034 1677 adversabantur:
1055 1614 1199 1677 aiterum
1214 1632 1295 1678 vero
1313 1632 1453 1694 operum
1467 1632 1544 1693 spe·

418 1714 526 1779 etabat
549 1715 807 1790 retributionem,
830 1732 917 1795 quae
936 1734 980 1778 ex
1001 1715 1318 1778 homiuumarbitrio
1333 1722 1474 1795 patrata,
1486 1732 1546 1777 co·

418 1833 489 1879 rem
506 1812 575 1881 Deo
592 1814 704 1896 judice
721 1815 818 1896 juxta
840 1816 1032 1879 eorumdem
1052 1816 1251 1896 aequitatem
1273 1816 1324 1878 rei
1347 1816 1544 1897 pravitatem

420 1917 494 1979 itios
515 1917 666 1979 manebat
686 1925 758 1997 post
786 1920 1079 1991 resurrectionem,
1101 1934 1141 1980 ac
1169 1918 1204 1979 iu
1223 1924 1420 1997 perpetuum
1443 1914 1545 1978 iura·

420 2027 539 2081 turam.
557 2014 600 2079 Et
615 2016 677 2079 iroc
689 2015 813 2095 pariter
829 2014 1027 2095 iipipiranius
1046 2017 1144 2078 scutit
1167 2034 1207 2079 ac
1235 2014 1355 2090 firmat,
1383 2011 1546 2078 Motboiii

420 2126 453 2183 et
468 2117 577 2181 Procli
591 2116 788 2181 auctoritate
800 2115 969 2193 suffultus,
982 2132 1046 2179 non
1060 2117 1180 2195 probos
1196 2123 1334 2191 tantum,
1347 2116 1395 2178 uti
1410 2114 1548 2195 quibus·

422 2216 496 2279 riam
509 2214 646 2295 piccuit,
670 2214 726 2279 sec
747 2216 960 2295 etimprobos
980 2222 1226 2279 resurrecturos
1245 2214 1430 2277 attirrnaos:
1447 2212 1549 2279 «No-

420 2326 487 2381 stra
509 2317 721 2391 resurrectio,
742 2316 856 2379 scribit
875 2334 907 2379 n.
927 2314 978 2382 titt.
1000 2318 1033 2379 in
1049 2315 1117 2379 Deo
1131 2326 1192 2391 est,
1214 2319 1361 2380 omnium
1377 2316 1547 2380 nominum

425 2426 491 2483 tam
509 2417 674 2498 iustorum
699 2434 799 2498 quam
819 2417 1029 2498 injustorum,
1051 2417 1230 2481 infidelium
1251 2417 1385 2499 perinde
1409 2434 1449 2481 ac
1469 2417 1550 2482 titio·

425 2517 527 2597 lium3
548 2533 693 2597 quorum
713 2517 753 2581 ad
777 2517 877 2579 vitam
904 2525 1071 2581 aeternam
1095 2516 1166 2592 eiii,
1184 2518 1225 2581 ari
1243 2518 1405 2600 iudicium
1429 2518 1552 2599 sempi-

426 2626 555 2683 ternum
576 2616 672 2682 alteri
694 2624 916 2698 resurgent.»
937 2618 1076 2699 iusuper
1095 2618 1197 2701 penio
1217 2625 1291 2700 post
1309 2636 1342 2683 u.
1363 2616 1414 2685 72
1436 2617 1552 2683 accite

427 2738 445 2779 e
467 2716 550 2784 Nau
577 2719 691 2799 siquae
713 2736 754 2782 ex
783 2734 849 2781 non
868 2718 1082 2783 existentibus
1108 2720 1203 2795 iecit,
1223 2727 1262 2783 ut
1282 2726 1404 2795 essent,
1425 2729 1555 2800 quanto

428 2820 529 2899 magia
550 2818 647 2894 iiiut,
669 2818 757 2899 quod
780 2820 908 2894 existit,
932 2818 973 2880 ad
995 2819 1162 2899 propriam
1182 2813 1398 2883 conditionem
1421 2817 1556 2883 iacriins

429 2915 721 2999 ὠτοκαταστὴσειεν
741 2920 990 2999 instauraverit3
1016 2928 1054 2983 ut
1074 2929 1107 2983 et
1127 2928 1257 2986 rectum
1279 2920 1440 3002 judicium
1462 2921 1557 2983 insti·

430 3024 516 3090 tuat,
535 3034 576 3078 ne
593 3018 738 3081 alterurn
758 3036 819 3099 pro
833 3020 940 3081 altero
960 3021 1168 3096 contemnet,
1184 3038 1290 3101 neque
1303 3022 1450 3084 tenorem
1466 3040 1556 3084 mer-

430 3094 509 3179 ceio
522 3114 662 3195 priveti.
673 3160 697 3179 ..
719 3116 869 3199 Denique
882 3120 1050 3183 concinuit
1065 3140 1074 3184 r
1100 3118 1261 3195 «Quibus
1275 3120 1316 3183 de
1335 3120 1453 3194 cauis,
1464 3121 1557 3184 aitis·

430 3234 498 3295 que
510 3217 736 3296 corepiuribus
749 3236 788 3281 ac
806 3223 994 3283 necessariis
1009 3238 1071 3301 pro
1084 3220 1204 3283 intinita
1219 3237 1278 3283 sua
1292 3223 1447 3301 sapientia
1464 3216 1559 3284 Deus

431 3326 580 3381 emortua
603 3329 713 3381 nostra
734 3338 888 3399 corpora,
910 3331 944 3385 et
962 3323 1083 3385 animas
1104 3318 1411 3413 Ξιςπαλιῃενωίαν
1431 3321 1471 3382 ati
1495 3337 1559 3383 uo·

433 3436 506 3482 ram
536 3420 779 3498 generationem
800 3422 971 3500 perducet,
1001 3422 1097 3486 aiemi
1117 3423 1161 3485 ob
1180 3438 1276 3487 suam
1296 3422 1445 3502 promisit
1473 3438 1559 3501 erga

435 3519 581 3585 homiues
604 3517 803 3600 bonitatem,
825 3522 908 3585 arico
922 3531 972 3598 nt,
986 3524 1043 3602 qai
1064 3524 1097 3585 in
1116 3524 1295 3587 sanctitutis
1314 3522 1426 3585 oficiis
1445 3522 1563 3586 eiabo-

432 3620 570 3695 rarerit,
584 3621 742 3685 eximium
755 3637 773 3682 a
789 3619 859 3685 Deo
874 3624 1055 3703 praemium
1072 3624 1230 3705 recipiet3
1244 3633 1278 3689 ot
1291 3640 1436 3703 quornm
1446 3624 1561 3687 inania

434 3722 557 3785 inerint
570 3740 669 3801 opera
691 3723 825 3801 perinde
841 3722 1108 3798 condemnentur,
1129 3742 1251 3808 corpus
1261 3724 1388 3789 seilicet
1398 3743 1473 3789 cum
1487 3726 1565 3787 ani-

436 3836 504 3893 ma,
524 3827 557 3883 et
576 3823 682 3885 anima
704 3838 780 3885 cum
801 3840 943 3903 corpore
962 3825 1061 3888 simui
1083 3844 1111 3885 e.

475 3918 599 3983 Eadem
622 3922 671 3983 vic
694 3922 876 4003 eodemque
897 3924 1029 4000 iutuitu,
1054 3924 1157 3988 veluti
1177 3926 1349 3991 memorati
1368 3926 1493 4003 Patres,
1509 3928 1564 3990 in·

434 4022 531 4083 cessit
550 4018 673 4103 Nysaee
689 4019 880 4104 Episcopus,
903 4042 992 4098 cnm,
1004 4032 1042 4088 ut
1060 4027 1190 4106 saepius
1201 4030 1325 4103 censui,
1346 4046 1388 4091 ex
1406 4036 1564 4092 veterum

435 4118 649 4199 Scriptorum.
665 4119 830 4187 Ecclesiae
851 4124 945 4187 dictis
966 4141 1079 4187 manns
1100 4142 1177 4188 cum
1198 4129 1448 4193 resurrectionis
1469 4144 1565 4190 ruen-

436 4220 587 4284 tituribns
609 4223 784 4287 conseruit.
808 4220 1020 4303 Quapropter
1049 4222 1155 4303 siquid
1178 4226 1283 4291 minus
1311 4227 1352 4291 tie
1373 4227 1435 4290 hac
1456 4245 1566 4305 quae·

436 4320 539 4383 atione
560 4319 757 4401 quandoque
778 4321 855 4401 egit,
877 4340 916 4385 ac
936 4322 1089 4385 disseruit
1111 4322 1289 4406 Npsaanus3
1312 4326 1565 4406 proiecto‘aiibi

440 4421 602 4497 patentius
617 4422 730 4485 docuit
749 4421 1014 4502 expleueritqne.
1032 4422 1176 4506 ideoque
1190 4434 1320 4509 praeter
1332 4444 1385 4503 ea,
1400 4445 1487 4508 quae
1500 4446 1564 4491 au-

440 4528 491 4585 tea
512 4536 553 4585 ex
575 4521 719 4601 ejusdem
740 4522 833 4587 tibris
854 4523 1000 4605 decerpsi
1021 4525 1098 4591 huic
1117 4532 1310 4609 argumento
1329 4535 1419 4609 apta,
1450 4534 1567 4594 cetere
