<?xml version="1.0" encoding="UTF-8"?>
<!DOCTYPE html PUBLIC "-//W3C//DTD XHTML 1.0 Transitional//EN"
    "http://www.w3.org/TR/xhtml1/DTD/xhtml1-transitional.dtd">
<html xmlns="http://www.w3.org/1999/xhtml" xml:lang="en" lang="en">
 <head>
  <title>
</title>
<meta http-equiv="Content-Type" content="text/html;charset=utf-8" />
  <meta name='ocr-system' content='tesseract 3.04.00' />
  <meta name='ocr-capabilities' content='ocr_page ocr_carea ocr_par ocr_line ocrx_word'/>
</head>
<body>
  <div class='ocr_page' id='page_1' title='image "./insgregoriinyss02vincgoog/insgregoriinyss02vincgoog_0503.png"; bbox 0 0 3375 5567; ppageno 0'>
   <div class='ocr_carea' id='block_1_1' title="bbox 168 807 1283 4319">
    <p class='ocr_par' dir='ltr' id='par_1_1' title="bbox 168 807 1283 4319">
     <span class='ocr_line' id='line_1_1' title="bbox 186 807 1281 876; baseline 0.001 -6"><span class='ocrx_word' id='word_1_1' title='bbox 186 807 264 873; x_wconf 85' lang='lat' dir='ltr'><strong>latre</strong></span> <span class='ocrx_word' id='word_1_2' title='bbox 284 817 317 874; x_wconf 88' lang='lat' dir='ltr'><strong>et</strong></span> <span class='ocrx_word' id='word_1_3' title='bbox 341 809 424 875; x_wconf 78' lang='lat' dir='ltr'><strong>Filio</strong></span> <span class='ocrx_word' id='word_1_4' title='bbox 445 811 581 875; x_wconf 77' lang='lat' dir='ltr'><strong>ustione:</strong></span> <span class='ocrx_word' id='word_1_5' title='bbox 604 829 682 875; x_wconf 89' lang='lat' dir='ltr'><strong>num</strong></span> <span class='ocrx_word' id='word_1_6' title='bbox 703 811 826 876; x_wconf 83' lang='lat' dir='ltr'><strong>scilicet</strong></span> <span class='ocrx_word' id='word_1_7' title='bbox 839 813 935 875; x_wconf 84' lang='lat' dir='ltr'><strong>natus</strong></span> <span class='ocrx_word' id='word_1_8' title='bbox 955 825 996 872; x_wconf 90' lang='lat' dir='ltr'><strong>an</strong></span> <span class='ocrx_word' id='word_1_9' title='bbox 1011 809 1139 874; x_wconf 84' lang='lat' dir='ltr'><strong>innatus</strong></span> <span class='ocrx_word' id='word_1_10' title='bbox 1161 808 1281 872; x_wconf 86' lang='lat' dir='ltr'><strong>itaben-</strong></span> 
     </span>
     <span class='ocr_line' id='line_1_2' title="bbox 182 909 1281 993; baseline -0.002 -20"><span class='ocrx_word' id='word_1_11' title='bbox 182 911 230 974; x_wconf 91' lang='lat' dir='ltr'><strong>dus</strong></span> <span class='ocrx_word' id='word_1_12' title='bbox 246 912 296 974; x_wconf 88' lang='lat' dir='ltr'><strong>sit.</strong></span> <span class='ocrx_word' id='word_1_13' title='bbox 321 910 369 976; x_wconf 74' lang='lat' dir='ltr'><strong>bc</strong></span> <span class='ocrx_word' id='word_1_14' title='bbox 389 913 517 976; x_wconf 87' lang='lat' dir='ltr'><strong>interim</strong></span> <span class='ocrx_word' id='word_1_15' title='bbox 539 912 810 993; x_wconf 89' lang='lat' dir='ltr'><strong>proemitteodnm</strong></span> <span class='ocrx_word' id='word_1_16' title='bbox 830 920 898 990; x_wconf 89' lang='lat' dir='ltr'><strong>est,</strong></span> <span class='ocrx_word' id='word_1_17' title='bbox 928 911 1060 976; x_wconf 84' lang='lat' dir='ltr'><strong>testibus</strong></span> <span class='ocrx_word' id='word_1_18' title='bbox 1082 909 1281 982; x_wconf 83' lang='lat' dir='ltr'><strong>Editoribos,</strong></span> 
     </span>
     <span class='ocr_line' id='line_1_3' title="bbox 180 1008 1282 1094; baseline 0.001 -23"><span class='ocrx_word' id='word_1_19' title='bbox 180 1013 261 1074; x_wconf 80' lang='lat' dir='ltr'><strong>rerba</strong></span> <span class='ocrx_word' id='word_1_20' title='bbox 282 1013 315 1073; x_wconf 92' lang='lat' dir='ltr'><strong>in</strong></span> <span class='ocrx_word' id='word_1_21' title='bbox 337 1015 487 1094; x_wconf 76' lang='lat' dir='ltr'><strong>pericope</strong></span> <span class='ocrx_word' id='word_1_22' title='bbox 508 1018 629 1080; x_wconf 71' lang='lat' dir='ltr'><strong>citatae</strong></span> <span class='ocrx_word' id='word_1_23' title='bbox 651 1013 699 1076; x_wconf 81' lang='lat' dir='ltr'><strong>uel</strong></span> <span class='ocrx_word' id='word_1_24' title='bbox 723 1011 830 1076; x_wconf 81' lang='lat' dir='ltr'><strong>Filius</strong></span> <span class='ocrx_word' id='word_1_25' title='bbox 852 1013 946 1078; x_wconf 83' lang='lat' dir='ltr'><strong>etium</strong></span> <span class='ocrx_word' id='word_1_26' title='bbox 964 1009 1020 1075; x_wconf 70' lang='lat' dir='ltr'><strong>titt</strong></span> <span class='ocrx_word' id='word_1_27' title='bbox 1039 1008 1105 1092; x_wconf 82' lang='lat' dir='ltr'><strong>ipae</strong></span> <span class='ocrx_word' id='word_1_28' title='bbox 1125 1010 1282 1074; x_wconf 75' lang='lat' dir='ltr'><strong>bodeodm</strong></span> 
     </span>
     <span class='ocr_line' id='line_1_4' title="bbox 179 1112 1283 1195; baseline 0.002 -21"><span class='ocrx_word' id='word_1_29' title='bbox 179 1112 226 1186; x_wconf 82' lang='lat' dir='ltr'><strong>sit,</strong></span> <span class='ocrx_word' id='word_1_30' title='bbox 243 1132 298 1176; x_wconf 81' lang='lat' dir='ltr'><strong>sec</strong></span> <span class='ocrx_word' id='word_1_31' title='bbox 310 1131 363 1190; x_wconf 81' lang='lat' dir='ltr'><strong>ue,</strong></span> <span class='ocrx_word' id='word_1_32' title='bbox 377 1114 556 1180; x_wconf 85' lang='lat' dir='ltr'><strong>desiderari</strong></span> <span class='ocrx_word' id='word_1_33' title='bbox 570 1117 603 1178; x_wconf 94' lang='lat' dir='ltr'><strong>in</strong></span> <span class='ocrx_word' id='word_1_34' title='bbox 621 1116 770 1180; x_wconf 87' lang='lat' dir='ltr'><strong>omnibus</strong></span> <span class='ocrx_word' id='word_1_35' title='bbox 790 1115 997 1188; x_wconf 75' lang='lat' dir='ltr'><strong>editionibus,</strong></span> <span class='ocrx_word' id='word_1_36' title='bbox 1015 1129 1100 1195; x_wconf 83' lang='lat' dir='ltr'><strong>quse</strong></span> <span class='ocrx_word' id='word_1_37' title='bbox 1115 1113 1192 1176; x_wconf 90' lang='lat' dir='ltr'><strong>bnic</strong></span> <span class='ocrx_word' id='word_1_38' title='bbox 1209 1131 1283 1194; x_wconf 91' lang='lat' dir='ltr'><strong>pre-</strong></span> 
     </span>
     <span class='ocr_line' id='line_1_5' title="bbox 179 1212 1282 1298; baseline 0 -22"><span class='ocrx_word' id='word_1_39' title='bbox 179 1222 331 1278; x_wconf 85' lang='lat' dir='ltr'><strong>cesserunt</strong></span> <span class='ocrx_word' id='word_1_40' title='bbox 340 1235 353 1296; x_wconf 78' lang='lat'>3</span> <span class='ocrx_word' id='word_1_41' title='bbox 365 1217 515 1297; x_wconf 79' lang='lat' dir='ltr'><strong>quamvis</strong></span> <span class='ocrx_word' id='word_1_42' title='bbox 530 1221 563 1282; x_wconf 86' lang='lat' dir='ltr'><strong>iu</strong></span> <span class='ocrx_word' id='word_1_43' title='bbox 577 1219 726 1282; x_wconf 83' lang='lat' dir='ltr'><strong>omnibus</strong></span> <span class='ocrx_word' id='word_1_44' title='bbox 744 1216 970 1298; x_wconf 71' lang='lat' dir='ltr'><strong>manuscriptis</strong></span> <span class='ocrx_word' id='word_1_45' title='bbox 990 1217 1207 1295; x_wconf 88' lang='lat' dir='ltr'><strong>reperiantur.</strong></span> <span class='ocrx_word' id='word_1_46' title='bbox 1224 1212 1282 1277; x_wconf 82' lang='lat' dir='ltr'><strong>tlt-</strong></span> 
     </span>
     <span class='ocr_line' id='line_1_6' title="bbox 179 1315 1280 1393; baseline 0.001 -17"><span class='ocrx_word' id='word_1_47' title='bbox 179 1325 282 1393; x_wconf 80' lang='lat' dir='ltr'><strong>tamer,</strong></span> <span class='ocrx_word' id='word_1_48' title='bbox 303 1319 330 1380; x_wconf 89' lang='lat' dir='ltr'><strong>si</strong></span> <span class='ocrx_word' id='word_1_49' title='bbox 352 1325 480 1383; x_wconf 78' lang='lat' dir='ltr'><strong>veteres</strong></span> <span class='ocrx_word' id='word_1_50' title='bbox 499 1317 651 1384; x_wconf 84' lang='lat' dir='ltr'><strong>Editores</strong></span> <span class='ocrx_word' id='word_1_51' title='bbox 679 1337 717 1382; x_wconf 89' lang='lat' dir='ltr'><strong>ea</strong></span> <span class='ocrx_word' id='word_1_52' title='bbox 740 1319 839 1381; x_wconf 81' lang='lat' dir='ltr'><strong>uerbo</strong></span> <span class='ocrx_word' id='word_1_53' title='bbox 862 1317 1053 1391; x_wconf 88' lang='lat' dir='ltr'><strong>omiserint,</strong></span> <span class='ocrx_word' id='word_1_54' title='bbox 1075 1333 1138 1380; x_wconf 92' lang='lat' dir='ltr'><strong>nou</strong></span> <span class='ocrx_word' id='word_1_55' title='bbox 1158 1315 1217 1378; x_wconf 89' lang='lat' dir='ltr'><strong>nisi</strong></span> <span class='ocrx_word' id='word_1_56' title='bbox 1239 1333 1280 1377; x_wconf 88' lang='lat' dir='ltr'><strong>ex</strong></span> 
     </span>
     <span class='ocr_line' id='line_1_7' title="bbox 177 1417 1278 1501; baseline -0.002 -24"><span class='ocrx_word' id='word_1_57' title='bbox 177 1418 324 1494; x_wconf 76' lang='lat' dir='ltr'><strong>codicum,</strong></span> <span class='ocrx_word' id='word_1_58' title='bbox 346 1437 430 1501; x_wconf 90' lang='lat' dir='ltr'><strong>quos</strong></span> <span class='ocrx_word' id='word_1_59' title='bbox 450 1420 702 1496; x_wconf 86' lang='lat' dir='ltr'><strong>cousuluerunt,</strong></span> <span class='ocrx_word' id='word_1_60' title='bbox 723 1419 868 1495; x_wconf 85' lang='lat' dir='ltr'><strong>delectu,</strong></span> <span class='ocrx_word' id='word_1_61' title='bbox 890 1436 928 1482; x_wconf 90' lang='lat' dir='ltr'><strong>ea</strong></span> <span class='ocrx_word' id='word_1_62' title='bbox 950 1419 1095 1482; x_wconf 89' lang='lat' dir='ltr'><strong>omisisse</strong></span> <span class='ocrx_word' id='word_1_63' title='bbox 1118 1417 1278 1482; x_wconf 86' lang='lat' dir='ltr'><strong>videntur.</strong></span> 
     </span>
     <span class='ocr_line' id='line_1_8' title="bbox 235 1520 1279 1600; baseline -0.004 -16"><span class='ocrx_word' id='word_1_64' title='bbox 235 1520 389 1586; x_wconf 80' lang='lat' dir='ltr'><strong>Ceterum</strong></span> <span class='ocrx_word' id='word_1_65' title='bbox 401 1522 444 1586; x_wconf 93' lang='lat' dir='ltr'><strong>ob</strong></span> <span class='ocrx_word' id='word_1_66' title='bbox 457 1523 539 1586; x_wconf 86' lang='lat' dir='ltr'><strong>hauc</strong></span> <span class='ocrx_word' id='word_1_67' title='bbox 549 1520 778 1587; x_wconf 83' lang='lat' dir='ltr'><strong>blonrioorum</strong></span> <span class='ocrx_word' id='word_1_68' title='bbox 793 1522 989 1586; x_wconf 77' lang='lat' dir='ltr'><strong>notationem</strong></span> <span class='ocrx_word' id='word_1_69' title='bbox 1002 1528 1036 1584; x_wconf 89' lang='lat' dir='ltr'><strong>et</strong></span> <span class='ocrx_word' id='word_1_70' title='bbox 1049 1521 1188 1600; x_wconf 86' lang='lat' dir='ltr'><strong>amplius</strong></span> <span class='ocrx_word' id='word_1_71' title='bbox 1204 1535 1279 1582; x_wconf 87' lang='lat' dir='ltr'><strong>cnm</strong></span> 
     </span>
     <span class='ocr_line' id='line_1_9' title="bbox 175 1619 1278 1703; baseline 0.001 -23"><span class='ocrx_word' id='word_1_72' title='bbox 175 1620 328 1700; x_wconf 71' lang='lat' dir='ltr'><strong>peregriua</strong></span> <span class='ocrx_word' id='word_1_73' title='bbox 339 1631 500 1703; x_wconf 72' lang='lat' dir='ltr'><strong>opponent</strong></span> <span class='ocrx_word' id='word_1_74' title='bbox 513 1624 594 1686; x_wconf 87' lang='lat' dir='ltr'><strong>boec</strong></span> <span class='ocrx_word' id='word_1_75' title='bbox 606 1623 757 1703; x_wconf 74' lang='lat' dir='ltr'><strong>Oriqeuis</strong></span> <span class='ocrx_word' id='word_1_76' title='bbox 772 1623 929 1698; x_wconf 90' lang='lat' dir='ltr'><strong>elocutio,</strong></span> <span class='ocrx_word' id='word_1_77' title='bbox 953 1635 1031 1688; x_wconf 82' lang='lat' dir='ltr'><strong>uum</strong></span> <span class='ocrx_word' id='word_1_78' title='bbox 1046 1621 1170 1686; x_wconf 88' lang='lat' dir='ltr'><strong>scilicet</strong></span> <span class='ocrx_word' id='word_1_79' title='bbox 1183 1619 1278 1682; x_wconf 83' lang='lat' dir='ltr'><strong>etium</strong></span> 
     </span>
     <span class='ocr_line' id='line_1_10' title="bbox 176 1717 1280 1805; baseline 0.002 -25"><span class='ocrx_word' id='word_1_80' title='bbox 176 1717 267 1782; x_wconf 70' lang='lat' dir='ltr'><strong>filins</strong></span> <span class='ocrx_word' id='word_1_81' title='bbox 288 1719 346 1784; x_wconf 77' lang='lat' dir='ltr'><strong>liei</strong></span> <span class='ocrx_word' id='word_1_82' title='bbox 366 1719 431 1802; x_wconf 81' lang='lat' dir='ltr'><strong>ipae</strong></span> <span class='ocrx_word' id='word_1_83' title='bbox 446 1723 611 1805; x_wconf 86' lang='lat' dir='ltr'><strong>(Spiritus)</strong></span> <span class='ocrx_word' id='word_1_84' title='bbox 626 1724 784 1786; x_wconf 84' lang='lat' dir='ltr'><strong>bodeodus</strong></span> <span class='ocrx_word' id='word_1_85' title='bbox 805 1722 849 1786; x_wconf 82' lang='lat' dir='ltr'><strong>sit</strong></span> <span class='ocrx_word' id='word_1_86' title='bbox 869 1741 924 1788; x_wconf 80' lang='lat' dir='ltr'><strong>use</strong></span> <span class='ocrx_word' id='word_1_87' title='bbox 938 1741 989 1803; x_wconf 67' lang='grc' dir='ltr'><strong>νιος</strong></span> <span class='ocrx_word' id='word_1_88' title='bbox 1012 1741 1053 1787; x_wconf 86' lang='lat' dir='ltr'><strong>ex</strong></span> <span class='ocrx_word' id='word_1_89' title='bbox 1072 1742 1098 1786; x_wconf 90' lang='lat' dir='ltr'><strong>s.</strong></span> <span class='ocrx_word' id='word_1_90' title='bbox 1122 1720 1280 1802; x_wconf 74' lang='lat' dir='ltr'><strong>Pamphili</strong></span> 
     </span>
     <span class='ocr_line' id='line_1_11' title="bbox 175 1821 1279 1905; baseline 0.005 -24"><span class='ocrx_word' id='word_1_91' title='bbox 175 1821 373 1903; x_wconf 82' lang='lat' dir='ltr'><strong>dpoloqetieo</strong></span> <span class='ocrx_word' id='word_1_92' title='bbox 401 1828 434 1887; x_wconf 92' lang='lat' dir='ltr'><strong>in</strong></span> <span class='ocrx_word' id='word_1_93' title='bbox 454 1844 484 1888; x_wconf 89' lang='lat' dir='ltr'><strong>c.</strong></span> <span class='ocrx_word' id='word_1_94' title='bbox 516 1822 541 1887; x_wconf 92' lang='lat' dir='ltr'><strong>l.</strong></span> <span class='ocrx_word' id='word_1_95' title='bbox 566 1826 753 1902; x_wconf 86' lang='lat' dir='ltr'><strong>instaurari,</strong></span> <span class='ocrx_word' id='word_1_96' title='bbox 776 1842 815 1890; x_wconf 91' lang='lat' dir='ltr'><strong>ac</strong></span> <span class='ocrx_word' id='word_1_97' title='bbox 835 1825 998 1890; x_wconf 86' lang='lat' dir='ltr'><strong>illustrari</strong></span> <span class='ocrx_word' id='word_1_98' title='bbox 1021 1842 1114 1905; x_wconf 84' lang='lat' dir='ltr'><strong>posse</strong></span> <span class='ocrx_word' id='word_1_99' title='bbox 1134 1824 1279 1888; x_wconf 86' lang='lat' dir='ltr'><strong>arbiiror</strong></span> 
     </span>
     <span class='ocr_line' id='line_1_12' title="bbox 175 1924 1277 2008; baseline 0.004 -26"><span class='ocrx_word' id='word_1_100' title='bbox 175 1931 271 1987; x_wconf 87' lang='lat' dir='ltr'><strong>textus</strong></span> <span class='ocrx_word' id='word_1_101' title='bbox 289 1924 440 2006; x_wconf 76' lang='lat' dir='ltr'><strong>Oriqeuis</strong></span> <span class='ocrx_word' id='word_1_102' title='bbox 460 1927 675 2008; x_wconf 79' lang='lat' dir='ltr'><strong>qounitatem3</strong></span> <span class='ocrx_word' id='word_1_103' title='bbox 697 1936 798 2008; x_wconf 93' lang='lat' dir='ltr'><strong>atque</strong></span> <span class='ocrx_word' id='word_1_104' title='bbox 818 1925 956 2000; x_wconf 89' lang='lat' dir='ltr'><strong>ostendi,</strong></span> <span class='ocrx_word' id='word_1_105' title='bbox 979 1926 1075 1990; x_wconf 79' lang='lat' dir='ltr'><strong>clieta</strong></span> <span class='ocrx_word' id='word_1_106' title='bbox 1100 1925 1197 1988; x_wconf 84' lang='lat' dir='ltr'><strong>verba</strong></span> <span class='ocrx_word' id='word_1_107' title='bbox 1214 1941 1277 1987; x_wconf 93' lang='lat' dir='ltr'><strong>uon</strong></span> 
     </span>
     <span class='ocr_line' id='line_1_13' title="bbox 172 2021 1278 2108; baseline 0.004 -25"><span class='ocrx_word' id='word_1_108' title='bbox 172 2039 232 2086; x_wconf 84' lang='lat' dir='ltr'><strong>esse</strong></span> <span class='ocrx_word' id='word_1_109' title='bbox 249 2021 398 2105; x_wconf 75' lang='lat' dir='ltr'><strong>Oriqeuis</strong></span> <span class='ocrx_word' id='word_1_110' title='bbox 418 2025 563 2107; x_wconf 84' lang='lat' dir='ltr'><strong>ejusdem</strong></span> <span class='ocrx_word' id='word_1_111' title='bbox 579 2027 717 2106; x_wconf 87' lang='lat' dir='ltr'><strong>loetum,</strong></span> <span class='ocrx_word' id='word_1_112' title='bbox 738 2028 794 2092; x_wconf 88' lang='lat' dir='ltr'><strong>sed</strong></span> <span class='ocrx_word' id='word_1_113' title='bbox 811 2045 836 2090; x_wconf 77' lang='grc' dir='ltr'>ι</span> <span class='ocrx_word' id='word_1_114' title='bbox 861 2025 1016 2108; x_wconf 75' lang='lat' dir='ltr'><strong>Martyris</strong></span> <span class='ocrx_word' id='word_1_115' title='bbox 1030 2025 1278 2105; x_wconf 79' lang='lat' dir='ltr'><strong>expositionem,</strong></span> 
     </span>
     <span class='ocr_line' id='line_1_14' title="bbox 173 2123 1275 2209; baseline 0.003 -25"><span class='ocrx_word' id='word_1_116' title='bbox 173 2123 221 2201; x_wconf 94' lang='lat' dir='ltr'><strong>qui</strong></span> <span class='ocrx_word' id='word_1_117' title='bbox 240 2125 316 2189; x_wconf 88' lang='lat' dir='ltr'><strong>baec</strong></span> <span class='ocrx_word' id='word_1_118' title='bbox 337 2126 378 2188; x_wconf 95' lang='lat' dir='ltr'><strong>ad</strong></span> <span class='ocrx_word' id='word_1_119' title='bbox 400 2125 556 2191; x_wconf 76' lang='lat' dir='ltr'><strong>Auctoris</strong></span> <span class='ocrx_word' id='word_1_120' title='bbox 576 2134 716 2192; x_wconf 88' lang='lat' dir='ltr'><strong>mentem</strong></span> <span class='ocrx_word' id='word_1_121' title='bbox 737 2127 991 2209; x_wconf 71' lang='lat' dir='ltr'><strong>explanandam,</strong></span> <span class='ocrx_word' id='word_1_122' title='bbox 1008 2125 1048 2188; x_wconf 89' lang='lat' dir='ltr'><strong>de</strong></span> <span class='ocrx_word' id='word_1_123' title='bbox 1067 2143 1128 2188; x_wconf 92' lang='lat' dir='ltr'><strong>sno</strong></span> <span class='ocrx_word' id='word_1_124' title='bbox 1144 2124 1275 2204; x_wconf 81' lang='lat' dir='ltr'><strong>adiecit:</strong></span> 
     </span>
     <span class='ocr_line' id='line_1_15' title="bbox 173 2225 1277 2310; baseline 0.003 -25"><span class='ocrx_word' id='word_1_125' title='bbox 173 2226 307 2303; x_wconf 85' lang='lat' dir='ltr'><strong>qutmris</strong></span> <span class='ocrx_word' id='word_1_126' title='bbox 321 2226 354 2288; x_wconf 92' lang='lat' dir='ltr'><strong>in</strong></span> <span class='ocrx_word' id='word_1_127' title='bbox 376 2225 525 2291; x_wconf 81' lang='lat' dir='ltr'><strong>Editione</strong></span> <span class='ocrx_word' id='word_1_128' title='bbox 539 2227 756 2310; x_wconf 77' lang='lat' dir='ltr'><strong>Apoluqetiei,</strong></span> <span class='ocrx_word' id='word_1_129' title='bbox 773 2234 883 2292; x_wconf 88' lang='lat' dir='ltr'><strong>textus</strong></span> <span class='ocrx_word' id='word_1_130' title='bbox 896 2226 1045 2308; x_wconf 79' lang='lat' dir='ltr'><strong>Oriqenis</strong></span> <span class='ocrx_word' id='word_1_131' title='bbox 1059 2235 1153 2290; x_wconf 83' lang='lat' dir='ltr'><strong>extre</strong></span> <span class='ocrx_word' id='word_1_132' title='bbox 1167 2227 1277 2290; x_wconf 87' lang='lat' dir='ltr'><strong>locum</strong></span> 
     </span>
     <span class='ocr_line' id='line_1_16' title="bbox 173 2323 1278 2411; baseline 0.005 -26"><span class='ocrx_word' id='word_1_133' title='bbox 173 2323 259 2388; x_wconf 85' lang='lat' dir='ltr'><strong>luerit</strong></span> <span class='ocrx_word' id='word_1_134' title='bbox 278 2328 464 2392; x_wconf 86' lang='lat' dir='ltr'><strong>translatus.</strong></span> <span class='ocrx_word' id='word_1_135' title='bbox 484 2327 527 2393; x_wconf 84' lang='lat' dir='ltr'><strong>Et</strong></span> <span class='ocrx_word' id='word_1_136' title='bbox 549 2347 586 2393; x_wconf 91' lang='lat' dir='ltr'><strong>re</strong></span> <span class='ocrx_word' id='word_1_137' title='bbox 606 2331 737 2411; x_wconf 92' lang='lat' dir='ltr'><strong>quidem</strong></span> <span class='ocrx_word' id='word_1_138' title='bbox 761 2347 837 2392; x_wconf 83' lang='lat' dir='ltr'><strong>vera</strong></span> <span class='ocrx_word' id='word_1_139' title='bbox 860 2335 933 2409; x_wconf 91' lang='lat' dir='ltr'><strong>post</strong></span> <span class='ocrx_word' id='word_1_140' title='bbox 955 2329 1072 2392; x_wconf 81' lang='lat' dir='ltr'><strong>serbus</strong></span> <span class='ocrx_word' id='word_1_141' title='bbox 1087 2327 1123 2391; x_wconf 83' lang='lat' dir='ltr'><strong>io</strong></span> <span class='ocrx_word' id='word_1_142' title='bbox 1144 2327 1200 2390; x_wconf 85' lang='lat' dir='ltr'><strong>boc</strong></span> <span class='ocrx_word' id='word_1_143' title='bbox 1215 2346 1278 2390; x_wconf 85' lang='lat' dir='ltr'><strong>ooo</strong></span> 
     </span>
     <span class='ocr_line' id='line_1_17' title="bbox 168 2422 1274 2507; baseline 0.005 -23"><span class='ocrx_word' id='word_1_144' title='bbox 168 2422 228 2502; x_wconf 78' lang='lat' dir='ltr'><strong>jon</strong></span> <span class='ocrx_word' id='word_1_145' title='bbox 239 2426 403 2507; x_wconf 70' lang='lat' dir='ltr'><strong>manifeste</strong></span> <span class='ocrx_word' id='word_1_146' title='bbox 421 2426 615 2493; x_wconf 80' lang='lat' dir='ltr'><strong>discernitur</strong></span> <span class='ocrx_word' id='word_1_147' title='bbox 635 2438 745 2494; x_wconf 73' lang='lat' dir='ltr'><strong>nimus</strong></span> <span class='ocrx_word' id='word_1_148' title='bbox 765 2439 863 2493; x_wconf 79' lang='lat' dir='ltr'><strong>sutus</strong></span> <span class='ocrx_word' id='word_1_149' title='bbox 882 2427 943 2504; x_wconf 84' lang='lat' dir='ltr'><strong>sit,</strong></span> <span class='ocrx_word' id='word_1_150' title='bbox 965 2447 1009 2492; x_wconf 81' lang='lat' dir='ltr'><strong>oo</strong></span> <span class='ocrx_word' id='word_1_151' title='bbox 1029 2437 1126 2492; x_wconf 81' lang='lat' dir='ltr'><strong>notos</strong></span> <span class='ocrx_word' id='word_1_152' title='bbox 1146 2428 1274 2492; x_wconf 85' lang='lat' dir='ltr'><strong>subdit:</strong></span> 
     </span>
     <span class='ocr_line' id='line_1_18' title="bbox 240 2527 1273 2610; baseline 0.005 -22"><span class='ocrx_word' id='word_1_153' title='bbox 240 2547 256 2587; x_wconf 80' lang='lat' dir='ltr'><strong>s</strong></span> <span class='ocrx_word' id='word_1_154' title='bbox 277 2527 479 2610; x_wconf 82' lang='lat' dir='ltr'><strong>Pamphilm:</strong></span> <span class='ocrx_word' id='word_1_155' title='bbox 501 2529 567 2607; x_wconf 87' lang='lat' dir='ltr'><strong>Qui</strong></span> <span class='ocrx_word' id='word_1_156' title='bbox 587 2531 627 2594; x_wconf 95' lang='lat' dir='ltr'><strong>de</strong></span> <span class='ocrx_word' id='word_1_157' title='bbox 642 2541 718 2594; x_wconf 80' lang='lat' dir='ltr'><strong>rato</strong></span> <span class='ocrx_word' id='word_1_158' title='bbox 740 2532 791 2595; x_wconf 82' lang='lat' dir='ltr'><strong>rel</strong></span> <span class='ocrx_word' id='word_1_159' title='bbox 806 2532 916 2594; x_wconf 85' lang='lat' dir='ltr'><strong>inusto</strong></span> <span class='ocrx_word' id='word_1_160' title='bbox 939 2531 1077 2610; x_wconf 86' lang='lat' dir='ltr'><strong>requirit</strong></span> <span class='ocrx_word' id='word_1_161' title='bbox 1092 2527 1273 2610; x_wconf 74' lang='lat' dir='ltr'><strong>(Origenes)</strong></span> 
     </span>
     <span class='ocr_line' id='line_1_19' title="bbox 171 2625 1274 2710; baseline 0.006 -27"><span class='ocrx_word' id='word_1_162' title='bbox 171 2625 227 2690; x_wconf 83' lang='lat' dir='ltr'><strong>siue</strong></span> <span class='ocrx_word' id='word_1_163' title='bbox 246 2627 344 2692; x_wconf 81' lang='lat' dir='ltr'><strong>dnbio</strong></span> <span class='ocrx_word' id='word_1_164' title='bbox 359 2638 532 2693; x_wconf 88' lang='lat' dir='ltr'><strong>erentorae</strong></span> <span class='ocrx_word' id='word_1_165' title='bbox 553 2633 584 2694; x_wconf 91' lang='lat' dir='ltr'><strong>iu</strong></span> <span class='ocrx_word' id='word_1_166' title='bbox 598 2649 639 2694; x_wconf 92' lang='lat' dir='ltr'><strong>eo</strong></span> <span class='ocrx_word' id='word_1_167' title='bbox 659 2631 785 2693; x_wconf 91' lang='lat' dir='ltr'><strong>nullam</strong></span> <span class='ocrx_word' id='word_1_168' title='bbox 800 2630 897 2693; x_wconf 87' lang='lat' dir='ltr'><strong>babet</strong></span> <span class='ocrx_word' id='word_1_169' title='bbox 916 2633 1112 2710; x_wconf 85' lang='lat' dir='ltr'><strong>opinionem,</strong></span> <span class='ocrx_word' id='word_1_170' title='bbox 1129 2630 1274 2710; x_wconf 78' lang='lat' dir='ltr'><strong>alioquin</strong></span> 
     </span>
     <span class='ocr_line' id='line_1_20' title="bbox 171 2726 1061 2811; baseline 0.009 -27"><span class='ocrx_word' id='word_1_171' title='bbox 171 2731 198 2786; x_wconf 90' lang='lat' dir='ltr'><strong>et</strong></span> <span class='ocrx_word' id='word_1_172' title='bbox 215 2726 272 2791; x_wconf 87' lang='lat' dir='ltr'><strong>boc</strong></span> <span class='ocrx_word' id='word_1_173' title='bbox 290 2728 481 2794; x_wconf 81' lang='lat' dir='ltr'><strong>adduxisset</strong></span> <span class='ocrx_word' id='word_1_174' title='bbox 500 2730 541 2792; x_wconf 84' lang='lat' dir='ltr'><strong>nd</strong></span> <span class='ocrx_word' id='word_1_175' title='bbox 562 2731 812 2810; x_wconf 85' lang='lat' dir='ltr'><strong>inquisitionem.</strong></span> <span class='ocrx_word' id='word_1_176' title='bbox 836 2728 880 2792; x_wconf 80' lang='lat' dir='ltr'><strong>Bt</strong></span> <span class='ocrx_word' id='word_1_177' title='bbox 899 2727 1061 2811; x_wconf 79' lang='lat' dir='ltr'><strong>odjuuqit.</strong></span> 
     </span>
     <span class='ocr_line' id='line_1_21' title="bbox 239 2826 1274 2910; baseline 0.002 -22"><span class='ocrx_word' id='word_1_178' title='bbox 239 2826 445 2910; x_wconf 71' lang='lat' dir='ltr'><strong>«Origenesc</strong></span> <span class='ocrx_word' id='word_1_179' title='bbox 468 2827 529 2892; x_wconf 78' lang='lat' dir='ltr'><strong>Vel</strong></span> <span class='ocrx_word' id='word_1_180' title='bbox 550 2829 653 2895; x_wconf 82' lang='lat' dir='ltr'><strong>Filius</strong></span> <span class='ocrx_word' id='word_1_181' title='bbox 673 2831 771 2895; x_wconf 84' lang='lat' dir='ltr'><strong>etium</strong></span> <span class='ocrx_word' id='word_1_182' title='bbox 793 2832 860 2910; x_wconf 86' lang='lat' dir='ltr'><strong>ipse</strong></span> <span class='ocrx_word' id='word_1_183' title='bbox 882 2828 939 2894; x_wconf 82' lang='lat' dir='ltr'><strong>liei</strong></span> <span class='ocrx_word' id='word_1_184' title='bbox 962 2828 1129 2894; x_wconf 82' lang='lat' dir='ltr'><strong>bobendon</strong></span> <span class='ocrx_word' id='word_1_185' title='bbox 1153 2831 1196 2894; x_wconf 85' lang='lat' dir='ltr'><strong>tit</strong></span> <span class='ocrx_word' id='word_1_186' title='bbox 1210 2847 1274 2898; x_wconf 83' lang='lat' dir='ltr'><strong>,nec</strong></span> 
     </span>
     <span class='ocr_line' id='line_1_22' title="bbox 171 2920 1273 3012; baseline -0.001 -21"><span class='ocrx_word' id='word_1_187' title='bbox 171 2945 211 2991; x_wconf 85' lang='lat' dir='ltr'><strong>ne.</strong></span> <span class='ocrx_word' id='word_1_188' title='bbox 228 2931 286 2997; x_wconf 87' lang='lat' dir='ltr'><strong>Sed</strong></span> <span class='ocrx_word' id='word_1_189' title='bbox 316 2930 508 3012; x_wconf 89' lang='lat' dir='ltr'><strong>inquirenda</strong></span> <span class='ocrx_word' id='word_1_190' title='bbox 527 2932 593 3012; x_wconf 83' lang='lat' dir='ltr'><strong>jam</strong></span> <span class='ocrx_word' id='word_1_191' title='bbox 616 2938 678 2996; x_wconf 89' lang='lat' dir='ltr'><strong>etc.</strong></span> <span class='ocrx_word' id='word_1_192' title='bbox 701 2920 853 2995; x_wconf 78' lang='lat' dir='ltr'><strong>»Veluti</strong></span> <span class='ocrx_word' id='word_1_193' title='bbox 879 2933 999 3012; x_wconf 89' lang='lat' dir='ltr'><strong>cuique</strong></span> <span class='ocrx_word' id='word_1_194' title='bbox 1019 2936 1162 3004; x_wconf 85' lang='lat' dir='ltr'><strong>constat,</strong></span> <span class='ocrx_word' id='word_1_195' title='bbox 1187 2927 1273 2991; x_wconf 89' lang='lat' dir='ltr'><strong>band</strong></span> 
     </span>
     <span class='ocr_line' id='line_1_23' title="bbox 171 3027 1273 3113; baseline 0 -23"><span class='ocrx_word' id='word_1_196' title='bbox 171 3031 236 3094; x_wconf 79' lang='lat' dir='ltr'><strong>antis</strong></span> <span class='ocrx_word' id='word_1_197' title='bbox 260 3031 421 3113; x_wconf 79' lang='lat' dir='ltr'><strong>Pamphili</strong></span> <span class='ocrx_word' id='word_1_198' title='bbox 448 3049 560 3095; x_wconf 88' lang='lat' dir='ltr'><strong>sensus</strong></span> <span class='ocrx_word' id='word_1_199' title='bbox 591 3034 750 3097; x_wconf 77' lang='lat' dir='ltr'><strong>clarescit.</strong></span> <span class='ocrx_word' id='word_1_200' title='bbox 779 3032 827 3096; x_wconf 77' lang='lat' dir='ltr'><strong>Ac</strong></span> <span class='ocrx_word' id='word_1_201' title='bbox 857 3031 929 3096; x_wconf 86' lang='lat' dir='ltr'><strong>ideo</strong></span> <span class='ocrx_word' id='word_1_202' title='bbox 955 3031 1051 3096; x_wconf 82' lang='lat' dir='ltr'><strong>aliter</strong></span> <span class='ocrx_word' id='word_1_203' title='bbox 1077 3027 1273 3111; x_wconf 87' lang='lat' dir='ltr'><strong>disponenda</strong></span> 
     </span>
     <span class='ocr_line' id='line_1_24' title="bbox 172 3127 1273 3213; baseline 0.001 -23"><span class='ocrx_word' id='word_1_204' title='bbox 172 3141 234 3195; x_wconf 83' lang='lat' dir='ltr'><strong>sunt</strong></span> <span class='ocrx_word' id='word_1_205' title='bbox 250 3133 339 3196; x_wconf 86' lang='lat' dir='ltr'><strong>illius</strong></span> <span class='ocrx_word' id='word_1_206' title='bbox 363 3133 482 3209; x_wconf 82' lang='lat' dir='ltr'><strong>rerba,</strong></span> <span class='ocrx_word' id='word_1_207' title='bbox 506 3133 707 3213; x_wconf 87' lang='lat' dir='ltr'><strong>potissimum</strong></span> <span class='ocrx_word' id='word_1_208' title='bbox 728 3134 865 3198; x_wconf 78' lang='lat' dir='ltr'><strong>sublatis</strong></span> <span class='ocrx_word' id='word_1_209' title='bbox 891 3131 1080 3208; x_wconf 83' lang='lat' dir='ltr'><strong>vocabulis,</strong></span> <span class='ocrx_word' id='word_1_210' title='bbox 1103 3139 1132 3192; x_wconf 82' lang='lat' dir='ltr'><strong>et</strong></span> <span class='ocrx_word' id='word_1_211' title='bbox 1156 3127 1273 3210; x_wconf 61' lang='lat' dir='ltr'><strong>odjum</strong></span> 
     </span>
     <span class='ocr_line' id='line_1_25' title="bbox 170 3227 1272 3313; baseline 0 -23"><span class='ocrx_word' id='word_1_212' title='bbox 170 3227 217 3306; x_wconf 73' lang='lat' dir='ltr'><strong>pit,</strong></span> <span class='ocrx_word' id='word_1_213' title='bbox 233 3250 328 3313; x_wconf 86' lang='lat' dir='ltr'><strong>quae,</strong></span> <span class='ocrx_word' id='word_1_214' title='bbox 343 3234 458 3298; x_wconf 90' lang='lat' dir='ltr'><strong>eodem</strong></span> <span class='ocrx_word' id='word_1_215' title='bbox 480 3233 614 3298; x_wconf 84' lang='lat' dir='ltr'><strong>Editore</strong></span> <span class='ocrx_word' id='word_1_216' title='bbox 629 3242 721 3311; x_wconf 87' lang='lat' dir='ltr'><strong>teste,</strong></span> <span class='ocrx_word' id='word_1_217' title='bbox 744 3235 776 3297; x_wconf 91' lang='lat' dir='ltr'><strong>io</strong></span> <span class='ocrx_word' id='word_1_218' title='bbox 789 3235 939 3298; x_wconf 89' lang='lat' dir='ltr'><strong>omnibus</strong></span> <span class='ocrx_word' id='word_1_219' title='bbox 961 3232 1186 3312; x_wconf 85' lang='lat' dir='ltr'><strong>manuscriptis</strong></span> <span class='ocrx_word' id='word_1_220' title='bbox 1208 3247 1272 3293; x_wconf 92' lang='lat' dir='ltr'><strong>uon</strong></span> 
     </span>
     <span class='ocr_line' id='line_1_26' title="bbox 172 3330 1272 3415; baseline 0 -24"><span class='ocrx_word' id='word_1_221' title='bbox 172 3341 354 3412; x_wconf 81' lang='lat' dir='ltr'><strong>conpererat,</strong></span> <span class='ocrx_word' id='word_1_222' title='bbox 369 3351 408 3399; x_wconf 88' lang='lat' dir='ltr'><strong>ac</strong></span> <span class='ocrx_word' id='word_1_223' title='bbox 428 3334 511 3398; x_wconf 83' lang='lat' dir='ltr'><strong>inire</strong></span> <span class='ocrx_word' id='word_1_224' title='bbox 532 3335 607 3398; x_wconf 91' lang='lat' dir='ltr'><strong>ideo</strong></span> <span class='ocrx_word' id='word_1_225' title='bbox 627 3335 887 3400; x_wconf 80' lang='lat' dir='ltr'><strong>transferendum</strong></span> <span class='ocrx_word' id='word_1_226' title='bbox 902 3332 1050 3415; x_wconf 75' lang='lat' dir='ltr'><strong>origenis</strong></span> <span class='ocrx_word' id='word_1_227' title='bbox 1071 3349 1187 3396; x_wconf 88' lang='lat' dir='ltr'><strong>nomeu</strong></span> <span class='ocrx_word' id='word_1_228' title='bbox 1210 3330 1272 3392; x_wconf 91' lang='lat' dir='ltr'><strong>boc</strong></span> 
     </span>
     <span class='ocr_line' id='line_1_27' title="bbox 172 3430 275 3497; baseline 0.039 -4"><span class='ocrx_word' id='word_1_229' title='bbox 172 3430 275 3497; x_wconf 62' lang='lat' dir='ltr'><strong>notos</strong></span> 
     </span>
     <span class='ocr_line' id='line_1_28' title="bbox 234 3532 1270 3618; baseline 0.005 -25"><span class='ocrx_word' id='word_1_230' title='bbox 234 3555 251 3593; x_wconf 81' lang='lat' dir='ltr'><strong>e</strong></span> <span class='ocrx_word' id='word_1_231' title='bbox 274 3532 474 3615; x_wconf 69' lang='lat' dir='ltr'><strong>Pamphilost</strong></span> <span class='ocrx_word' id='word_1_232' title='bbox 497 3534 563 3612; x_wconf 83' lang='lat' dir='ltr'><strong>Qui</strong></span> <span class='ocrx_word' id='word_1_233' title='bbox 585 3536 625 3600; x_wconf 89' lang='lat' dir='ltr'><strong>de</strong></span> <span class='ocrx_word' id='word_1_234' title='bbox 645 3545 723 3601; x_wconf 88' lang='lat' dir='ltr'><strong>nato</strong></span> <span class='ocrx_word' id='word_1_235' title='bbox 744 3537 795 3600; x_wconf 86' lang='lat' dir='ltr'><strong>sel</strong></span> <span class='ocrx_word' id='word_1_236' title='bbox 818 3537 926 3600; x_wconf 83' lang='lat' dir='ltr'><strong>innato</strong></span> <span class='ocrx_word' id='word_1_237' title='bbox 949 3537 1099 3618; x_wconf 80' lang='lat' dir='ltr'><strong>requirit,</strong></span> <span class='ocrx_word' id='word_1_238' title='bbox 1121 3536 1191 3601; x_wconf 87' lang='lat' dir='ltr'><strong>siue</strong></span> <span class='ocrx_word' id='word_1_239' title='bbox 1212 3535 1270 3598; x_wconf 93' lang='lat' dir='ltr'><strong>du·</strong></span> 
     </span>
     <span class='ocr_line' id='line_1_29' title="bbox 171 3627 1270 3718; baseline 0.008 -30"><span class='ocrx_word' id='word_1_240' title='bbox 171 3627 213 3693; x_wconf 88' lang='lat' dir='ltr'><strong>bio</strong></span> <span class='ocrx_word' id='word_1_241' title='bbox 225 3641 398 3698; x_wconf 88' lang='lat' dir='ltr'><strong>creaturae</strong></span> <span class='ocrx_word' id='word_1_242' title='bbox 418 3637 451 3697; x_wconf 91' lang='lat' dir='ltr'><strong>ln</strong></span> <span class='ocrx_word' id='word_1_243' title='bbox 464 3653 505 3699; x_wconf 91' lang='lat' dir='ltr'><strong>eo</strong></span> <span class='ocrx_word' id='word_1_244' title='bbox 525 3636 649 3700; x_wconf 86' lang='lat' dir='ltr'><strong>nullum</strong></span> <span class='ocrx_word' id='word_1_245' title='bbox 666 3638 762 3700; x_wconf 84' lang='lat' dir='ltr'><strong>hebet</strong></span> <span class='ocrx_word' id='word_1_246' title='bbox 781 3640 980 3718; x_wconf 82' lang='lat' dir='ltr'><strong>opinionem3</strong></span> <span class='ocrx_word' id='word_1_247' title='bbox 997 3637 1141 3718; x_wconf 86' lang='lat' dir='ltr'><strong>elloquio</strong></span> <span class='ocrx_word' id='word_1_248' title='bbox 1163 3645 1195 3699; x_wconf 90' lang='lat' dir='ltr'><strong>et</strong></span> <span class='ocrx_word' id='word_1_249' title='bbox 1209 3636 1270 3698; x_wconf 91' lang='lat' dir='ltr'><strong>boc</strong></span> 
     </span>
     <span class='ocr_line' id='line_1_30' title="bbox 169 3729 1271 3818; baseline 0.005 -26"><span class='ocrx_word' id='word_1_250' title='bbox 169 3729 342 3800; x_wconf 79' lang='lat' dir='ltr'><strong>adduxisset</strong></span> <span class='ocrx_word' id='word_1_251' title='bbox 354 3734 536 3817; x_wconf 68' lang='lat' dir='ltr'><strong>(Origenes)</strong></span> <span class='ocrx_word' id='word_1_252' title='bbox 550 3737 590 3799; x_wconf 90' lang='lat' dir='ltr'><strong>ad</strong></span> <span class='ocrx_word' id='word_1_253' title='bbox 605 3739 859 3818; x_wconf 87' lang='lat' dir='ltr'><strong>inquisitionem,</strong></span> <span class='ocrx_word' id='word_1_254' title='bbox 875 3757 953 3803; x_wconf 93' lang='lat' dir='ltr'><strong>num</strong></span> <span class='ocrx_word' id='word_1_255' title='bbox 972 3736 1073 3802; x_wconf 81' lang='lat' dir='ltr'><strong>Filius</strong></span> <span class='ocrx_word' id='word_1_256' title='bbox 1091 3739 1187 3802; x_wconf 82' lang='lat' dir='ltr'><strong>etium</strong></span> <span class='ocrx_word' id='word_1_257' title='bbox 1202 3736 1271 3816; x_wconf 88' lang='lat' dir='ltr'><strong>lpse</strong></span> 
     </span>
     <span class='ocr_line' id='line_1_31' title="bbox 170 3826 1268 3914; baseline -0.007 -10"><span class='ocrx_word' id='word_1_258' title='bbox 170 3826 316 3913; x_wconf 78' lang='lat' dir='ltr'><strong>(Spin’tusl</strong></span> <span class='ocrx_word' id='word_1_259' title='bbox 330 3833 391 3900; x_wconf 80' lang='lat' dir='ltr'><strong>liei</strong></span> <span class='ocrx_word' id='word_1_260' title='bbox 406 3836 572 3902; x_wconf 82' lang='lat' dir='ltr'><strong>habendus</strong></span> <span class='ocrx_word' id='word_1_261' title='bbox 591 3839 645 3914; x_wconf 88' lang='lat' dir='ltr'><strong>sit,</strong></span> <span class='ocrx_word' id='word_1_262' title='bbox 668 3856 726 3902; x_wconf 87' lang='lat' dir='ltr'><strong>uec</strong></span> <span class='ocrx_word' id='word_1_263' title='bbox 747 3855 815 3902; x_wconf 83' lang='lat' dir='ltr'><strong>ue»</strong></span> <span class='ocrx_word' id='word_1_264' title='bbox 837 3838 920 3904; x_wconf 91' lang='lat' dir='ltr'><strong>idest</strong></span> <span class='ocrx_word' id='word_1_265' title='bbox 940 3846 1035 3904; x_wconf 85' lang='lat' dir='ltr'><strong>notos</strong></span> <span class='ocrx_word' id='word_1_266' title='bbox 1058 3837 1109 3901; x_wconf 84' lang='lat' dir='ltr'><strong>tel</strong></span> <span class='ocrx_word' id='word_1_267' title='bbox 1132 3837 1268 3901; x_wconf 85' lang='lat' dir='ltr'><strong>innatus.</strong></span> 
     </span>
     <span class='ocr_line' id='line_1_32' title="bbox 233 3932 860 4016; baseline 0.006 -24"><span class='ocrx_word' id='word_1_268' title='bbox 233 3932 438 4016; x_wconf 68' lang='lat' dir='ltr'><strong>sosigenes:</strong></span> <span class='ocrx_word' id='word_1_269' title='bbox 461 3935 524 4000; x_wconf 83' lang='lat' dir='ltr'><strong>Sed</strong></span> <span class='ocrx_word' id='word_1_270' title='bbox 545 3937 735 4016; x_wconf 85' lang='lat' dir='ltr'><strong>inquirenda</strong></span> <span class='ocrx_word' id='word_1_271' title='bbox 757 3943 821 4001; x_wconf 90' lang='lat' dir='ltr'><strong>etc.</strong></span> <span class='ocrx_word' id='word_1_272' title='bbox 842 3958 860 3996; x_wconf 81' lang='lat' dir='ltr'><strong>n</strong></span> 
     </span>
     <span class='ocr_line' id='line_1_33' title="bbox 170 4023 1270 4119; baseline 0.003 -26"><span class='ocrx_word' id='word_1_273' title='bbox 170 4023 210 4086; x_wconf 72' lang='lat' dir='ltr'><strong>Ab</strong></span> <span class='ocrx_word' id='word_1_274' title='bbox 227 4029 284 4095; x_wconf 89' lang='lat' dir='ltr'><strong>bac</strong></span> <span class='ocrx_word' id='word_1_275' title='bbox 303 4033 416 4115; x_wconf 88' lang='lat' dir='ltr'><strong>itaque</strong></span> <span class='ocrx_word' id='word_1_276' title='bbox 435 4035 658 4101; x_wconf 88' lang='lat' dir='ltr'><strong>emendatione</strong></span> <span class='ocrx_word' id='word_1_277' title='bbox 680 4037 833 4119; x_wconf 89' lang='lat' dir='ltr'><strong>primum,</strong></span> <span class='ocrx_word' id='word_1_278' title='bbox 858 4047 895 4102; x_wconf 90' lang='lat' dir='ltr'><strong>nt</strong></span> <span class='ocrx_word' id='word_1_279' title='bbox 917 4038 1018 4115; x_wconf 83' lang='lat' dir='ltr'><strong>rides,</strong></span> <span class='ocrx_word' id='word_1_280' title='bbox 1039 4036 1196 4101; x_wconf 86' lang='lat' dir='ltr'><strong>sermonis</strong></span> <span class='ocrx_word' id='word_1_281' title='bbox 1216 4051 1270 4098; x_wconf 91' lang='lat' dir='ltr'><strong>or·</strong></span> 
     </span>
     <span class='ocr_line' id='line_1_34' title="bbox 170 4121 1266 4216; baseline 0.005 -25"><span class='ocrx_word' id='word_1_282' title='bbox 170 4121 203 4186; x_wconf 69' lang='lat' dir='ltr'><strong>io</strong></span> <span class='ocrx_word' id='word_1_283' title='bbox 219 4138 289 4208; x_wconf 86' lang='lat' dir='ltr'><strong>atat,</strong></span> <span class='ocrx_word' id='word_1_284' title='bbox 312 4133 508 4216; x_wconf 89' lang='lat' dir='ltr'><strong>tolliturque</strong></span> <span class='ocrx_word' id='word_1_285' title='bbox 533 4137 716 4201; x_wconf 82' lang='lat' dir='ltr'><strong>obscuritas</strong></span> <span class='ocrx_word' id='word_1_286' title='bbox 736 4137 809 4200; x_wconf 93' lang='lat' dir='ltr'><strong>iude</strong></span> <span class='ocrx_word' id='word_1_287' title='bbox 834 4145 951 4201; x_wconf 85' lang='lat' dir='ltr'><strong>exortu</strong></span> <span class='ocrx_word' id='word_1_288' title='bbox 980 4137 1023 4200; x_wconf 92' lang='lat' dir='ltr'><strong>ob</strong></span> <span class='ocrx_word' id='word_1_289' title='bbox 1044 4135 1266 4199; x_wconf 82' lang='lat' dir='ltr'><strong>conluuionem</strong></span> 
     </span>
     <span class='ocr_line' id='line_1_35' title="bbox 172 4228 1269 4319; baseline 0.002 -25"><span class='ocrx_word' id='word_1_290' title='bbox 172 4228 328 4298; x_wconf 70' lang='lat' dir='ltr'><strong>verborum</strong></span> <span class='ocrx_word' id='word_1_291' title='bbox 349 4253 375 4298; x_wconf 93' lang='lat' dir='ltr'><strong>s.</strong></span> <span class='ocrx_word' id='word_1_292' title='bbox 400 4234 561 4316; x_wconf 81' lang='lat' dir='ltr'><strong>Pamphili</strong></span> <span class='ocrx_word' id='word_1_293' title='bbox 580 4256 656 4302; x_wconf 89' lang='lat' dir='ltr'><strong>eum</strong></span> <span class='ocrx_word' id='word_1_294' title='bbox 685 4247 777 4302; x_wconf 85' lang='lat' dir='ltr'><strong>textu</strong></span> <span class='ocrx_word' id='word_1_295' title='bbox 799 4239 999 4319; x_wconf 71' lang='lat' dir='ltr'><strong>origeniaoo.</strong></span> <span class='ocrx_word' id='word_1_296' title='bbox 1022 4234 1171 4300; x_wconf 88' lang='lat' dir='ltr'><strong>Secundo</strong></span> <span class='ocrx_word' id='word_1_297' title='bbox 1193 4250 1269 4315; x_wconf 93' lang='lat' dir='ltr'><strong>pro·</strong></span> 
     </span>
    </p>
   </div>
   <div class='ocr_carea' id='block_1_2' title="bbox 170 4322 1341 4622">
    <p class='ocr_par' dir='ltr' id='par_1_2' title="bbox 170 4322 1341 4622">
     <span class='ocr_line' id='line_1_36' title="bbox 170 4322 1268 4420; baseline 0.003 -27"><span class='ocrx_word' id='word_1_298' title='bbox 170 4322 259 4409; x_wconf 76' lang='lat' dir='ltr'><strong>latur,</strong></span> <span class='ocrx_word' id='word_1_299' title='bbox 280 4336 466 4417; x_wconf 86' lang='lat' dir='ltr'><strong>pericopem</strong></span> <span class='ocrx_word' id='word_1_300' title='bbox 485 4339 534 4400; x_wconf 81' lang='lat' dir='ltr'><strong>uel</strong></span> <span class='ocrx_word' id='word_1_301' title='bbox 557 4337 661 4403; x_wconf 81' lang='lat' dir='ltr'><strong>Filius</strong></span> <span class='ocrx_word' id='word_1_302' title='bbox 681 4337 748 4420; x_wconf 83' lang='lat' dir='ltr'><strong>ipse</strong></span> <span class='ocrx_word' id='word_1_303' title='bbox 768 4338 827 4404; x_wconf 67' lang='lat' dir='ltr'><strong>oet</strong></span> <span class='ocrx_word' id='word_1_304' title='bbox 843 4339 1003 4404; x_wconf 78' lang='lat' dir='ltr'><strong>bubeudm</strong></span> <span class='ocrx_word' id='word_1_305' title='bbox 1023 4335 1065 4398; x_wconf 82' lang='lat' dir='ltr'><strong>sit</strong></span> <span class='ocrx_word' id='word_1_306' title='bbox 1086 4353 1141 4397; x_wconf 83' lang='lat' dir='ltr'><strong>uec</strong></span> <span class='ocrx_word' id='word_1_307' title='bbox 1161 4353 1211 4410; x_wconf 83' lang='lat' dir='ltr'><strong>oe,</strong></span> <span class='ocrx_word' id='word_1_308' title='bbox 1227 4333 1268 4397; x_wconf 83' lang='lat' dir='ltr'><strong>eb</strong></span> 
     </span>
     <span class='ocr_line' id='line_1_37' title="bbox 170 4421 1341 4518; baseline 0.007 -27"><span class='ocrx_word' id='word_1_309' title='bbox 170 4421 362 4512; x_wconf 74' lang='lat' dir='ltr'><strong>dpoloqotico</strong></span> <span class='ocrx_word' id='word_1_310' title='bbox 378 4439 565 4502; x_wconf 86' lang='lat' dir='ltr'><strong>translotam</strong></span> <span class='ocrx_word' id='word_1_311' title='bbox 579 4458 649 4504; x_wconf 88' lang='lat' dir='ltr'><strong>esse</strong></span> <span class='ocrx_word' id='word_1_312' title='bbox 664 4441 696 4503; x_wconf 94' lang='lat' dir='ltr'><strong>in</strong></span> <span class='ocrx_word' id='word_1_313' title='bbox 710 4446 837 4506; x_wconf 85' lang='lat' dir='ltr'><strong>textum</strong></span> <span class='ocrx_word' id='word_1_314' title='bbox 856 4437 1063 4514; x_wconf 83' lang='lat' dir='ltr'><strong>Periereboo,</strong></span> <span class='ocrx_word' id='word_1_315' title='bbox 1076 4453 1175 4518; x_wconf 87' lang='lat' dir='ltr'><strong>quom</strong></span> <span class='ocrx_word' id='word_1_316' title='bbox 1188 4436 1265 4518; x_wconf 83' lang='lat' dir='ltr'><strong>jure</strong></span> <span class='ocrx_word' id='word_1_317' title='bbox 1336 4507 1341 4518; x_wconf 45' lang='lat'>‚</span> 
     </span>
     <span class='ocr_line' id='line_1_38' title="bbox 172 4534 1267 4622; baseline 0.009 -31"><span class='ocrx_word' id='word_1_318' title='bbox 172 4535 278 4598; x_wconf 78' lang='lat' dir='ltr'><strong>uteres</strong></span> <span class='ocrx_word' id='word_1_319' title='bbox 300 4534 450 4602; x_wconf 82' lang='lat' dir='ltr'><strong>Editores</strong></span> <span class='ocrx_word' id='word_1_320' title='bbox 471 4541 588 4608; x_wconf 86' lang='lat' dir='ltr'><strong>borum</strong></span> <span class='ocrx_word' id='word_1_321' title='bbox 614 4541 776 4608; x_wconf 86' lang='lat' dir='ltr'><strong>librorum</strong></span> <span class='ocrx_word' id='word_1_322' title='bbox 807 4542 1009 4619; x_wconf 86' lang='lat' dir='ltr'><strong>omiserunt,</strong></span> <span class='ocrx_word' id='word_1_323' title='bbox 1032 4542 1151 4622; x_wconf 91' lang='lat' dir='ltr'><strong>qnippe</strong></span> <span class='ocrx_word' id='word_1_324' title='bbox 1180 4537 1267 4603; x_wconf 90' lang='lat' dir='ltr'><strong>codi-</strong></span> 
     </span>
    </p>
   </div>
   <div class='ocr_carea' id='block_1_3' title="bbox 0 0 1692 5567">
    <p class='ocr_par' dir='ltr' id='par_1_3' title="bbox 0 0 1692 5567">
     <span class='ocr_line' id='line_1_39' title="bbox 0 0 1692 5567; baseline 0 5"><span class='ocrx_word' id='word_1_325' title='bbox 0 0 1692 5567; x_wconf 95' lang='lat' dir='ltr'><strong> </strong></span> 
     </span>
    </p>
   </div>
  </div>
 </body>
</html>
