3375 5567
429 785 476 849 bil
497 786 637 866 amplius
656 804 716 851 uec
736 788 768 850 iu
787 786 999 860 aeternitate,
1031 803 1090 848 uec
1111 784 1143 847 iu
1163 783 1329 864 sapientia,
1352 799 1407 845 nec
1426 780 1455 843 iu
1474 798 1521 860 po·

431 888 527 949 tentia
550 885 639 950 Patri
660 887 901 952 concedendum
922 889 974 962 sit,
996 887 1084 968 qnod
1106 904 1169 948 uon
1189 885 1231 948 sit
1253 882 1335 946 Filio
1356 899 1520 954 commune,

428 989 519 1053 etsie
542 989 703 1068 vicissim3
727 1008 785 1053 nec
805 990 903 1053 aliter
923 990 1019 1053 liceat
1036 988 1170 1052 credere
1191 985 1230 1048 de
1243 971 1335 1048 ‘Filio
1358 983 1441 1048 Patri
1460 999 1523 1044 con·

428 1088 643 1153 substantiali.
662 1087 703 1153 Et
718 1089 760 1153 ob
776 1090 837 1153 hoe
852 1107 929 1154 sanc
941 1090 1098 1168 Origenes
1110 1087 1328 1162 considerans,
1344 1086 1522 1166 quibuscum

430 1190 663 1255 decertandum
682 1191 743 1255 sibi
763 1199 857 1268 erut,
878 1191 960 1256 idest
980 1209 1055 1254 cum
1074 1190 1201 1272 iudaeis
1221 1198 1254 1258 et
1280 1187 1457 1261 haereticis,
1476 1184 1524 1263 qai

430 1292 537 1354 solum
559 1289 664 1354 Deum
687 1290 816 1354 Patrem
838 1290 1061 1365 admittebant,
1076 1289 1222 1355 Verbum
1242 1291 1342 1370 ipsius
1362 1294 1395 1352 et
1411 1286 1527 1363 Sapien-

431 1393 520 1465 tiam,
543 1389 708 1457 Christum
730 1391 789 1455 Oei
804 1400 968 1472 negantes,
991 1393 1052 1454 sub
1072 1391 1214 1456 duarum
1237 1391 1437 1454 decimarum
1455 1401 1528 1468 syu-

379 1506 381 1510 ·
430 1494 507 1558 bolo
522 1495 552 1556 in
574 1513 676 1558 uuum
691 1511 804 1575 panem
818 1495 887 1558 sire
903 1511 1037 1557 massam
1051 1493 1241 1574 spiritaliter
1256 1485 1528 1570 comprehendens,

429 1595 630 1674 apertissime
643 1595 780 1658 alteram
797 1593 963 1658 Trinitatis
985 1594 1182 1679 hypostasim
1197 1591 1365 1663 distinxit,
1380 1599 1412 1654 et
1431 1603 1528 1650 coram

430 1694 624 1760 adversariis
645 1698 863 1778 propugnavit
876 1696 1057 1760 secundum
1068 1693 1187 1760 Christi
1205 1693 1320 1758 rerba:
1333 1711 1389 1772 ego
1404 1698 1433 1751 rt
1446 1687 1531 1752 Peter

430 1812 531 1858 uuum
549 1814 677 1860 remur:
699 1798 778 1859 nibil
801 1798 855 1860 uni
881 1797 932 1860 tel
952 1797 1046 1860 alteri
1069 1795 1241 1858 detrahens
1261 1794 1304 1857 ob
1325 1793 1415 1854 illam
1436 1786 1530 1852 tnesa-

430 1895 528 1960 bilem
550 1901 705 1962 essentiao
725 1899 852 1960 divinae
874 1897 1070 1961 identitatem
1092 1899 1124 1960 in
1147 1904 1287 1975 utraque
1309 1892 1460 1956 Persona.

511 1996 632 2062 Deinde
647 1999 882 2064 enucleandum
904 2007 1004 2063 restat
1026 2017 1087 2064 cur
1106 1997 1276 2078 Origenes,
1299 1996 1331 2056 in
1349 1991 1534 2075 prestatione

433 2095 630 2162 Pericrciou
651 2118 682 2162 n.
703 2095 734 2164 d.
756 2100 796 2164 de
817 2098 975 2163 Trinitate
995 2099 1199 2173 discurrens,
1221 2105 1395 2177 postquam
1423 2113 1462 2158 ex
1482 2097 1534 2152 tra-

431 2197 551 2262 ditione
571 2193 749 2280 apostolica
771 2201 928 2276 credidit,
951 2200 1147 2281 docuitque,
1171 2197 1258 2262 Patri
1280 2217 1319 2260 ac
1343 2195 1427 2260 Filio
1448 2195 1534 2256 bono·

433 2317 488 2376 re,
510 2300 729 2381 dignitateque
750 2303 908 2365 sociatum
936 2321 1004 2366 esse
1032 2299 1188 2382 Spiritum
1208 2299 1389 2375 Sanctum,
1408 2294 1533 2359 addidit:

432 2420 448 2457 r
470 2397 508 2462 lu
528 2401 591 2464 boc
610 2419 675 2464 uon
693 2401 761 2481 jam
783 2402 951 2466 maniieste
971 2402 1167 2466 discernitur
1189 2408 1302 2466 utrum
1325 2411 1419 2462 uatus
1440 2415 1477 2459 uu
1497 2394 1533 2454 in·

431 2510 538 2576 uatus,
563 2502 613 2564 vel
628 2500 731 2567 Filius
745 2506 841 2566 etiam
866 2502 923 2568 Oci
938 2506 1004 2584 ipse
1019 2504 1184 2566 habendus
1198 2503 1251 2576 sit,
1268 2521 1327 2564 nec
1343 2519 1393 2564 ue.
1416 2519 1434 2556 t>
1454 2495 1535 2571 0⁰⁸⁰

433 2601 529 2664 verba
553 2619 668 2681 parum
697 2604 891 2668 adversariis
921 2604 1159 2667 satisfecerunt.
1187 2600 1315 2664 Horum
1338 2601 1412 2663 ideo
1435 2596 1532 2660 serbo

432 2718 506 2764 runs
526 2721 655 2767 sensum
677 2713 900 2783 perscrutatos
926 2705 1011 2769 baud
1034 2705 1157 2777 lateat,
1179 2704 1210 2766 iu
1239 2705 1352 2786 primis
1374 2701 1534 2778 Origeneu

431 2803 624 2868 catholicam
646 2823 688 2868 cx
715 2804 882 2884 Apostolis
904 2805 1070 2869 tradidisse
1100 2812 1134 2868 et
1157 2807 1346 2884 exposuisse
1369 2801 1535 2866 doctrinam

432 2904 472 2968 de
492 2902 615 2986 Spiritu
636 2906 774 2986 Sanct03
795 2907 946 2970 eumdem
968 2907 1119 2970 nimirum
1139 2923 1251 2987 parem
1272 2904 1388 2968 baberi
1409 2901 1493 2966 Patri
1510 2907 1537 2960 et

436 3004 533 3095 Filio,
549 3007 664 3087 bisque
684 3008 801 3071 sociari
816 3007 940 3070 honore
961 3015 993 3070 el
1008 3008 1173 3088 dignitate,
1195 3026 1254 3070 seu
1276 3005 1413 3069 essentia
1435 3021 1471 3066 ac
1490 3017 1536 3062 ua·

433 3118 506 3172 tura
528 3109 633 3188 ipsum
654 3105 760 3172 Deum
782 3117 815 3172 et
835 3127 938 3173 unum
959 3129 1033 3172 curn
1057 3107 1155 3172 Patre
1175 3115 1208 3171 et
1229 3106 1313 3170 Filio
1336 3107 1405 3170 ulla
1427 3104 1535 3181 absque

432 3209 623 3273 differentia.
641 3208 682 3272 lit
695 3209 727 3272 in
743 3211 792 3272 bis
813 3210 903 3274 nulla
917 3209 1107 3287 difficultas,
1123 3209 1218 3273 sicuti
1233 3209 1313 3271 nibil
1333 3209 1426 3272 adest
1441 3221 1536 3286 repre·

433 3309 585 3371 heusioue
600 3310 742 3388 dignum.
759 3309 844 3374 ttici
866 3311 963 3383 enim,
987 3308 1034 3372 uti
1049 3319 1140 3373 antea
1162 3309 1430 3390 praeiatnssum,
1452 3303 1536 3366 talem

433 3406 651 3470 maniicstarit
664 3407 760 3470 tidem
775 3407 952 3487 Origenes:
970 3429 986 3466 a
1005 3405 1074 3487 lpse
1089 3409 1172 3471 enirn
1189 3408 1316 3488 (inquit
1329 3407 1362 3467 iu
1378 3405 1473 3469 Libro
1488 3398 1537 3461 vt.

433 3505 751 3572 Commentariorum
775 3507 811 3571 iu
831 3507 1008 3587 Epistulam
1029 3510 1072 3570 ud
1092 3507 1250 3572 Romanos
1271 3525 1302 3569 u.
1329 3508 1385 3588 7.)
1412 3505 1538 3590 Spiritus

432 3608 526 3670 estin
541 3605 639 3687 Lege,
655 3609 721 3688 ipse
744 3610 774 3670 iu
797 3607 986 3688 Evangelio,
1003 3611 1069 3688 ipso
1089 3628 1217 3690 semper
1232 3629 1307 3674 cum
1324 3609 1422 3672 Patre
1442 3616 1472 3670 et
1493 3603 1535 3667 Fi·

432 3709 478 3772 lio
493 3717 554 3781 cst,
569 3718 602 3772 et
621 3727 751 3789 semper
771 3716 832 3786 est,
848 3719 880 3772 et
901 3721 983 3784 crat,
1001 3719 1032 3773 et
1053 3711 1115 3772 erit
1136 3711 1220 3774 sicut
1238 3709 1334 3774 Pater
1354 3720 1388 3774 et
1406 3708 1429 3772 F
1432 3709 1536 3772 ilius.»

513 3805 751 3874 Tantummodo
774 3810 827 3872 htc
842 3809 979 3888 disquiri
1000 3829 1129 3873 necesse
1150 3817 1210 3885 cst,
1234 3829 1295 3874 our
1315 3810 1470 3891 Origenes
1490 3825 1536 3888 po·

431 3918 500 3974 stes
524 3909 681 3991 adiecerit
702 3911 860 3990 inquiens,
876 3929 939 3973 uon
962 3910 1130 3976 maoiiesto
1151 3913 1302 3988 discerni,
1322 3921 1433 3976 utrum
1455 3915 1536 3969 natus

432 4030 473 4078 ao
495 4013 634 4087 innatus,
653 4011 703 4074 tel
727 4008 828 4074 Filius
842 4011 937 4073 etiam
962 4010 1018 4073 Oei
1033 4013 1099 4091 ipse
1121 3998 1259 4092 Spiritus
1275 4009 1410 4074 Sanctus
1432 4005 1537 4070 baben

431 4115 493 4176 dns
512 4113 554 4174 sit
574 4130 633 4174 nec
654 4129 704 4174 ne.
727 4109 820 4187 Quae
841 4113 971 4192 quidem
994 4113 1099 4188 dieta,
1133 4131 1206 4175 cum
1228 4129 1309 4174 suae
1329 4111 1469 4174 inscitiae
1488 4123 1536 4167 es·

432 4213 572 4293 primunt
593 4212 836 4286 consessionem,
856 4211 947 4275 nulla
970 4213 1219 4293 reprehensione
1233 4212 1326 4289 digua
1350 4212 1440 4273 liunt.
1458 4204 1536 4270 Nibi·

433 4313 574 4376 lomiuus
595 4331 634 4374 ex
657 4330 725 4391 qno
747 4312 789 4374 ibi
810 4311 917 4374 obiter
939 4314 1005 4391 ipsa
1027 4312 1206 4385 notaverit,
1228 4309 1359 4374 aliunde
1381 4305 1536 4382 investiga·

435 4422 490 4475 tur
510 4412 696 4492 hujusmodi
717 4411 926 4476 dubitationis
948 4430 1057 4488 causa,
1081 4431 1166 4492 quae
1186 4430 1263 4476 saue
1285 4412 1412 4474 minime
1433 4409 1536 4484 dogma

437 4512 477 4574 de
498 4512 604 4575 divina
627 4507 784 4576 Trinitate
806 4512 975 4593 pertingit,
998 4515 1052 4578 sed
1075 4513 1114 4577 de
1136 4511 1344 4577 emanationis
1366 4507 1535 4592 eiusdemi
