3375 5567
180 778 265 845 natie
276 779 489 864 reproborum
505 780 614 862 poenis
627 800 793 866 nunqnam
808 782 961 847 desituris
972 784 1133 847 statuerit.
1154 780 1273 867 Pytho·

179 902 256 961 goras
269 901 406 963 namque
428 884 527 965 hujus
538 885 703 949 doctrinae
718 894 848 961 auctor,
867 888 1006 964 migrare
1022 886 1143 947 animas
1163 885 1269 967 siebat

178 984 209 1045 ie
225 984 408 1064 corporibus
434 995 595 1049 vetustate
616 994 648 1049 et
673 995 778 1049 morte
799 986 968 1062 coniectis,
990 994 1023 1049 et
1052 986 1213 1049 insinuare
1234 1004 1269 1047 se

179 1086 253 1147 noris
280 1104 316 1149 as
338 1104 451 1149 reeens
478 1089 560 1150 natis
573 1106 584 1165 3
606 1096 638 1150 et
659 1087 787 1150 easdem
814 1106 945 1167 semper
968 1088 1089 1149 renasci
1117 1086 1214 1149 modo
1237 1088 1268 1148 in

178 1186 290 1264 gaude,
314 1187 411 1248 ruodo
432 1189 464 1250 iu
487 1186 568 1260 iera,
592 1190 688 1249 motio
709 1189 901 1250 innotuere.
929 1186 968 1251 iit
990 1188 1049 1249 hac
1071 1188 1197 1249 rationo
1212 1187 1271 1247 im-

178 1288 308 1350 uorteies
321 1306 404 1362 esse,
420 1288 508 1367 quoti
523 1306 619 1368 saepe
641 1291 808 1351 sariorum
823 1308 862 1351 ae
876 1289 1077 1354 dissimilium
1091 1305 1268 1367 corporum

177 1386 312 1450 iomiriiis
334 1398 548 1464 commutent,
573 1391 675 1471 inquit
696 1391 737 1453 tie
756 1410 796 1453 eo
820 1391 1004 1453 Lactantius
1028 1388 1072 1451 Dr
1097 1387 1162 1451 os‘to
1183 1386 1271 1449 beato

178 1484 229 1548 tit.
252 1486 317 1550 tit.
339 1508 371 1551 n.
394 1489 446 1555 tu.
473 1489 614 1570 ideoque
635 1501 747 1553 eontra
770 1493 849 1554 haec
871 1510 1010 1571 arguens
1031 1490 1201 1569 Origenes,
1233 1506 1271 1550 ee

176 1588 268 1651 ietirie
290 1590 469 1652 totiensne
491 1592 671 1654 animarum
688 1592 879 1671 migratione
901 1593 931 1653 in
947 1590 1051 1653 atiena
1074 1606 1212 1668 corpora
1230 1587 1268 1648 ad

176 1708 272 1769 menas
296 1692 429 1755 meritas
451 1692 600 1767 tuentes,
614 1692 703 1754 untia
727 1710 863 1772 prorsus
889 1694 1014 1754 ratione
1036 1691 1122 1753 totttt
1146 1690 1273 1753 erucis·

178 1800 250 1853 trum
271 1794 536 1873 perpetuitatem,
557 1793 676 1872 quibus
710 1794 885 1856 mulctandi
909 1802 1005 1856 erunt
1030 1791 1160 1871 reprobi
1186 1790 1271 1871 apud

175 1890 283 1954 interos.
305 1892 497 1969 Quinimmo
512 1894 655 1955 dissertis
678 1896 785 1957 verbis
803 1892 1043 1957 Proarrit'orum
1064 1890 1199 1955 Librum
1215 1911 1271 1953 ex·

177 2010 287 2071 mneos,
299 1994 396 2075 juxta
416 1994 613 2058 catholicum
626 1995 743 2075 dogma
762 2014 854 2059 suem
872 1996 998 2076 profert
1013 1996 1216 2073 senteutiam,
1231 1993 1271 2056 de

175 2094 269 2156 ueteris
289 2096 440 2169 miratus,
462 2096 519 2175 qui
542 2104 743 2174 putaverunt
759 2099 968 2159 transmutari
991 2096 1164 2158 humanam
1180 2104 1273 2157 natu·

178 2210 231 2253 nm
248 2196 278 2256 in
291 2192 456 2273 pecudum
478 2212 629 2274 corpores
646 2204 680 2257 et
692 2196 738 2257 sio
753 2197 977 2271 aestimarunt,
993 2194 1081 2275 quoti
1098 2182 1273 2276 atiquend'n

177 2294 310 2373 tementis
325 2294 484 2374 suscipiat
497 2311 621 2374 corpus
636 2294 686 2356 rei
705 2296 848 2376 vigerae,
862 2294 1038 2375 aliquando
1052 2297 1142 2373 equi,
1157 2293 1208 2356 rel
1223 2310 1274 2355 ra·

177 2390 322 2470 liquorum
343 2393 535 2456 animalium
550 2414 558 2455 ε
573 2414 591 2451 e
602 2392 663 2457 Seri
685 2380 872 2475 superfluae
887 2402 974 2471 sunt,
991 2395 1047 2471 eit,
1063 2394 1143 2457 istae
1164 2409 1274 2456 omnes

177 2491 408 2557 riinrentionee.
438 2492 646 2557 Manifestum
667 2496 844 2573 ostentm,
867 2494 955 2576 quoti
977 2510 1042 2559 unu
1068 2512 1184 2576 poena,
1208 2502 1273 2557 tem

175 2590 347 2657 doemonum
364 2600 517 2670 naturae,
538 2611 637 2673 quem
650 2597 793 2659 humano
808 2597 931 2677 generi,
947 2604 1191 2677 pennatornma
1211 2592 1274 2657 Do·

176 2693 244 2756 nino
258 2695 427 2775 praefinita
441 2695 496 2769 sit,
520 2695 588 2769 iiia,
611 2713 710 2774 quem
721 2694 879 2761 Dominus
896 2696 963 2777 ipse
978 2712 1035 2759 ena
1052 2696 1206 2759 seniculis
1222 2694 1277 2758 de·

177 2793 303 2873 signant,
313 2797 443 2861 diceus:
456 2796 499 2860 s‘te
511 2797 548 2858 s'n
560 2796 666 2877 ionem
678 2808 853 2872 numnam,
869 2816 958 2879 quem
968 2795 1176 2876 proepmoat't
1192 2794 1275 2859 Deus

176 2892 278 2958 tisim
294 2910 323 2960 et
341 2897 467 2977 angelis
486 2899 567 2980 ejus:
589 2900 761 2962 ostendens
780 2900 857 2979 quia
879 2898 992 2961 eadem
1012 2898 1135 2977 speeies
1156 2912 1274 2977 poena·

178 3002 471 3075 mnpsoeetorittus
492 3000 675 3063 nominibus
689 3000 877 3073 etdieboio,
894 3007 927 3061 et
948 2999 1068 3078 augelis
1089 2997 1160 3078 ejus
1179 3013 1272 3076 pree·

177 3106 269 3172 perata
293 3102 347 3176 sit,
370 3101 451 3163 lieet
472 3100 504 3161 in
533 3101 646 3164 eadem
668 3118 771 3180 poena
793 3099 922 3162 diversa
943 3100 985 3161 sit
1005 3099 1168 3177 quantitas
1197 3113 1274 3175 poe·

176 3210 224 3257 uas
239 3206 297 3261 ete.
317 3220 335 3257 s
349 3199 394 3263 Et
414 3199 495 3263 isaeo
518 3200 550 3262 in
572 3198 729 3281 Apologia
749 3217 811 3281 pro
830 3199 974 3281 Origene
1000 3216 1059 3280 per
1070 3217 1099 3287 ρ.
1121 3196 1274 3278 Pamphi·

178 3292 231 3358 tun
249 3316 275 3360 o
297 3298 337 3362 Χ.

237 3397 386 3465 &teram
406 3401 575 3467 fetentium
595 3420 730 3485 quoqne
749 3411 820 3480 est,
834 3402 864 3466 si
883 3399 1040 3482 Origenes
1061 3418 1136 3465 cnm
1155 3399 1275 3483 Pytha·

177 3512 239 3572 gers
256 3504 388 3566 sentiret
408 3503 449 3567 de
469 3506 651 3569 animarum
672 3507 705 3568 in
729 3506 795 3568 aiia
816 3521 956 3585 corpora
970 3504 1178 3584 migratione,
1198 3522 1274 3583 poa·

177 3613 220 3659 aas
236 3600 342 3667 luendi
360 3623 459 3668 rausa
475 3624 536 3687 pro
550 3608 702 3688 peccatis,
723 3606 898 3687 Origeuem
914 3608 1020 3686 ipsunt
1038 3608 1069 3667 in
1083 3605 1270 3685 entilugino

179 3696 259 3763 tuisse
282 3704 422 3786 lapsum.
450 3708 613 3772 sententis
645 3726 786 3788 namque
811 3707 852 3771 de
873 3708 1055 3772 animarum
1080 3708 1273 3788 migratione

176 3797 252 3877 jmts
270 3816 363 3871 aetus
380 3796 472 3883 snos,
495 3811 543 3873 uti
564 3811 632 3889 ipsa
652 3811 753 3874 reiiet
775 3796 995 3894 Pythagoras,
1020 3810 1117 3872 alteri
1138 3809 1179 3871 de
1199 3826 1275 3890 pra·

181 3918 276 3967 rorum
295 3908 407 3985 poenis
426 3909 641 3971 concordaret
660 3910 769 3990 quoad
796 3910 1042 3985 aeternitatem,
1073 3926 1112 3971 ao
1141 3912 1185 3971 ita
1206 3926 1275 3970 am·

180 4000 246 4076 riius
262 4012 376 4082 staret,
403 4026 504 4089 quam
526 4017 670 4086 tuemur,
684 4011 807 4091 opinio,
824 4009 1051 4073 Maurentium
1073 4010 1105 4070 in
1130 4007 1193 4070 hoe
1208 4026 1271 4071 nou

181 4118 234 4165 esse
250 4106 431 4189 deceptum,
446 4109 547 4173 seiuti
562 4111 742 4174 adversarii
755 4128 883 4174 errasse
897 4110 1047 4175 eumdem
1061 4117 1182 4189 tenent3
1198 4126 1272 4188 pro-

181 4200 296 4285 istisque
311 4211 476 4275 immerito
495 4212 738 4292 exprobaretnr
754 4212 933 4294 Origenes,
953 4211 1040 4292 quod
1062 4212 1270 4274 cruciatuum

182 4300 320 4371 mosis
340 4310 575 4391 bominumque
596 4312 758 4377 malorum
780 4314 876 4377 tinem
898 4313 1069 4376 docuisset.
1097 4309 1270 4375 Verumta-

183 4416 239 4466 παι
256 4408 342 4475 tiso:
359 4413 551 4493 inutraque
573 4413 662 4475 haud
685 4416 810 4479 erravit
822 4414 994 4494 Origenes,
1011 4430 1085 4475 eum
1102 4413 1272 4499 perspicue

184 4508 394 4586 ⁸'itlitiurum
415 4530 477 4595 pro
492 4514 647 4595 improbis
667 4515 847 4581 admisisset
866 4515 1112 4593 aeternitatem,
1135 4514 1273 4596 ineptes-
