3375 5567
171 764 217 832 aiu
230 770 441 849 propagatam.
465 761 509 829 Et
530 769 567 829 ut
587 765 668 829 scias
688 780 748 828 nec
768 782 828 846 per
848 764 1060 844 baptismum,
1080 781 1187 846 neque
1209 784 1271 847 per

170 868 221 930 atta
239 866 397 931 Ecclesiae
417 864 575 951 Mysteria
591 865 740 930 absoluta
761 882 800 929 ac
820 867 853 929 in
867 866 1017 929 omuibus
1037 866 1104 930 suis
1119 866 1267 947 partibus

170 966 201 1029 ab
218 968 342 1031 bominis
363 974 482 1030 natura
505 966 663 1046 extingui,
684 966 739 1031 sed
762 984 906 1043 manere,
931 966 1034 1030 vetnit
1055 968 1087 1029 iu
1104 966 1137 1033 2.
1153 967 1194 1028 ad
1208 964 1270 1030 Co·

169 1068 227 1128 rint
245 1085 271 1129 c.
286 1064 324 1129 V.
347 1067 395 1129 ait
415 1065 613 1146 apostotos:
636 1062 719 1131 Nom
738 1075 767 1128 ct
787 1064 844 1145 qui
864 1084 974 1129 sumus
995 1064 1033 1128 ia
1052 1066 1111 1127 boc
1125 1065 1269 1139 iubem-

169 1166 224 1229 ccio
236 1166 466 1247 iapnaiscincus
477 1169 617 1246 φωναί,
633 1184 747 1230 rernm
764 1169 796 1229 in
812 1176 917 1231 morte
933 1167 1158 1230 tautummodo
1172 1184 1267 1246 pror·

168 1284 210 1329 sos
230 1266 410 1346 huiusmodi
435 1266 561 1328 aboleri
589 1267 793 1329 vitiositatem
806 1286 817 1345 3
847 1266 988 1345 ideoque
1019 1275 1158 1330 mortem
1181 1263 1272 1330 Beue

170 1366 265 1429 bonini
280 1365 410 1431 indixit:
425 1374 557 1445 praeter
574 1382 624 1439 aa,
641 1382 726 1445 quae
747 1367 962 1445 supracitata
982 1374 1059 1432 sunt
1078 1377 1271 1444 argumenta

169 1468 338 1545 ericumque
359 1466 458 1529 obvia
473 1464 513 1528 de
533 1466 565 1527 in
580 1467 641 1529 bac
662 1481 698 1529 re
715 1464 851 1549 Nysaeni
874 1471 996 1541 mente,
1021 1484 1081 1529 uec
1105 1466 1203 1530 aliter
1220 1484 1274 1531 ca·

169 1566 272 1645 pienda,
288 1576 423 1647 praesto
437 1564 564 1629 adstant
576 1576 609 1629 et
625 1565 708 1627 niiae
722 1566 869 1647 ejusdem
884 1567 1053 1643 dictiones,
1075 1568 1198 1648 quibua
1211 1568 1272 1633 buc

169 1665 305 1729 firmatur.
323 1665 365 1729 In
383 1664 521 1745 ttpsccca
535 1662 617 1727 sitm
628 1662 745 1743 Moysis
756 1665 1032 1744 Interpromium,
1047 1668 1172 1731 scribit:
1189 1666 1272 1731 Nam

168 1766 298 1846 siprava
327 1770 535 1847 peccantium
565 1784 652 1829 mors
681 1767 805 1829 nullasu
829 1768 928 1829 babet
962 1769 994 1829 in
1020 1786 1078 1831 eos
1101 1770 1192 1843 vim,
1213 1770 1272 1848 qui

168 1864 282 1930 Crucem
310 1868 504 1947 respiciunt,
527 1869 632 1932 carnia
664 1875 769 1931 tamen
790 1868 949 1931 adversus
975 1868 1126 1948 spiritum
1157 1869 1268 1933 innata

168 1968 298 2048 cupiditas
318 1985 384 2032 non
400 1970 531 2032 omnino
551 1968 716 2033 destructe
730 1976 790 2033 est.
806 1986 822 2027 a
839 1967 888 2033 Ac
908 1969 982 2032 ideo
999 1971 1033 2033 iu
1049 1967 1179 2033 Funere
1193 1967 1270 2031 Put-

168 2068 272 2130 cberiae
286 2068 397 2149 ajebat
419 2066 522 2133 «Nec
542 2070 574 2131 in
589 2068 774 2131 bominibus
794 2068 886 2132 aliud
902 2067 1082 2149 quidquam
1103 2078 1153 2131 est
1166 2084 1270 2143 mors,

169 2166 213 2228 nisi
231 2168 411 2231 vitiositatis
432 2170 587 2247 expiatio.
610 2166 832 2245 Quamobrem
854 2185 894 2232 nc
916 2170 948 2231 in
968 2176 1141 2233 aeternum
1171 2156 1271 2233 dura-

169 2273 206 2326 ret
229 2268 258 2328 iu
281 2268 415 2330 bomine
448 2266 624 2339 vitiositas,
647 2275 752 2331 morte
781 2268 849 2349 ipsa
872 2269 1030 2332 vitiositas
1061 2268 1270 2333 dissolvenda

168 2374 230 2427 crat
249 2384 265 2423 s
286 2366 321 2429 in
342 2364 504 2429 Oratione
524 2363 580 2427 vt.
605 2365 649 2427 De
668 2365 933 2430 Bentitcsdim‘bus
953 2366 1015 2431 snb
1037 2366 1133 2431 tinem
1145 2367 1268 2431 subdit:

169 2460 239 2526 six
257 2465 386 2529 bumiue
407 2465 506 2527 bomo
527 2466 684 2545 nascitur3
706 2482 749 2529 ex
765 2466 909 2531 obnoxio
932 2468 1029 2545 vitiis,
1044 2468 1267 2547 perturbatiu-

168 2562 252 2639 nibus,
270 2564 511 2639 affectionibus,
527 2564 672 2627 nascitus
693 2564 813 2629 eisdem
835 2566 1016 2645 obnoxius3
1032 2582 1076 2629 cx
1096 2574 1272 2646 peccatore

103 2676 104 2695 ¹
168 2672 305 2741 mustos.
322 2664 414 2745 Ergo
436 2683 511 2729 cum
532 2666 736 2729 nascentibus
752 2665 995 2747 quodammodo
1016 2675 1188 2747 peccatum
1202 2668 1272 2731 exi·

168 2765 219 2839 stit,
235 2768 327 2833 simul
343 2778 379 2835 et
401 2785 533 2832 nascens
545 2777 578 2831 et
597 2784 785 2847 augescens,
801 2784 840 2832 ac
863 2785 939 2833 curn
955 2758 1041 2832 s'itae
1054 2768 1193 2831 termino
1205 2784 1270 2831 uua

169 2864 289 2933 desinens
309 2879 373 2937 etc.
399 2892 416 2931 a

235 2970 369 3037 Procius
392 2978 501 3035 antem
519 2972 604 3052 apud
620 2970 833 3054 Epiphaniam
851 2971 891 3034 de
902 2969 1097 3041 Haeresibi.
1108 2989 1138 3032 n.
1155 2968 1208 3035 tn.
1221 2970 1274 3035 in·

168 3067 305 3134 calcatius
326 3074 498 3153 distinguit
518 3079 703 3153 peccatum,
726 3073 813 3152 qnod
837 3090 897 3153 per
911 3074 1068 3152 baptisma
1090 3072 1123 3133 in
1147 3071 1275 3135 bomine

168 3166 285 3247 detetur,
313 3174 373 3238 sed
397 3190 461 3237 non
486 3174 644 3237 radicitus
665 3172 706 3235 ab
729 3191 785 3249 eo,
802 3174 890 3253 qnod
912 3175 944 3237 in
965 3179 1072 3235 morte
1092 3172 1219 3251 penitus
1239 3176 1275 3235 et

169 3266 236 3333 dtius
255 3274 410 3355 cogitatio
431 3274 649 3355 extinguenda
671 3282 731 3336 est:
756 3295 773 3331 s
796 3273 938 3350 Etenim,
961 3273 1085 3344 scribit,
1115 3270 1273 3351 quamdiu

168 3382 264 3446 eorpus
286 3374 382 3448 visit,
405 3392 464 3437 nec
495 3373 603 3436 adbuc
624 3380 793 3437 mortuum
815 3382 877 3449 est,
911 3392 985 3437 eum
1007 3390 1048 3437 eo
1069 3372 1180 3434 sisere
1201 3388 1275 3451 pec·

166 3476 251 3532 catum
272 3490 405 3537 necesse
425 3479 484 3548 eat,
508 3482 541 3535 ct
561 3473 707 3536 occultas
729 3474 760 3534 in
794 3475 886 3537 nobis
907 3474 985 3552 ipsis
1006 3473 1132 3535 radices
1161 3487 1271 3552 agere,

102 3654 103 3657 Ἴ
167 3569 210 3629 eui
227 3574 420 3650 quibusdam
445 3574 536 3637 velut
561 3574 809 3653 castigationum
831 3576 1188 3653 reprehensionumque
1212 3589 1272 3650 pn·

168 3670 318 3735 titionibus
349 3680 556 3736 coerceatur.
580 3671 714 3751 Alioqui
737 3681 809 3753 post
830 3672 1028 3750 baptismum
1053 3672 1184 3735 nntturn
1205 3670 1274 3750 jam

167 3766 252 3832 scetus
266 3780 549 3853 perpetraremus,
563 3784 776 3853 posteaquam
797 3782 967 3851 peccatum
983 3788 1001 3832 a
1023 3771 1113 3833 nobis
1127 3770 1273 3833 tunditua

168 3872 192 3927 ct
206 3872 382 3936 omnimode
402 3873 568 3935 subtatum
591 3873 686 3937 toret.
705 3872 806 3953 Atqui
828 3872 928 3933 ctiam
942 3880 1017 3949 post
1040 3878 1223 3949 susceptam
1237 3866 1273 3929 ii·

169 3962 235 4041 iem,
247 3987 283 4035 ac
295 3973 497 4037 sanctissima
519 3974 575 4035 iiia
591 3990 695 4053 aquae
716 3972 837 4035 lotione
852 3972 989 4051 periusi,
1010 3972 1139 4050 saepius
1158 3986 1270 4048 pecca·

170 4062 443 4152 tisobstrtugimnr.
460 4071 576 4153 Neque
587 4074 672 4135 enim
692 4073 823 4136 adeone
845 4072 1022 4133 immunem
1036 4070 1078 4131 ab
1098 4068 1184 4129 omni
1201 4084 1271 4129 csse

170 4178 278 4239 persp,
293 4172 430 4251 gioriuri
446 4174 620 4253 quisquam
633 4180 750 4251 potest,
763 4180 801 4235 ut
815 4189 856 4233 ne
870 4172 1068 4250 cogitatione
1079 4167 1212 4248 quidem
1221 4164 1273 4228 ui·

171 4258 224 4324 ium
240 4270 343 4333 aceias
364 4271 523 4335 admittat.
545 4272 594 4337 Ex
616 4290 684 4351 quo
704 4286 906 4350 consequeus
919 4275 970 4331 est
995 4267 1128 4348 reprimi
1142 4280 1271 4327 enneae

172 4369 309 4445 omopici
325 4370 425 4433 modo
442 4363 504 4434 tide
519 4378 702 4451 peccatum,
718 4388 758 4433 ne
769 4369 967 4449 perniciosos
982 4367 1108 4431 tructus
1122 4366 1247 4429 emittat
1256 4382 1269 4442 3

172 4468 352 4532 mnonntoo
362 4476 473 4531 tamen
491 4486 529 4531 ac
545 4466 700 4533 radicitus
720 4466 880 4547 extingui.
897 4462 1061 4541 Quocirca
1079 4480 1164 4527 nunc
1179 4462 1270 4525 iliius
