3375 5567
425 701 489 759 rias
502 713 638 760 narrare
652 698 684 757 in
703 693 880 777 scriptoris
900 697 1055 778 Spiritum
1072 703 1235 766 Sanctum.
1253 721 1269 759 ι
1286 700 1450 777 Qniburet
1462 715 1513 780 ego

420 801 549 877 addam,
570 797 646 861 alibi
660 799 723 862 boo
742 798 869 880 saboim
883 817 998 863 nomen
1021 802 1059 864 de
1074 801 1206 866 historia
1229 803 1365 864 mosaica
1381 801 1513 864 locntntn

423 902 591 983 praeferre
611 900 796 980 Origenem.

500 1003 696 1084 Priusquam
720 1020 797 1065 vero
819 1003 1005 1083 hujusmodi
1033 1003 1105 1065 binc
1127 1009 1258 1066 exortas
1280 1002 1419 1066 dilutum
1443 1001 1516 1062 inct-

423 1122 494 1168 mns
516 1105 738 1184 praelatorum
760 1105 977 1183 oppositiones
997 1105 1153 1167 adversus
1168 1105 1322 1167 Auctoris
1337 1102 1514 1172 doctrinam,

421 1207 657 1268 vocabulorum
679 1215 771 1267 autea
793 1204 893 1283 (qood
915 1215 961 1266 est
978 1207 1097 1284 cuique
1119 1207 1286 1284 interpreti
1303 1203 1515 1272 neoumnnut

417 1324 502 1387 qnae
515 1307 681 1386 scriptoris
702 1315 893 1384 conceptum
915 1313 1167 1384 repraesentant,
1189 1305 1403 1384 significatum
1428 1303 1515 1366 relart

419 1409 613 1487 investigare
633 1413 665 1468 et
684 1407 731 1470 sic
752 1409 890 1467 transire
910 1405 949 1465 ad
965 1408 1197 1484 quaestionem.
1221 1403 1442 1467 Diversimode
1455 1402 1513 1463 lieri

419 1515 536 1588 potest,
558 1514 595 1571 ut
615 1507 762 1570 illusoria
784 1495 817 1568 ot
837 1505 1020 1568 irostranea
1043 1511 1178 1586 potetur
1198 1505 1400 1586 disceptatio.
1424 1502 1455 1565 ln
1474 1519 1515 1566 ca·

417 1626 456 1672 su
480 1616 590 1671 nostro
617 1607 797 1687 disquisitio
818 1605 903 1669 cadit
931 1607 1105 1686 praecipuo
1125 1625 1224 1687 anper
1248 1607 1376 1686 [obsim
1397 1621 1515 1676 nomen,

420 1709 504 1772 unde
524 1709 725 1789 oppositores
745 1706 857 1770 ollensi
877 1715 952 1770 runt
972 1708 1012 1770 de
1032 1707 1192 1787 Origene,
1207 1709 1296 1787 qnod
1320 1709 1404 1772 istud
1422 1707 1517 1769 inscri-

418 1813 519 1889 prerit
537 1807 775 1872 narrationibus
798 1809 1061 1887 scripturalibus,
1077 1811 1154 1888 quic
1172 1810 1269 1890 lanios
1293 1813 1382 1873 vocis
1402 1823 1513 1872 ιιιιιιιι

415 1921 530 1975 exacte
550 1910 869 2003 comprehenderent.
886 1907 1028 1990 ldeoqne
1042 1913 1068 1972 si
1084 1912 1141 1990 ipsi
1158 1912 1219 1974 boo
1240 1912 1442 1990 neglexerint
1459 1919 1514 1971 ιιι·

415 2013 517 2088 dium,
540 2013 630 2074 nobis
651 2011 904 2089 haudquaquam
928 2012 1201 2090 praetereundum
1224 2021 1283 2074 eat.

497 2109 616 2194 Mino,
634 2114 766 2190 itaquo,
788 2110 874 2173 onde
895 2110 994 2174 latine
1016 2111 1127 2180 laltnla
1147 2130 1189 2174 ox
1211 2113 1379 2192 primaeva
1400 2119 1432 2175 et
1460 2111 1514 2174 nri

416 2213 513 2293 ginali
539 2212 770 2293 significatione
789 2211 915 2273 nerbono
936 2211 1004 2274 site
1025 2211 1144 2274 dictem
1164 2213 1222 2275 sibi
1247 2215 1341 2289 rull,
1363 2213 1426 2276 tole
1443 2211 1514 2294 qnod

415 2321 583 2375 cunctor.
607 2310 748 2389 ideoque
778 2309 870 2372 Plato
893 2310 1081 2391 lreqnentar
1108 2312 1181 2373 loro
1202 2309 1316 2402 μάθος
1341 2312 1417 2376 dicit
1435 2311 1515 2405 λόγος

418 2423 451 2476 et
476 2415 625 2492 vicissim3
647 2430 709 2474 oon
731 2411 862 2491 qnidam
886 2422 922 2474 nt
942 2413 1074 2474 denotet
1091 2412 1168 2491 qnid
1192 2413 1312 2476 lalsnm
1334 2425 1392 2498 ant
1412 2417 1514 2495 impro-

415 2516 533 2589 babile,
555 2517 609 2577 sed
633 2524 669 2578 nt
690 2530 758 2577 rem
783 2513 960 2590 volgatam,
984 2523 1092 2576 nolam
1108 2522 1140 2576 et
1163 2517 1284 2592 tritam;
1301 2527 1334 2577 et
1358 2513 1510 2594 bincapnd

415 2616 531 2678 latinos
551 2614 662 2695 [obolo
681 2631 756 2686 eane,
777 2612 888 2692 sabulo
907 2613 988 2692 fieri,
1005 2613 1045 2677 de
1059 2632 1124 2695 qna
1139 2633 1249 2678 omnes
1263 2617 1456 2696 loqnnntnr.
1470 2617 1514 2680 St·

414 2717 521 2779 condo
544 2735 623 2779 roro
637 2717 712 2779 loco
731 2714 851 2776 dicitnr
865 2714 904 2776 de
927 2714 1006 2777 laisa
1022 2721 1225 2793 narratione;
1245 2727 1276 2780 et
1292 2720 1358 2781 sub
1377 2721 1433 2780 bac
1446 2735 1512 2779 non·

414 2819 587 2895 copatione
616 2824 786 2896 poetarum
809 2818 929 2893 scripta
955 2816 1053 2896 volgo
1082 2819 1417 2898 comprehenduntur.
1438 2813 1513 2880 dote

414 2918 512 2981 dictio
535 2918 754 2997 vulgatissima
776 2915 969 2997 mgtltotopio
991 2917 1137 2981 labnlosa
1161 2922 1304 2984 narratio
1319 2963 1329 2996 ,
1347 2937 1429 3000 quae
1445 2917 1510 2980 ialsa

413 3021 630 3082 commentitia
653 3019 829 3081 universim
852 3021 950 3093 venit,
970 3027 1003 3081 et
1024 3020 1066 3084 ita
1093 3031 1223 3100 accepta
1246 3032 1305 3083 est.
1326 3022 1510 3088 Christianos

413 3120 562 3186 Stoclrios
584 3123 614 3180 ln
643 3118 736 3183 Clari
758 3117 900 3195 Linguae
928 3129 1056 3184 sanctae
1078 3123 1151 3184 nori
1173 3119 1383 3200 Testamenti,
1404 3123 1443 3185 de
1461 3121 1510 3182 lton

414 3222 578 3284 vocabulo
602 3221 728 3300 iuquit:
757 3217 915 3300 «Mosae
935 3223 1111 3300 generatim
1133 3230 1223 3284 notat
1243 3223 1371 3286 ιιιιιιιιι
1391 3223 1454 3286 alra
1475 3221 1511 3280 in·

412 3323 636 3400 complexum,
658 3323 727 3383 aire
748 3323 968 3401 complexum.
991 3319 1074 3384 ilinc
1095 3324 1261 3401 speciatim
1283 3324 1416 3403 propria
1435 3325 1509 3382 notat

412 3423 543 3486 ιιιιιιιιι
554 3423 799 3502 incomplexam,
816 3432 852 3484 ot
876 3423 927 3485 vol
944 3443 985 3486 ex
1008 3421 1151 3486 Homero
1168 3425 1276 3488 ridere
1287 3425 1376 3488 licet.
1391 3419 1508 3502 Tropina

412 3541 472 3606 per
490 3522 709 3602 metonymicos
730 3530 821 3587 notat
838 3540 1007 3586 ammonent
1029 3525 1081 3588 rei
1102 3525 1273 3590 oratiorum
1282 3569 1294 3601 ,
1314 3545 1400 3608 quaa
1421 3521 1508 3588 verbis

413 3632 538 3689 constat
557 3633 591 3688 et
610 3625 803 3688 absolvitur.
826 3623 890 3687 Per
910 3625 1125 3703 tgnrcdncltetn
1146 3636 1236 3691 notat
1250 3627 1446 3708 ligmeatnnt,
1466 3619 1507 3685 rel

414 3725 572 3802 labulam,
594 3743 678 3804 qnae
699 3734 839 3788 astarte
861 3727 1037 3805 composita
1059 3736 1120 3789 etc.
1143 3746 1160 3784 s

495 3826 552 3890 llis
575 3829 757 3905 praemissis
787 3828 826 3888 de
850 3827 948 3906 bojon
977 3827 1127 3890 vocabuli
1150 3847 1212 3891 usn
1238 3837 1271 3892 ot
1290 3847 1409 3900 aenan,
1428 3835 1458 3890 ιι
1475 3821 1506 3885 ad

412 3930 586 4006 (lrigenem
610 3930 745 4002 reversi,
763 3929 820 4007 qui
842 3928 1032 4008 frequenter
1045 3947 1082 3990 ea
1106 3947 1185 3991 roca
1199 3947 1277 3994 nsua
1297 3940 1345 3992 est
1360 3925 1506 4011 spectatio

411 4029 452 4092 ad
473 4027 636 4093 Genssooa
657 4030 810 4091 bistoriae
830 4039 863 4091 ιι
885 4027 1005 4109 Legum
1028 4031 1242 4094 mosaicarum
1264 4028 1504 4096 commentarios,

412 4133 444 4194 io
467 4132 568 4209 prima
590 4129 820 4209 significatione
853 4117 1132 4209 comprehendisse
1162 4133 1354 4212 reperimus,
1379 4139 1432 4194 ant
1453 4125 1504 4189 sal·

413 4238 479 4294 tem
500 4227 604 4322 μύθῳ
628 4227 756 4310 [abelae
778 4231 849 4292 roci
871 4237 1000 4294 aensu'm
1027 4231 1176 4297 indidisse
1205 4234 1332 4297 ridetur
1355 4230 1503 4298 eamden·

415 4347 514 4411 qnam
536 4329 714 4411 Apostolus
735 4331 946 4410 peculiariter
975 4333 1007 4394 in
1029 4331 1174 4411 Epistola
1207 4334 1231 4398 l.
1253 4351 1281 4396 c.
1306 4333 1330 4398 l.
1354 4333 1391 4395 ad
1417 4327 1506 4390 lino·

415 4430 526 4494 tbeom
547 4431 731 4510 praestitit:
753 4448 860 4509 eoquo
882 4434 981 4510 magis
1002 4433 1089 4511 qnod
1111 4432 1239 4498 Auctor
1258 4441 1367 4498 noster
1386 4447 1439 4511 pro
1455 4439 1504 4488 ιιι
