3375 5567
169 809 245 886 ticin,
264 810 416 891 dictuque
434 809 575 876 difficilia
592 810 646 890 (ab
667 810 715 874 his
734 811 891 891 inspecta,
908 807 964 890 qui
979 806 1100 874 Christi
1120 815 1260 872 mentem

167 920 370 992 perceperunt,
392 920 430 977 ut
451 912 592 988 rideant,
613 928 700 994 guae
719 928 738 974 a
761 909 919 977 Deosunt
939 911 1015 992 ipsis
1028 908 1158 988 donata)
1180 928 1261 991 pau·

167 1013 633 1096 cimmpreirenderepossun13
656 1017 714 1096 qui
729 1014 912 1094 diligentius
934 1013 1170 1093 investigarunt
1190 1020 1259 1076 tum

166 1131 205 1188 aa,
223 1133 302 1195 quae
322 1117 520 1196 generationi
548 1117 760 1198 praecedunt,
783 1125 854 1181 tum
877 1131 928 1192 ea,
951 1131 1037 1195 quae
1064 1115 1184 1196 tuipsa
1206 1131 1259 1194 ga·

165 1218 310 1281 ncratious
330 1219 492 1300 cujusque
511 1227 587 1282 suut
608 1227 670 1282 etc.
695 1238 712 1276 a

229 1317 372 1383 Primum
393 1337 435 1383 ex
466 1320 515 1384 bis
535 1321 749 1401 dignoscitur,
773 1319 849 1383 talia
870 1318 1045 1400 origenem
1067 1319 1263 1382 haesitanter

166 1433 329 1498 preponere
348 1439 388 1484 ac
408 1421 535 1485 timore.
558 1420 723 1497 Secum,
746 1421 825 1484 uiuit
841 1420 913 1484 inde
935 1423 1007 1485 erui
1030 1426 1147 1500 potest,
1169 1437 1260 1482 curn·

163 1519 222 1582 icna
240 1522 311 1584 iden
332 1525 522 1586 sententiam
543 1522 584 1587 de
604 1523 708 1586 anima
729 1541 791 1602 per
810 1522 978 1587 traducem
999 1522 1192 1602 corporibus
1214 1523 1259 1582 in·

161 1631 232 1683 serta
250 1639 469 1704 propugnare.
485 1621 673 1698 Quinimmo
693 1641 769 1686 cum
783 1624 897 1686 codem
917 1630 1063 1702 tempore
1078 1621 1259 1684 animarum
1365 1701 1368 1710 .

162 1725 428 1802 praeexistentiam
447 1723 615 1797 excludat,
636 1726 761 1806 pariter
778 1742 899 1806 corpus
915 1723 956 1785 ab
975 1725 1080 1787 anima
1102 1723 1182 1801 (seu
1204 1738 1260 1802 pn·

162 1823 214 1886 tius
229 1827 347 1906 spiritu
367 1836 400 1890 et
421 1826 539 1903 mnis)
558 1829 698 1890 memit
714 1827 811 1908 juxta
825 1825 1004 1906 praciatarn
1025 1823 1257 1900 definitionem,

160 1941 246 1988 noum
264 1927 462 2003 materiate,
485 1929 623 1992 aiteram
643 1928 822 2010 spiritaiem
848 1925 1052 1992 confirmans.
1084 1926 1258 2007 Perspicua

160 2027 230 2089 enim
251 2022 370 2120 λόγους
391 2029 630 2125 σπερματικὼς
655 2029 796 2093 rosiones
819 2027 985 2091 aminnias
1007 2027 1137 2108 corpori
1159 2029 1260 2090 inser·

161 2129 430 2211 nsdbtingnitab
444 2132 557 2195 cortem
578 2149 741 2214 corpore,
763 2131 851 2213 qnod
874 2131 998 2196 ratione
1019 2140 1127 2202 caret,
1151 2131 1183 2192 in
1204 2146 1258 2202 oo·

158 2227 220 2293 dine
236 2231 368 2296 diverso
389 2233 474 2296 istuti
495 2233 669 2297 collocans.
897 2229 903 2238 '

223 2329 345 2396 Deinde
366 2333 392 2394 si
414 2341 568 2396 accurate
597 2335 695 2416 hujus
715 2334 889 2400 locutionis
916 2353 1033 2418 scopus
1054 2335 1258 2412 attentatur,

159 2433 328 2512 percipitur
355 2433 450 2496 ilium
470 2433 510 2495 ad
539 2434 570 2495 id
595 2435 701 2509 verti,
721 2452 798 2500 num
828 2436 953 2500 scilicet
973 2435 1043 2499 neri
1071 2443 1197 2518 posset,
1221 2443 1260 2500 ut

158 2533 261 2613 aliquis
290 2533 390 2599 fldem
411 2544 445 2599 et
473 2553 574 2616 opera
596 2535 748 2600 Abrahae
768 2537 887 2601 habeat
914 2545 947 2602 et
969 2537 1087 2615 iaciat,
1110 2537 1259 2620 quamvis

157 2653 210 2698 aon
226 2637 267 2700 sit
287 2637 378 2700 titius
398 2637 492 2718 eius,
513 2655 574 2700 scu
604 2658 647 2700 ea
669 2640 876 2719 generatione
895 2657 954 2702 sua
978 2639 1097 2704 habeus
1117 2642 1150 2704 in
1171 2658 1205 2703 sc
1226 2645 1259 2702 ei

157 2736 214 2817 ipsc
233 2741 378 2803 rationes
401 2739 571 2802 seminales
592 2739 884 2820 (intelligentiam),
907 2741 1026 2822 quibus
1044 2742 1203 2823 justitiam
1225 2759 1260 2804 o·

153 2851 274 2917 peretur
293 2841 393 2903 sicuti
414 2848 447 2902 ct
467 2839 523 2903 tilii
546 2839 708 2904 Abrahae.
733 2839 817 2905 Huic
840 2842 1035 2921 respondens
1054 2843 1257 2923 quaestioni,

153 2942 243 3020 inquit
265 2943 331 3005 hoc
352 2940 423 3004 fleri
444 2959 549 3020 posse,
565 2944 624 3003 etsi
647 2942 833 3023 hujusmodi
850 2943 989 3004 rationes
1002 2942 1180 3006 seminales
1194 2959 1258 3006 uon

153 3045 290 3108 oucibus
312 3045 378 3105 sint
397 3061 585 3107 communes
605 3041 788 3118 animabus,
807 3044 861 3106 ssd
886 3045 1108 3107 tautummodo
1123 3045 1260 3107 nonnul·

154 3143 195 3206 lis.
218 3144 266 3209 En
290 3146 342 3208 iris
363 3163 441 3224 crgo
463 3145 621 3224 (inieriori
642 3147 717 3209 ioco
732 3145 879 3210 mandata
903 3145 1000 3226 hujus
1023 3147 1166 3230 mysterii
1179 3163 1261 3209 con·

152 3245 352 3321 iteratione)
373 3266 416 3309 ea
441 3245 490 3310 hia
510 3265 590 3325 ergo
610 3246 710 3326 siquis
724 3246 866 3327 probare
881 3247 991 3321 rcitct,
1005 3245 1177 3326 Origencm
1191 3247 1260 3310 ani·

88 3396 90 3411 ,
155 3363 215 3410 usae
234 3349 475 3412 remeationem
497 3366 556 3427 per
578 3348 745 3411 traducem
766 3366 784 3409 a
807 3349 991 3427 parenteia
1018 3346 1133 3423 fitium,
1156 3365 1262 3428 neque

155 3465 223 3512 rcro
241 3469 261 3512 a
278 3447 364 3524 Deo,
386 3449 548 3529 docuissc3
571 3457 648 3512 tuuc
668 3449 838 3512 dicendum
861 3448 963 3520 toret,
985 3467 1047 3512 uon
1071 3465 1181 3512 omnes
1203 3465 1261 3529 per

156 3551 316 3614 tmtluecm
338 3552 444 3612 anima
466 3550 613 3627 donatos,
629 3551 797 3612 astsolum
819 3550 1003 3613 nonnullos.
1027 3548 1067 3612 Et
1089 3550 1261 3631 quidinde

154 3661 418 3733 consequeretur,
447 3652 593 3714 cernito:
617 3650 791 3714 nonuuitae
819 3651 902 3712 enim
923 3651 1049 3714 animae
1069 3668 1129 3731 per
1153 3651 1263 3716 tradu-

154 3767 227 3828 cem,
243 3755 426 3834 plerasque
446 3751 663 3816 diversimode
684 3754 714 3814 in
737 3752 902 3814 hominum
925 3769 1062 3833 corpora
1087 3753 1241 3816 venirent.

223 3851 462 3917 Verumtamen
483 3851 687 3932 profundiori
716 3853 892 3914 attentione
914 3852 1083 3932 explorata
1114 3851 1262 3932 Origenis

154 3963 251 4018 mente
273 3957 308 4017 iu
327 3973 369 4017 eo
389 3953 606 4035 paragrapho,
629 3961 661 4016 et
676 3954 864 4032 pracsertim
883 3953 915 4014 in
939 3954 1044 4016 verbis
1058 3951 1197 4016 rosiones
1218 3971 1264 4014 ss·

153 4050 294 4131 seientes,
316 4054 429 4118 abesse
448 4071 468 4117 a
490 4055 626 4116 veritate
640 4069 703 4115 non
727 4052 854 4125 videor,
874 4060 1030 4129 statuens,
1046 4071 1109 4116 nou
1131 4053 1262 4132 proprie

153 4255 382 4335 metaphorica,
401 4273 459 4317 seu
486 4253 592 4334 potius
612 4253 783 4337 anagogica
805 4251 971 4316 locutione
996 4254 1043 4315 uti
1070 4251 1259 4328 Auctorem,

153 4352 245 4418 reiuti
265 4354 309 4417 dc
329 4355 556 4434 spiritualibus
577 4355 697 4435 cuique
719 4353 766 4416 ias
785 4361 834 4416 est
854 4353 970 4434 loqui,
991 4353 1090 4417 immo
1118 4371 1263 4417 necessa·

154 4451 257 4535 rinm3
280 4472 320 4517 ac
342 4454 414 4517 ideo
443 4471 497 4518 eas
516 4437 686 4518 seminales
708 4453 849 4516 rationes
866 4453 943 4534 iure
973 4453 1012 4515 ad
1027 4455 1181 4520 intimum
1205 4454 1263 4517 ho·

153 4549 240 4619 utro
259 4573 391 4620 sensum
412 4563 572 4637 spectare,
595 4561 631 4618 ut
653 4571 708 4618 sas
727 4554 815 4617 colat
834 4560 867 4616 et
889 4554 1071 4619 ioecnndet.
1094 4552 1194 4630 Quasi
1216 4555 1262 4632 ti.
