3375 5567
439 658 666 858 {gnipdume
684 757 769 856 μηδὲ
786 762 956 836 enatura
970 765 1014 863 τῷ
1027 763 1132 839 rainer
1155 766 1215 851 τῆς
1237 768 1340 863 τιμῆς
1356 760 1547 861 potarent

439 863 544 966 ἕτερον
566 866 670 940 ntiae
691 866 805 951 οκὲυος
826 868 978 962 ἀτιμίας
995 870 1039 955 ὥς
1060 874 1159 945 πάλιν
1173 864 1292 945 iecore
1313 872 1382 945 ἔστι
1398 867 1455 944 διὰ
1473 894 1547 973 tapn-

442 972 567 1076 βύτερα
582 971 693 1043 eboreo
707 974 763 1044 τ’ὄο
777 973 857 1068 βίου
873 975 1040 1071 γενόμενον
1055 978 1166 1063 οκὲυος
1186 978 1325 1072 ἀτιμίας
1345 975 1458 1049 ἐνθάδε
1474 975 1544 1081 inp

441 1074 596 1148 sotem
618 1076 650 1149 ἔν
673 1078 716 1159 τῆ
739 1082 839 1175 καινῇ
858 1080 962 1152 κτίσει
984 1082 1134 1177 γενέσθαι
1148 1086 1263 1167 σκὲυος
1281 1083 1385 1176 τιμῆς
1403 1077 1547 1175 intrepi

440 1177 573 1375 11120ῖαί
595 1182 774 1285 ἔοχρηοτον
797 1187 844 1280 τῷ
858 1185 994 1283 δεσπότῃ
1011 1188 1059 1271 tn
1073 1188 1136 1261 πᾶν
1149 1183 1242 1290 ἔργον
1257 1188 1384 1284 ἀγαθόν
1406 1184 1548 1279 ἡτοιμαο·

900 1440 1003 1507 Verrio
1023 1442 1112 1509 Nona

525 1583 619 1660 (hinc
634 1585 718 1647 enint
740 1585 769 1648 iti
786 1587 1018 1666 consequitur)
1044 1587 1114 1652 fleri
1127 1606 1203 1652 sano
1219 1596 1336 1669 potest,
1352 1595 1390 1652 nt
1403 1588 1458 1669 qni
1472 1604 1545 1650 nnnc

443 1700 487 1745 ex
508 1686 662 1749 anteactis
683 1687 877 1765 quibusdam
901 1688 990 1751 bunia
1010 1692 1164 1770 operibus
1186 1690 1290 1755 iactus
1311 1700 1360 1755 eat
1382 1708 1437 1753 aaa
1458 1691 1545 1753 nono·

445 1784 502 1859 rie,
524 1786 549 1847 ti
574 1803 647 1849 raso
669 1788 800 1851 honoria
823 1790 950 1869 indigna
974 1789 1098 1868 iecerit,
1121 1793 1227 1855 altero
1247 1792 1361 1855 recuio
1381 1790 1438 1853 flat
1460 1791 1544 1852 rari

445 1886 647 1963 guomioiaer
669 1892 753 1952 aicut
767 1908 884 1954 rumor
906 1891 976 1953 tert
999 1901 1116 1970 potest,
1132 1904 1170 1957 ut
1190 1894 1247 1973 qni
1267 1912 1309 1955 ex
1323 1890 1547 1972 antiquioribus

445 1986 505 2049 itac
529 1988 590 2051 vita
613 1990 717 2053 cautis
732 1989 838 2055 iactae
859 1999 908 2054 eat
929 1992 984 2055 itte
998 2010 1054 2055 rat
1074 1993 1302 2069 contumeliae,
1318 1992 1345 2053 ai
1366 2010 1401 2053 re
1414 1990 1548 2053 emenia·

447 2090 541 2167 verit,
558 2092 687 2155 innota
709 2095 873 2157 creatione
894 2093 950 2155 flat
972 2111 1027 2156 aas
1047 2094 1296 2169 aructiticatuno,
1313 2094 1396 2157 utile
1410 2091 1547 2162 Domino,

444 2190 483 2252 ati
505 2209 600 2256 omne
620 2210 703 2273 opna
726 2194 845 2257 bonum
868 2201 1029 2275 paratum.
1054 2214 1070 2251 n

830 2394 932 2460 Verrio
953 2414 979 2459 r.
1002 2394 1191 2477 Hieronymi

523 2580 625 2646 Juxta
642 2601 699 2647 not
719 2592 831 2649 autem
852 2603 895 2648 ex
910 2585 1176 2666 praecedentibus
1197 2587 1320 2649 uteritir
1343 2604 1411 2661 raa,
1425 2586 1510 2667 qaod
1523 2589 1547 2649 io

445 2684 600 2747 honorem
618 2685 717 2749 inerit
732 2685 938 2761 taurinatum,
954 2690 981 2751 ai
996 2706 1058 2749 uon
1074 2688 1206 2767 iignum
1222 2687 1384 2750 vocabulo
1404 2706 1467 2751 ruo
1479 2704 1550 2766 uput

446 2785 570 2863 iecerit,
593 2788 624 2849 in
646 2788 751 2851 altero
772 2789 886 2851 seculo
906 2788 962 2851 tiet
983 2806 1039 2854 aas
1058 2789 1275 2854 contumeiiaa
1285 2809 1297 2868 ;
1319 2797 1353 2852 et
1367 2807 1484 2853 rurrnu
1505 2805 1549 2849 rar

444 2886 541 2963 iiinti,
556 2888 642 2967 qunti
665 2908 706 2952 ex
722 2892 878 2953 anteriori
894 2890 989 2970 cuipa
1005 2891 1223 2955 contumeliae
1237 2909 1353 2954 nomen
1374 2897 1546 2971 acceperat,

444 2988 470 3049 ai
493 2989 524 3049 in
546 2990 704 3067 praeacuti
729 2990 792 3051 vita
814 2993 935 3070 corripi
957 2992 1120 3066 voluerit,
1152 2993 1184 3052 itt
1204 3010 1289 3054 uota
1321 2994 1486 3055 creatione
1504 2990 1549 3051 iet

446 3104 501 3148 var
522 3087 754 3151 sanctificatum
769 3098 801 3152 et
817 3090 898 3155 utile
919 3087 1068 3165 Domino,
1085 3100 1117 3153 et
1134 3090 1167 3152 in
1184 3108 1281 3153 otone
1301 3108 1384 3170 opus
1399 3097 1548 3171 paratnu.

886 3288 987 3353 Verrin
1006 3288 1128 3371 Rupint'

524 3475 709 3543 Secundum
731 3486 874 3544 nostram
892 3497 971 3544 aero
991 3479 1214 3555 aaaartionem,
1229 3496 1293 3560 qua
1312 3496 1353 3541 ex
1369 3475 1550 3557 preeceiea·

448 3578 532 3642 tibae
553 3580 658 3643 caurio
680 3578 783 3645 Deum
799 3580 935 3643 tiioituua
952 3582 1002 3643 tei
1023 3580 1064 3643 ad
1086 3580 1242 3644 honorem
1259 3596 1348 3653 rara,
1365 3579 1418 3641 rei
1431 3578 1470 3640 ad
1483 3590 1548 3641 cor

448 3680 612 3743 tumeliam
635 3681 758 3757 iacere,
783 3685 813 3745 in
835 3682 928 3745 nullo
949 3682 1142 3761 approbatio
1172 3679 1229 3745 Dei
1247 3681 1394 3761 justitire
1414 3683 1549 3745 coarcta

449 3790 514 3843 tur.
547 3779 700 3845 Posaibite
725 3791 1088 3865 conquaeruntur
1114 3784 1187 3856 hoc,
1214 3782 1301 3862 qaut
1327 3800 1371 3845 er
1393 3778 1548 3861 priorious

445 3882 550 3944 cauria
572 3882 603 3945 in
625 3884 686 3947 hoo
707 3882 827 3947 mundo
847 3883 886 3943 ati
904 3883 1060 3947 honorent
1082 3883 1204 3947 irctum
1218 3891 1280 3956 art,
1296 3884 1324 3945 ai
1345 3878 1548 3961 negligentius

446 3983 561 4061 aperit,
584 4002 644 4062 pro
658 3982 912 4047 conversationis
925 4000 1004 4045 auae
1025 3984 1148 4047 maritis
1171 3984 1203 4046 iu
1224 3982 1290 4045 alio
1309 3982 1420 4045 aeonio
1439 3977 1549 4042 eiiicia·

450 4090 506 4147 tur
528 4085 642 4147 rarat
664 4085 906 4149 contumetiam.
929 4083 1020 4149 Sicut
1048 4101 1163 4149 runos
1182 4084 1283 4163 riquia
1303 4101 1345 4147 eu
1367 4080 1550 4162 praeceder-

448 4186 532 4249 tibua
553 4185 659 4249 causis
680 4186 711 4247 in
734 4184 793 4246 itac
816 4182 1015 4246 vitaverat
1036 4184 1267 4247 contumeliam
1287 4190 1468 4246 armature
1489 4176 1549 4237 ior·

447 4291 553 4347 rnatua
574 4292 634 4360 eet,
657 4283 923 4347 etemaniaterit
943 4300 990 4359 ee,
1011 4292 1110 4364 atque
1124 4284 1165 4345 ab
1181 4284 1331 4347 omnibus
1344 4280 1490 4346 rortiiitue
1511 4276 1552 4336 ti·

449 4386 566 4467 titoque
586 4386 794 4465 purgaverit,
817 4383 877 4447 iiio
896 4400 983 4447 noro
1002 4386 1115 4448 aeonio
1136 4392 1242 4465 puteat
1260 4382 1343 4447 effici
1364 4398 1416 4444 rae
1437 4377 1476 4440 ati
1498 4377 1550 4437 ito·

448 4502 560 4549 uorem
576 4484 808 4551 nncttflcatom
827 4494 860 4549 ot
876 4484 968 4561 utile,
981 4485 1021 4548 ad
1031 4503 1126 4550 omne
1139 4504 1222 4565 opus
1239 4484 1360 4551 bouum
1370 4488 1550 4563 paratura.»
