<?xml version="1.0" encoding="UTF-8"?>
<!DOCTYPE html PUBLIC "-//W3C//DTD XHTML 1.0 Transitional//EN"
    "http://www.w3.org/TR/xhtml1/DTD/xhtml1-transitional.dtd">
<html xmlns="http://www.w3.org/1999/xhtml" xml:lang="en" lang="en">
 <head>
  <title>
</title>
<meta http-equiv="Content-Type" content="text/html;charset=utf-8" />
  <meta name='ocr-system' content='tesseract 3.04.00' />
  <meta name='ocr-capabilities' content='ocr_page ocr_carea ocr_par ocr_line ocrx_word'/>
</head>
<body>
  <div class='ocr_page' id='page_1' title='image "./insgregoriinyss02vincgoog/insgregoriinyss02vincgoog_0373.png"; bbox 0 0 3375 5567; ppageno 0'>
   <div class='ocr_carea' id='block_1_1' title="bbox 156 760 1270 4677">
    <p class='ocr_par' dir='ltr' id='par_1_1' title="bbox 157 760 1270 2873">
     <span class='ocr_line' id='line_1_1' title="bbox 173 760 1269 842; baseline 0.005 -20"><span class='ocrx_word' id='word_1_1' title='bbox 173 780 200 822; x_wconf 86' lang='lat' dir='ltr'><strong>ss</strong></span> <span class='ocrx_word' id='word_1_2' title='bbox 211 762 260 824; x_wconf 84' lang='lat' dir='ltr'><strong>ait</strong></span> <span class='ocrx_word' id='word_1_3' title='bbox 279 760 360 825; x_wconf 79' lang='lat' dir='ltr'><strong>Cum</strong></span> <span class='ocrx_word' id='word_1_4' title='bbox 375 780 456 827; x_wconf 83' lang='lat' dir='ltr'><strong>sero</strong></span> <span class='ocrx_word' id='word_1_5' title='bbox 469 764 632 827; x_wconf 72' lang='lat' dir='ltr'><strong>homiaem</strong></span> <span class='ocrx_word' id='word_1_6' title='bbox 648 763 846 827; x_wconf 70' lang='lat' dir='ltr'><strong>estensium</strong></span> <span class='ocrx_word' id='word_1_7' title='bbox 861 760 1056 833; x_wconf 86' lang='lat' dir='ltr'><strong>consideret,</strong></span> <span class='ocrx_word' id='word_1_8' title='bbox 1069 780 1269 842; x_wconf 85' lang='lat' dir='ltr'><strong>corporeum</strong></span> 
     </span>
     <span class='ocr_line' id='line_1_2' title="bbox 173 862 1268 947; baseline 0.004 -24"><span class='ocrx_word' id='word_1_9' title='bbox 173 873 199 924; x_wconf 90' lang='lat' dir='ltr'><strong>ct</strong></span> <span class='ocrx_word' id='word_1_10' title='bbox 213 864 451 942; x_wconf 68' lang='lat' dir='ltr'><strong>corruptibilem</strong></span> <span class='ocrx_word' id='word_1_11' title='bbox 474 872 588 944; x_wconf 81' lang='lat' dir='ltr'><strong>rocat3</strong></span> <span class='ocrx_word' id='word_1_12' title='bbox 609 883 709 945; x_wconf 83' lang='lat' dir='ltr'><strong>uqua</strong></span> <span class='ocrx_word' id='word_1_13' title='bbox 726 864 942 947; x_wconf 67' lang='lat' dir='ltr'><strong>corruptione</strong></span> <span class='ocrx_word' id='word_1_14' title='bbox 964 862 1096 927; x_wconf 78' lang='lat' dir='ltr'><strong>liberari</strong></span> <span class='ocrx_word' id='word_1_15' title='bbox 1116 866 1207 943; x_wconf 91' lang='lat' dir='ltr'><strong>cupit</strong></span> <span class='ocrx_word' id='word_1_16' title='bbox 1219 866 1268 927; x_wconf 91' lang='lat' dir='ltr'><strong>in·</strong></span> 
     </span>
     <span class='ocr_line' id='line_1_3' title="bbox 174 963 1266 1047; baseline 0.004 -22"><span class='ocrx_word' id='word_1_17' title='bbox 174 964 772 1047; x_wconf 65' lang='lat' dir='ltr'><strong>tcn&#39;orbomacideooospssu‘reitst</strong></span> <span class='ocrx_word' id='word_1_18' title='bbox 784 966 1038 1046; x_wconf 78' lang='lat' dir='ltr'><strong>mdourssqes</strong></span> <span class='ocrx_word' id='word_1_19' title='bbox 1048 963 1162 1031; x_wconf 76' lang='lat' dir='ltr'><strong>ottcc.</strong></span> <span class='ocrx_word' id='word_1_20' title='bbox 1184 964 1266 1029; x_wconf 79' lang='lat' dir='ltr'><strong>Cum</strong></span> 
     </span>
     <span class='ocr_line' id='line_1_4' title="bbox 171 1067 1266 1150; baseline 0.005 -25"><span class='ocrx_word' id='word_1_21' title='bbox 171 1074 260 1129; x_wconf 77' lang='lat' dir='ltr'><strong>satem</strong></span> <span class='ocrx_word' id='word_1_22' title='bbox 278 1068 417 1132; x_wconf 80' lang='lat' dir='ltr'><strong>interior</strong></span> <span class='ocrx_word' id='word_1_23' title='bbox 444 1070 541 1133; x_wconf 84' lang='lat' dir='ltr'><strong>bomo</strong></span> <span class='ocrx_word' id='word_1_24' title='bbox 559 1069 603 1132; x_wconf 84' lang='lat' dir='ltr'><strong>sb</strong></span> <span class='ocrx_word' id='word_1_25' title='bbox 624 1068 812 1150; x_wconf 74' lang='lat' dir='ltr'><strong>huiusmodi</strong></span> <span class='ocrx_word' id='word_1_26' title='bbox 841 1068 1054 1147; x_wconf 84' lang='lat' dir='ltr'><strong>corruptione</strong></span> <span class='ocrx_word' id='word_1_27' title='bbox 1075 1067 1266 1131; x_wconf 70' lang='lat' dir='ltr'><strong>sumemus</strong></span> 
     </span>
     <span class='ocr_line' id='line_1_5' title="bbox 168 1168 1262 1251; baseline 0.002 -20"><span class='ocrx_word' id='word_1_28' title='bbox 168 1169 229 1242; x_wconf 83' lang='lat' dir='ltr'><strong>rn&#39;t,</strong></span> <span class='ocrx_word' id='word_1_29' title='bbox 248 1186 308 1231; x_wconf 89' lang='lat' dir='ltr'><strong>uon</strong></span> <span class='ocrx_word' id='word_1_30' title='bbox 328 1178 432 1234; x_wconf 74' lang='lat' dir='ltr'><strong>exuet</strong></span> <span class='ocrx_word' id='word_1_31' title='bbox 451 1188 572 1251; x_wconf 86' lang='lat' dir='ltr'><strong>corpus</strong></span> <span class='ocrx_word' id='word_1_32' title='bbox 589 1170 732 1234; x_wconf 92' lang='lat' dir='ltr'><strong>solidum</strong></span> <span class='ocrx_word' id='word_1_33' title='bbox 744 1188 790 1233; x_wconf 78' lang='lat' dir='ltr'><strong>ss</strong></span> <span class='ocrx_word' id='word_1_34' title='bbox 808 1170 890 1233; x_wconf 83' lang='lat' dir='ltr'><strong>linae</strong></span> <span class='ocrx_word' id='word_1_35' title='bbox 909 1168 1090 1243; x_wconf 85' lang='lat' dir='ltr'><strong>eonditum,</strong></span> <span class='ocrx_word' id='word_1_36' title='bbox 1105 1187 1144 1233; x_wconf 86' lang='lat' dir='ltr'><strong>se</strong></span> <span class='ocrx_word' id='word_1_37' title='bbox 1164 1188 1262 1233; x_wconf 79' lang='lat' dir='ltr'><strong>suoru</strong></span> 
     </span>
     <span class='ocr_line' id='line_1_6' title="bbox 168 1264 1266 1351; baseline 0.003 -21"><span class='ocrx_word' id='word_1_38' title='bbox 168 1264 215 1330; x_wconf 69' lang='lat' dir='ltr'><strong>[ld</strong></span> <span class='ocrx_word' id='word_1_39' title='bbox 231 1268 384 1347; x_wconf 75' lang='lat' dir='ltr'><strong>edictum,</strong></span> <span class='ocrx_word' id='word_1_40' title='bbox 404 1272 462 1335; x_wconf 75' lang='lat' dir='ltr'><strong>ssd</strong></span> <span class='ocrx_word' id='word_1_41' title='bbox 481 1272 624 1336; x_wconf 82' lang='lat' dir='ltr'><strong>monebit</strong></span> <span class='ocrx_word' id='word_1_42' title='bbox 644 1280 769 1344; x_wconf 76' lang='lat' dir='ltr'><strong>tumea,</strong></span> <span class='ocrx_word' id='word_1_43' title='bbox 793 1268 1018 1335; x_wconf 80' lang='lat' dir='ltr'><strong>tantummodo</strong></span> <span class='ocrx_word' id='word_1_44' title='bbox 1040 1289 1081 1335; x_wconf 83' lang='lat' dir='ltr'><strong>es</strong></span> <span class='ocrx_word' id='word_1_45' title='bbox 1100 1274 1266 1351; x_wconf 83' lang='lat' dir='ltr'><strong>corrupti-</strong></span> 
     </span>
     <span class='ocr_line' id='line_1_7' title="bbox 168 1366 1266 1452; baseline 0.005 -24"><span class='ocrx_word' id='word_1_46' title='bbox 168 1366 212 1429; x_wconf 87' lang='lat' dir='ltr'><strong>bili</strong></span> <span class='ocrx_word' id='word_1_47' title='bbox 230 1369 475 1452; x_wconf 76' lang='lat' dir='ltr'><strong>incorruptibile</strong></span> <span class='ocrx_word' id='word_1_48' title='bbox 491 1371 634 1435; x_wconf 83' lang='lat' dir='ltr'><strong>tactum:</strong></span> <span class='ocrx_word' id='word_1_49' title='bbox 656 1389 732 1434; x_wconf 90' lang='lat' dir='ltr'><strong>cum</strong></span> <span class='ocrx_word' id='word_1_50' title='bbox 749 1388 864 1450; x_wconf 90' lang='lat' dir='ltr'><strong>nempe</strong></span> <span class='ocrx_word' id='word_1_51' title='bbox 883 1370 1082 1449; x_wconf 76' lang='lat' dir='ltr'><strong>passionibus</strong></span> <span class='ocrx_word' id='word_1_52' title='bbox 1103 1372 1266 1451; x_wconf 70' lang='lat' dir='ltr'><strong>ranisque</strong></span> 
     </span>
     <span class='ocr_line' id='line_1_8' title="bbox 167 1470 1270 1547; baseline 0.003 -15"><span class='ocrx_word' id='word_1_53' title='bbox 167 1472 270 1533; x_wconf 86' lang='lat' dir='ltr'><strong>uerbis</strong></span> <span class='ocrx_word' id='word_1_54' title='bbox 282 1474 464 1537; x_wconf 80' lang='lat' dir='ltr'><strong>obnoxium</strong></span> <span class='ocrx_word' id='word_1_55' title='bbox 474 1484 571 1536; x_wconf 75' lang='lat' dir='ltr'><strong>untes</strong></span> <span class='ocrx_word' id='word_1_56' title='bbox 593 1472 711 1547; x_wconf 86' lang='lat' dir='ltr'><strong>tuerit,</strong></span> <span class='ocrx_word' id='word_1_57' title='bbox 729 1470 862 1537; x_wconf 74' lang='lat' dir='ltr'><strong>firmum</strong></span> <span class='ocrx_word' id='word_1_58' title='bbox 881 1470 997 1535; x_wconf 84' lang='lat' dir='ltr'><strong>deiude</strong></span> <span class='ocrx_word' id='word_1_59' title='bbox 1010 1470 1138 1546; x_wconf 74' lang='lat' dir='ltr'><strong>madet,</strong></span> <span class='ocrx_word' id='word_1_60' title='bbox 1154 1472 1190 1535; x_wconf 90' lang='lat' dir='ltr'><strong>ln</strong></span> <span class='ocrx_word' id='word_1_61' title='bbox 1207 1475 1270 1535; x_wconf 85' lang='lat' dir='ltr'><strong>vtr-</strong></span> 
     </span>
     <span class='ocr_line' id='line_1_9' title="bbox 166 1572 1266 1655; baseline 0.006 -23"><span class='ocrx_word' id='word_1_62' title='bbox 166 1578 223 1637; x_wconf 88' lang='lat' dir='ltr'><strong>tnte</strong></span> <span class='ocrx_word' id='word_1_63' title='bbox 240 1583 272 1637; x_wconf 86' lang='lat' dir='ltr'><strong>et</strong></span> <span class='ocrx_word' id='word_1_64' title='bbox 288 1576 536 1639; x_wconf 83' lang='lat' dir='ltr'><strong>immortalitate</strong></span> <span class='ocrx_word' id='word_1_65' title='bbox 552 1592 701 1655; x_wconf 83' lang='lat' dir='ltr'><strong>surgens.</strong></span> <span class='ocrx_word' id='word_1_66' title='bbox 729 1572 826 1650; x_wconf 80' lang='lat' dir='ltr'><strong>Quod</strong></span> <span class='ocrx_word' id='word_1_67' title='bbox 848 1581 957 1652; x_wconf 83' lang='lat' dir='ltr'><strong>postes</strong></span> <span class='ocrx_word' id='word_1_68' title='bbox 985 1591 1027 1637; x_wconf 83' lang='lat' dir='ltr'><strong>ex</strong></span> <span class='ocrx_word' id='word_1_69' title='bbox 1057 1575 1266 1653; x_wconf 68' lang='lat' dir='ltr'><strong>torpentibus</strong></span> 
     </span>
     <span class='ocr_line' id='line_1_10' title="bbox 167 1672 1266 1755; baseline 0 -18"><span class='ocrx_word' id='word_1_70' title='bbox 167 1672 297 1752; x_wconf 76' lang='lat' dir='ltr'><strong>tpoerott</strong></span> <span class='ocrx_word' id='word_1_71' title='bbox 320 1676 452 1741; x_wconf 79' lang='lat' dir='ltr'><strong>serbis:</strong></span> <span class='ocrx_word' id='word_1_72' title='bbox 471 1687 503 1739; x_wconf 84' lang='lat' dir='ltr'><strong>ct</strong></span> <span class='ocrx_word' id='word_1_73' title='bbox 521 1674 588 1755; x_wconf 68' lang='grc' dir='ltr'><strong>ἱροί</strong></span> <span class='ocrx_word' id='word_1_74' title='bbox 605 1673 696 1737; x_wconf 72' lang='lat' dir='ltr'><strong>intro</strong></span> <span class='ocrx_word' id='word_1_75' title='bbox 713 1691 773 1737; x_wconf 83' lang='lat' dir='ltr'><strong>tter</strong></span> <span class='ocrx_word' id='word_1_76' title='bbox 792 1672 943 1753; x_wconf 70' lang='lat' dir='ltr'><strong>sonim</strong></span> <span class='ocrx_word' id='word_1_77' title='bbox 964 1673 1164 1754; x_wconf 75' lang='lat' dir='ltr'><strong>adoptionem</strong></span> <span class='ocrx_word' id='word_1_78' title='bbox 1183 1675 1266 1754; x_wconf 73' lang='lat' dir='ltr'><strong>fitio-</strong></span> 
     </span>
     <span class='ocr_line' id='line_1_11' title="bbox 163 1772 1266 1857; baseline 0.005 -23"><span class='ocrx_word' id='word_1_79' title='bbox 163 1790 221 1835; x_wconf 80' lang='lat' dir='ltr'><strong>rsss</strong></span> <span class='ocrx_word' id='word_1_80' title='bbox 232 1772 288 1836; x_wconf 78' lang='lat' dir='ltr'><strong>Dei</strong></span> <span class='ocrx_word' id='word_1_81' title='bbox 307 1785 519 1857; x_wconf 70' lang='lat' dir='ltr'><strong>expectasse,</strong></span> <span class='ocrx_word' id='word_1_82' title='bbox 531 1775 775 1856; x_wconf 67' lang='lat' dir='ltr'><strong>rdcrsptiorsrss</strong></span> <span class='ocrx_word' id='word_1_83' title='bbox 794 1776 938 1855; x_wconf 87' lang='lat' dir='ltr'><strong>corporis</strong></span> <span class='ocrx_word' id='word_1_84' title='bbox 956 1773 1072 1851; x_wconf 79' lang='lat' dir='ltr'><strong>austri,</strong></span> <span class='ocrx_word' id='word_1_85' title='bbox 1087 1774 1130 1839; x_wconf 86' lang='lat' dir='ltr'><strong>its</strong></span> <span class='ocrx_word' id='word_1_86' title='bbox 1150 1777 1266 1857; x_wconf 79' lang='lat' dir='ltr'><strong>expls-</strong></span> 
     </span>
     <span class='ocr_line' id='line_1_12' title="bbox 165 1876 1264 1957; baseline 0.004 -22"><span class='ocrx_word' id='word_1_87' title='bbox 165 1887 224 1937; x_wconf 85' lang='lat' dir='ltr'><strong>sat:</strong></span> <span class='ocrx_word' id='word_1_88' title='bbox 242 1900 260 1934; x_wconf 80' lang='lat' dir='ltr'><strong>s</strong></span> <span class='ocrx_word' id='word_1_89' title='bbox 279 1877 395 1941; x_wconf 78' lang='lat' dir='ltr'><strong>Potest</strong></span> <span class='ocrx_word' id='word_1_90' title='bbox 407 1890 517 1943; x_wconf 84' lang='lat' dir='ltr'><strong>autem</strong></span> <span class='ocrx_word' id='word_1_91' title='bbox 537 1889 570 1943; x_wconf 85' lang='lat' dir='ltr'><strong>et</strong></span> <span class='ocrx_word' id='word_1_92' title='bbox 583 1881 630 1941; x_wconf 87' lang='lat' dir='ltr'><strong>sic</strong></span> <span class='ocrx_word' id='word_1_93' title='bbox 650 1878 800 1957; x_wconf 75' lang='lat' dir='ltr'><strong>intelligi,</strong></span> <span class='ocrx_word' id='word_1_94' title='bbox 816 1886 854 1941; x_wconf 90' lang='lat' dir='ltr'><strong>ut</strong></span> <span class='ocrx_word' id='word_1_95' title='bbox 875 1876 1127 1957; x_wconf 82' lang='lat' dir='ltr'><strong>redemptionem</strong></span> <span class='ocrx_word' id='word_1_96' title='bbox 1146 1895 1264 1957; x_wconf 60' lang='lat' dir='ltr'><strong>corpo</strong></span> 
     </span>
     <span class='ocr_line' id='line_1_13' title="bbox 164 1976 1262 2060; baseline 0.003 -20"><span class='ocrx_word' id='word_1_97' title='bbox 164 1979 199 2040; x_wconf 88' lang='lat' dir='ltr'><strong>ris</strong></span> <span class='ocrx_word' id='word_1_98' title='bbox 214 1982 312 2044; x_wconf 85' lang='lat' dir='ltr'><strong>nostri</strong></span> <span class='ocrx_word' id='word_1_99' title='bbox 333 1980 423 2043; x_wconf 82' lang='lat' dir='ltr'><strong>dicat</strong></span> <span class='ocrx_word' id='word_1_100' title='bbox 436 1980 541 2054; x_wconf 81' lang='lat' dir='ltr'><strong>illurn,</strong></span> <span class='ocrx_word' id='word_1_101' title='bbox 556 1998 642 2060; x_wconf 83' lang='lat' dir='ltr'><strong>quse</strong></span> <span class='ocrx_word' id='word_1_102' title='bbox 661 1981 695 2043; x_wconf 90' lang='lat' dir='ltr'><strong>in</strong></span> <span class='ocrx_word' id='word_1_103' title='bbox 717 1979 958 2043; x_wconf 84' lang='lat' dir='ltr'><strong>resurrections</strong></span> <span class='ocrx_word' id='word_1_104' title='bbox 976 1986 1025 2041; x_wconf 87' lang='lat' dir='ltr'><strong>est</strong></span> <span class='ocrx_word' id='word_1_105' title='bbox 1038 1976 1165 2054; x_wconf 84' lang='lat' dir='ltr'><strong>tuturo,</strong></span> <span class='ocrx_word' id='word_1_106' title='bbox 1187 1996 1262 2043; x_wconf 80' lang='lat' dir='ltr'><strong>osus</strong></span> 
     </span>
     <span class='ocr_line' id='line_1_14' title="bbox 161 2077 1264 2162; baseline 0.003 -22"><span class='ocrx_word' id='word_1_107' title='bbox 161 2081 328 2145; x_wconf 80' lang='lat' dir='ltr'><strong>maselum</strong></span> <span class='ocrx_word' id='word_1_108' title='bbox 348 2082 477 2145; x_wconf 61' lang='lat' dir='ltr'><strong>umas</strong></span> <span class='ocrx_word' id='word_1_109' title='bbox 495 2084 551 2144; x_wconf 90' lang='lat' dir='ltr'><strong>sed</strong></span> <span class='ocrx_word' id='word_1_110' title='bbox 565 2092 754 2162; x_wconf 74' lang='lat' dir='ltr'><strong>etcorpma</strong></span> <span class='ocrx_word' id='word_1_111' title='bbox 776 2080 904 2145; x_wconf 80' lang='lat' dir='ltr'><strong>venient</strong></span> <span class='ocrx_word' id='word_1_112' title='bbox 916 2090 990 2143; x_wconf 82' lang='lat' dir='ltr'><strong>outa</strong></span> <span class='ocrx_word' id='word_1_113' title='bbox 1004 2077 1149 2143; x_wconf 79' lang='lat' dir='ltr'><strong>tribuunt</strong></span> <span class='ocrx_word' id='word_1_114' title='bbox 1172 2078 1264 2146; x_wconf 66' lang='lat' dir='ltr'><strong>ctort-</strong></span> 
     </span>
     <span class='ocr_line' id='line_1_15' title="bbox 160 2178 1262 2265; baseline 0.004 -22"><span class='ocrx_word' id='word_1_115' title='bbox 160 2180 203 2258; x_wconf 85' lang='lat' dir='ltr'><strong>sti,</strong></span> <span class='ocrx_word' id='word_1_116' title='bbox 222 2192 253 2246; x_wconf 78' lang='lat' dir='ltr'><strong>st</strong></span> <span class='ocrx_word' id='word_1_117' title='bbox 271 2194 414 2265; x_wconf 75' lang='lat' dir='ltr'><strong>superus</strong></span> <span class='ocrx_word' id='word_1_118' title='bbox 432 2183 650 2265; x_wconf 57' lang='lat' dir='ltr'><strong>usumque</strong></span> <span class='ocrx_word' id='word_1_119' title='bbox 666 2178 801 2263; x_wconf 83' lang='lat' dir='ltr'><strong>propriu</strong></span> <span class='ocrx_word' id='word_1_120' title='bbox 819 2178 974 2261; x_wconf 82' lang='lat' dir='ltr'><strong>corporis,</strong></span> <span class='ocrx_word' id='word_1_121' title='bbox 993 2192 1090 2261; x_wconf 74' lang='lat' dir='ltr'><strong>prom</strong></span> <span class='ocrx_word' id='word_1_122' title='bbox 1102 2181 1215 2262; x_wconf 66' lang='lat' dir='ltr'><strong>possin</strong></span> <span class='ocrx_word' id='word_1_123' title='bbox 1229 2194 1262 2247; x_wconf 88' lang='lat' dir='ltr'><strong>et</strong></span> 
     </span>
     <span class='ocr_line' id='line_1_16' title="bbox 159 2281 1264 2367; baseline 0 -20"><span class='ocrx_word' id='word_1_124' title='bbox 159 2286 320 2350; x_wconf 70' lang='lat' dir='ltr'><strong>mudum</strong></span> <span class='ocrx_word' id='word_1_125' title='bbox 340 2286 441 2361; x_wconf 84' lang='lat' dir='ltr'><strong>illud,</strong></span> <span class='ocrx_word' id='word_1_126' title='bbox 456 2286 545 2367; x_wconf 83' lang='lat' dir='ltr'><strong>quod</strong></span> <span class='ocrx_word' id='word_1_127' title='bbox 566 2286 689 2348; x_wconf 72' lang='lat' dir='ltr'><strong>metm</strong></span> <span class='ocrx_word' id='word_1_128' title='bbox 705 2292 774 2349; x_wconf 77' lang='lat' dir='ltr'><strong>ests</strong></span> <span class='ocrx_word' id='word_1_129' title='bbox 797 2282 898 2347; x_wconf 72' lang='lat' dir='ltr'><strong>cisso</strong></span> <span class='ocrx_word' id='word_1_130' title='bbox 918 2281 1021 2363; x_wconf 68' lang='lat' dir='ltr'><strong>mats</strong></span> <span class='ocrx_word' id='word_1_131' title='bbox 1039 2302 1123 2359; x_wconf 79' lang='lat' dir='ltr'><strong>sura,</strong></span> <span class='ocrx_word' id='word_1_132' title='bbox 1138 2282 1195 2366; x_wconf 79' lang='lat' dir='ltr'><strong>qui</strong></span> <span class='ocrx_word' id='word_1_133' title='bbox 1209 2304 1264 2364; x_wconf 87' lang='lat' dir='ltr'><strong>po·</strong></span> 
     </span>
     <span class='ocr_line' id='line_1_17' title="bbox 158 2372 1262 2468; baseline 0.005 -22"><span class='ocrx_word' id='word_1_134' title='bbox 158 2392 419 2468; x_wconf 62' lang='lat' dir='ltr'><strong>unumst</strong></span> <span class='ocrx_word' id='word_1_135' title='bbox 437 2386 579 2450; x_wconf 68' lang='lat' dir='ltr'><strong>mm</strong></span> <span class='ocrx_word' id='word_1_136' title='bbox 595 2372 775 2466; x_wconf 71' lang='lat' dir='ltr'><strong>perdes-ris</strong></span> <span class='ocrx_word' id='word_1_137' title='bbox 794 2385 976 2465; x_wconf 64' lang='lat' dir='ltr'><strong>smmum</strong></span> <span class='ocrx_word' id='word_1_138' title='bbox 1001 2384 1130 2451; x_wconf 80' lang='lat' dir='ltr'><strong>littleo</strong></span> <span class='ocrx_word' id='word_1_139' title='bbox 1146 2386 1262 2451; x_wconf 88' lang='lat' dir='ltr'><strong>dolon·</strong></span> 
     </span>
     <span class='ocr_line' id='line_1_18' title="bbox 161 2484 1261 2569; baseline 0.004 -22"><span class='ocrx_word' id='word_1_140' title='bbox 161 2484 224 2547; x_wconf 81' lang='lat' dir='ltr'><strong>lou</strong></span> <span class='ocrx_word' id='word_1_141' title='bbox 240 2488 424 2567; x_wconf 76' lang='lat' dir='ltr'><strong>unicuique</strong></span> <span class='ocrx_word' id='word_1_142' title='bbox 436 2488 532 2551; x_wconf 85' lang='lat' dir='ltr'><strong>sstin</strong></span> <span class='ocrx_word' id='word_1_143' title='bbox 551 2486 616 2551; x_wconf 87' lang='lat' dir='ltr'><strong>boc</strong></span> <span class='ocrx_word' id='word_1_144' title='bbox 632 2487 762 2561; x_wconf 83' lang='lat' dir='ltr'><strong>seculo,</strong></span> <span class='ocrx_word' id='word_1_145' title='bbox 781 2486 1024 2565; x_wconf 77' lang='lat' dir='ltr'><strong>sigemundum</strong></span> <span class='ocrx_word' id='word_1_146' title='bbox 1037 2503 1079 2551; x_wconf 85' lang='lat' dir='ltr'><strong>ne</strong></span> <span class='ocrx_word' id='word_1_147' title='bbox 1095 2485 1180 2551; x_wconf 81' lang='lat' dir='ltr'><strong>torte</strong></span> <span class='ocrx_word' id='word_1_148' title='bbox 1197 2506 1261 2569; x_wconf 87' lang='lat' dir='ltr'><strong>per</strong></span> 
     </span>
     <span class='ocr_line' id='line_1_19' title="bbox 160 2586 1263 2668; baseline 0.004 -17"><span class='ocrx_word' id='word_1_149' title='bbox 160 2586 246 2651; x_wconf 76' lang='lat' dir='ltr'><strong>mles</strong></span> <span class='ocrx_word' id='word_1_150' title='bbox 264 2595 363 2653; x_wconf 80' lang='lat' dir='ltr'><strong>octus</strong></span> <span class='ocrx_word' id='word_1_151' title='bbox 382 2598 417 2654; x_wconf 85' lang='lat' dir='ltr'><strong>et</strong></span> <span class='ocrx_word' id='word_1_152' title='bbox 443 2589 622 2668; x_wconf 80' lang='lat' dir='ltr'><strong>praesentis</strong></span> <span class='ocrx_word' id='word_1_153' title='bbox 643 2589 729 2653; x_wconf 84' lang='lat' dir='ltr'><strong>ritse</strong></span> <span class='ocrx_word' id='word_1_154' title='bbox 745 2588 988 2667; x_wconf 79' lang='lat' dir='ltr'><strong>negligentiam,</strong></span> <span class='ocrx_word' id='word_1_155' title='bbox 1010 2604 1074 2653; x_wconf 83' lang='lat' dir='ltr'><strong>oen</strong></span> <span class='ocrx_word' id='word_1_156' title='bbox 1095 2599 1263 2655; x_wconf 71' lang='lat' dir='ltr'><strong>meream</strong></span> 
     </span>
     <span class='ocr_line' id='line_1_20' title="bbox 160 2688 1261 2768; baseline 0.007 -21"><span class='ocrx_word' id='word_1_157' title='bbox 160 2688 401 2768; x_wconf 81' lang='lat' dir='ltr'><strong>redemptionem</strong></span> <span class='ocrx_word' id='word_1_158' title='bbox 417 2688 568 2767; x_wconf 87' lang='lat' dir='ltr'><strong>corporis</strong></span> <span class='ocrx_word' id='word_1_159' title='bbox 585 2690 639 2751; x_wconf 88' lang='lat' dir='ltr'><strong>sui</strong></span> <span class='ocrx_word' id='word_1_160' title='bbox 660 2688 834 2767; x_wconf 63' lang='lat' dir='ltr'><strong>comeguij</strong></span> <span class='ocrx_word' id='word_1_161' title='bbox 859 2688 919 2753; x_wconf 88' lang='lat' dir='ltr'><strong>sed</strong></span> <span class='ocrx_word' id='word_1_162' title='bbox 940 2689 1083 2753; x_wconf 82' lang='lat' dir='ltr'><strong>inveaiet</strong></span> <span class='ocrx_word' id='word_1_163' title='bbox 1103 2707 1179 2757; x_wconf 74' lang='lat' dir='ltr'><strong>eum</strong></span> <span class='ocrx_word' id='word_1_164' title='bbox 1200 2692 1261 2757; x_wconf 87' lang='lat' dir='ltr'><strong>ists</strong></span> 
     </span>
     <span class='ocr_line' id='line_1_21' title="bbox 157 2780 1260 2873; baseline 0.001 -22"><span class='ocrx_word' id='word_1_165' title='bbox 157 2792 308 2863; x_wconf 70' lang='lat' dir='ltr'><strong>utentia,</strong></span> <span class='ocrx_word' id='word_1_166' title='bbox 325 2810 415 2871; x_wconf 82' lang='lat' dir='ltr'><strong>quse</strong></span> <span class='ocrx_word' id='word_1_167' title='bbox 426 2808 549 2873; x_wconf 86' lang='lat' dir='ltr'><strong>corpus</strong></span> <span class='ocrx_word' id='word_1_168' title='bbox 562 2799 597 2853; x_wconf 91' lang='lat' dir='ltr'><strong>et</strong></span> <span class='ocrx_word' id='word_1_169' title='bbox 610 2791 750 2853; x_wconf 65' lang='lat' dir='ltr'><strong>suham</strong></span> <span class='ocrx_word' id='word_1_170' title='bbox 765 2790 929 2869; x_wconf 83' lang='lat' dir='ltr'><strong>gebennas</strong></span> <span class='ocrx_word' id='word_1_171' title='bbox 944 2789 1070 2868; x_wconf 85' lang='lat' dir='ltr'><strong>ignibus</strong></span> <span class='ocrx_word' id='word_1_172' title='bbox 1088 2780 1228 2855; x_wconf 87' lang='lat' dir='ltr'><strong>damnet.</strong></span> <span class='ocrx_word' id='word_1_173' title='bbox 1245 2812 1260 2851; x_wconf 83' lang='lat' dir='ltr'><strong>s</strong></span> 
     </span>
    </p>

    <p class='ocr_par' dir='ltr' id='par_1_2' title="bbox 156 2888 1262 4595">
     <span class='ocr_line' id='line_1_22' title="bbox 222 2888 1262 2973; baseline 0.001 -19"><span class='ocrx_word' id='word_1_174' title='bbox 222 2890 367 2957; x_wconf 77' lang='lat' dir='ltr'><strong>lunden</strong></span> <span class='ocrx_word' id='word_1_175' title='bbox 388 2900 499 2973; x_wconf 88' lang='lat' dir='ltr'><strong>patet,</strong></span> <span class='ocrx_word' id='word_1_176' title='bbox 518 2892 647 2971; x_wconf 85' lang='lat' dir='ltr'><strong>quoties</strong></span> <span class='ocrx_word' id='word_1_177' title='bbox 668 2892 807 2955; x_wconf 81' lang='lat' dir='ltr'><strong>dictum:</strong></span> <span class='ocrx_word' id='word_1_178' title='bbox 827 2891 933 2956; x_wconf 77' lang='lat' dir='ltr'><strong>omorio</strong></span> <span class='ocrx_word' id='word_1_179' title='bbox 952 2901 1101 2955; x_wconf 68' lang='lat' dir='ltr'><strong>meoturs</strong></span> <span class='ocrx_word' id='word_1_180' title='bbox 1119 2888 1262 2955; x_wconf 60' lang='lat' dir='ltr'><strong>&amp;brodi-</strong></span> 
     </span>
     <span class='ocr_line' id='line_1_23' title="bbox 157 2990 1258 3073; baseline 0.003 -19"><span class='ocrx_word' id='word_1_181' title='bbox 157 3004 201 3054; x_wconf 62' lang='grc' dir='ltr'><strong>ιν</strong></span> <span class='ocrx_word' id='word_1_182' title='bbox 216 3014 237 3057; x_wconf 89' lang='lat' dir='ltr'><strong>s</strong></span> <span class='ocrx_word' id='word_1_183' title='bbox 254 2992 405 3058; x_wconf 72' lang='lat' dir='ltr'><strong>seruitute</strong></span> <span class='ocrx_word' id='word_1_184' title='bbox 416 2990 631 3073; x_wconf 78' lang='lat' dir='ltr'><strong>corruptionis</strong></span> <span class='ocrx_word' id='word_1_185' title='bbox 652 2990 690 3056; x_wconf 80' lang='lat' dir='ltr'><strong>is</strong></span> <span class='ocrx_word' id='word_1_186' title='bbox 710 2990 884 3057; x_wconf 82' lang='lat' dir='ltr'><strong>librrtctros</strong></span> <span class='ocrx_word' id='word_1_187' title='bbox 895 2991 1017 3072; x_wconf 84' lang='lat' dir='ltr'><strong>ptorioc</strong></span> <span class='ocrx_word' id='word_1_188' title='bbox 1035 2992 1258 3070; x_wconf 76' lang='lat' dir='ltr'><strong>fitiorussllsi,</strong></span> 
     </span>
     <span class='ocr_line' id='line_1_24' title="bbox 157 3094 1260 3177; baseline 0.004 -22"><span class='ocrx_word' id='word_1_189' title='bbox 157 3095 252 3159; x_wconf 85' lang='lat' dir='ltr'><strong>citarit</strong></span> <span class='ocrx_word' id='word_1_190' title='bbox 269 3096 445 3176; x_wconf 76' lang='lat' dir='ltr'><strong>Origenes,</strong></span> <span class='ocrx_word' id='word_1_191' title='bbox 471 3113 616 3175; x_wconf 71' lang='lat' dir='ltr'><strong>umque</strong></span> <span class='ocrx_word' id='word_1_192' title='bbox 634 3112 801 3158; x_wconf 79' lang='lat' dir='ltr'><strong>sermmes</strong></span> <span class='ocrx_word' id='word_1_193' title='bbox 828 3094 901 3157; x_wconf 91' lang='lat' dir='ltr'><strong>inde</strong></span> <span class='ocrx_word' id='word_1_194' title='bbox 924 3094 1066 3159; x_wconf 80' lang='lat' dir='ltr'><strong>firmarit</strong></span> <span class='ocrx_word' id='word_1_195' title='bbox 1086 3104 1120 3159; x_wconf 90' lang='lat' dir='ltr'><strong>et</strong></span> <span class='ocrx_word' id='word_1_196' title='bbox 1137 3098 1260 3177; x_wconf 84' lang='lat' dir='ltr'><strong>specis·</strong></span> 
     </span>
     <span class='ocr_line' id='line_1_25' title="bbox 158 3194 1258 3277; baseline 0.005 -19"><span class='ocrx_word' id='word_1_197' title='bbox 158 3197 203 3258; x_wconf 89' lang='lat' dir='ltr'><strong>tin</strong></span> <span class='ocrx_word' id='word_1_198' title='bbox 221 3200 251 3261; x_wconf 92' lang='lat' dir='ltr'><strong>in</strong></span> <span class='ocrx_word' id='word_1_199' title='bbox 271 3197 516 3265; x_wconf 82' lang='lat' dir='ltr'><strong>Commentario</strong></span> <span class='ocrx_word' id='word_1_200' title='bbox 540 3196 685 3277; x_wconf 79' lang='lat' dir='ltr'><strong>ejusdem</strong></span> <span class='ocrx_word' id='word_1_201' title='bbox 706 3194 883 3275; x_wconf 73' lang='lat' dir='ltr'><strong>Epistulae,</strong></span> <span class='ocrx_word' id='word_1_202' title='bbox 909 3196 1024 3260; x_wconf 86' lang='lat' dir='ltr'><strong>nullibi</strong></span> <span class='ocrx_word' id='word_1_203' title='bbox 1047 3199 1204 3276; x_wconf 87' lang='lat' dir='ltr'><strong>reperiri,</strong></span> <span class='ocrx_word' id='word_1_204' title='bbox 1225 3218 1258 3263; x_wconf 86' lang='lat' dir='ltr'><strong>s·</strong></span> 
     </span>
     <span class='ocr_line' id='line_1_26' title="bbox 160 3297 1257 3377; baseline 0.002 -18"><span class='ocrx_word' id='word_1_205' title='bbox 160 3300 271 3363; x_wconf 81' lang='lat' dir='ltr'><strong>ondens</strong></span> <span class='ocrx_word' id='word_1_206' title='bbox 296 3300 397 3363; x_wconf 84' lang='lat' dir='ltr'><strong>tutem</strong></span> <span class='ocrx_word' id='word_1_207' title='bbox 418 3301 623 3362; x_wconf 71' lang='lat' dir='ltr'><strong>eominussse</strong></span> <span class='ocrx_word' id='word_1_208' title='bbox 652 3298 976 3377; x_wconf 66' lang='lat' dir='ltr'><strong>intermontium,</strong></span> <span class='ocrx_word' id='word_1_209' title='bbox 998 3314 1106 3376; x_wconf 80' lang='lat' dir='ltr'><strong>quam·</strong></span> <span class='ocrx_word' id='word_1_210' title='bbox 1123 3297 1195 3360; x_wconf 90' lang='lat' dir='ltr'><strong>inde</strong></span> <span class='ocrx_word' id='word_1_211' title='bbox 1215 3317 1257 3361; x_wconf 85' lang='lat' dir='ltr'><strong>ox</strong></span> 
     </span>
     <span class='ocr_line' id='line_1_27' title="bbox 156 3396 1258 3481; baseline -0.001 -17"><span class='ocrx_word' id='word_1_212' title='bbox 156 3416 258 3475; x_wconf 78' lang='lat' dir='ltr'><strong>posco</strong></span> <span class='ocrx_word' id='word_1_213' title='bbox 279 3403 381 3465; x_wconf 77' lang='lat' dir='ltr'><strong>vertit</strong></span> <span class='ocrx_word' id='word_1_214' title='bbox 400 3396 635 3481; x_wconf 76' lang='lat' dir='ltr'><strong>Hieronymus,</strong></span> <span class='ocrx_word' id='word_1_215' title='bbox 667 3399 820 3463; x_wconf 88' lang='lat' dir='ltr'><strong>nimirum</strong></span> <span class='ocrx_word' id='word_1_216' title='bbox 839 3406 1011 3465; x_wconf 82' lang='lat' dir='ltr'><strong>erecturos</strong></span> <span class='ocrx_word' id='word_1_217' title='bbox 1033 3396 1205 3463; x_wconf 79' lang='lat' dir='ltr'><strong>rationales</strong></span> <span class='ocrx_word' id='word_1_218' title='bbox 1227 3401 1258 3463; x_wconf 89' lang='lat' dir='ltr'><strong>tn</strong></span> 
     </span>
     <span class='ocr_line' id='line_1_28' title="bbox 159 3496 1258 3579; baseline -0.002 -16"><span class='ocrx_word' id='word_1_219' title='bbox 159 3504 384 3565; x_wconf 77' lang='lat' dir='ltr'><strong>marrectione</strong></span> <span class='ocrx_word' id='word_1_220' title='bbox 396 3500 469 3563; x_wconf 83' lang='lat' dir='ltr'><strong>tore</strong></span> <span class='ocrx_word' id='word_1_221' title='bbox 489 3518 629 3579; x_wconf 81' lang='lat' dir='ltr'><strong>corpore</strong></span> <span class='ocrx_word' id='word_1_222' title='bbox 643 3500 821 3574; x_wconf 82' lang='lat' dir='ltr'><strong>exuendas,</strong></span> <span class='ocrx_word' id='word_1_223' title='bbox 845 3496 983 3577; x_wconf 82' lang='lat' dir='ltr'><strong>fierique</strong></span> <span class='ocrx_word' id='word_1_224' title='bbox 1004 3497 1077 3561; x_wconf 92' lang='lat' dir='ltr'><strong>inde</strong></span> <span class='ocrx_word' id='word_1_225' title='bbox 1096 3498 1165 3561; x_wconf 87' lang='lat' dir='ltr'><strong>stne</strong></span> <span class='ocrx_word' id='word_1_226' title='bbox 1185 3516 1258 3563; x_wconf 86' lang='lat' dir='ltr'><strong>our·</strong></span> 
     </span>
     <span class='ocr_line' id='line_1_29' title="bbox 157 3597 1255 3680; baseline -0.001 -15"><span class='ocrx_word' id='word_1_227' title='bbox 157 3618 222 3677; x_wconf 82' lang='lat' dir='ltr'><strong>porc</strong></span> <span class='ocrx_word' id='word_1_228' title='bbox 238 3599 307 3667; x_wconf 82' lang='lat' dir='ltr'><strong>Deo</strong></span> <span class='ocrx_word' id='word_1_229' title='bbox 321 3603 489 3676; x_wconf 87' lang='lat' dir='ltr'><strong>similes,s</strong></span> <span class='ocrx_word' id='word_1_230' title='bbox 505 3618 569 3680; x_wconf 86' lang='lat' dir='ltr'><strong>qua</strong></span> <span class='ocrx_word' id='word_1_231' title='bbox 582 3601 740 3663; x_wconf 85' lang='lat' dir='ltr'><strong>sententia</strong></span> <span class='ocrx_word' id='word_1_232' title='bbox 757 3602 885 3680; x_wconf 88' lang='lat' dir='ltr'><strong>peuttus</strong></span> <span class='ocrx_word' id='word_1_233' title='bbox 897 3599 1071 3663; x_wconf 83' lang='lat' dir='ltr'><strong>abborruit</strong></span> <span class='ocrx_word' id='word_1_234' title='bbox 1087 3597 1255 3678; x_wconf 73' lang='lat' dir='ltr'><strong>Origenes.</strong></span> 
     </span>
     <span class='ocr_line' id='line_1_30' title="bbox 157 3698 1258 3781; baseline 0.005 -18"><span class='ocrx_word' id='word_1_235' title='bbox 157 3698 195 3763; x_wconf 85' lang='lat' dir='ltr'><strong>lc</strong></span> <span class='ocrx_word' id='word_1_236' title='bbox 211 3704 282 3767; x_wconf 84' lang='lat' dir='ltr'><strong>ideo</strong></span> <span class='ocrx_word' id='word_1_237' title='bbox 302 3704 439 3777; x_wconf 80' lang='lat' dir='ltr'><strong>mirum,</strong></span> <span class='ocrx_word' id='word_1_238' title='bbox 461 3713 632 3781; x_wconf 83' lang='lat' dir='ltr'><strong>postquem</strong></span> <span class='ocrx_word' id='word_1_239' title='bbox 644 3702 883 3767; x_wconf 83' lang='lat' dir='ltr'><strong>evidentissime</strong></span> <span class='ocrx_word' id='word_1_240' title='bbox 899 3700 1047 3780; x_wconf 88' lang='lat' dir='ltr'><strong>Origeuis</strong></span> <span class='ocrx_word' id='word_1_241' title='bbox 1066 3718 1195 3767; x_wconf 84' lang='lat' dir='ltr'><strong>sensum</strong></span> <span class='ocrx_word' id='word_1_242' title='bbox 1217 3704 1258 3769; x_wconf 86' lang='lat' dir='ltr'><strong>de</strong></span> 
     </span>
     <span class='ocr_line' id='line_1_31' title="bbox 156 3802 1257 3883; baseline 0.005 -19"><span class='ocrx_word' id='word_1_243' title='bbox 156 3820 298 3883; x_wconf 84' lang='lat' dir='ltr'><strong>corpores</strong></span> <span class='ocrx_word' id='word_1_244' title='bbox 313 3805 556 3867; x_wconf 78' lang='lat' dir='ltr'><strong>rmurrcctione</strong></span> <span class='ocrx_word' id='word_1_245' title='bbox 569 3804 847 3883; x_wconf 70' lang='lat' dir='ltr'><strong>propugnavimus</strong></span> <span class='ocrx_word' id='word_1_246' title='bbox 858 3802 1007 3883; x_wconf 82' lang='lat' dir='ltr'><strong>plurimis</strong></span> <span class='ocrx_word' id='word_1_247' title='bbox 1021 3812 1053 3867; x_wconf 93' lang='lat' dir='ltr'><strong>et</strong></span> <span class='ocrx_word' id='word_1_248' title='bbox 1068 3804 1257 3869; x_wconf 79' lang='lat' dir='ltr'><strong>msottssm·</strong></span> 
     </span>
     <span class='ocr_line' id='line_1_32' title="bbox 156 3903 1256 3984; baseline -0.002 -15"><span class='ocrx_word' id='word_1_249' title='bbox 156 3903 228 3969; x_wconf 78' lang='lat' dir='ltr'><strong>timis</strong></span> <span class='ocrx_word' id='word_1_250' title='bbox 242 3907 445 3979; x_wconf 85' lang='lat' dir='ltr'><strong>testimoniis,</strong></span> <span class='ocrx_word' id='word_1_251' title='bbox 453 3905 572 3984; x_wconf 80' lang='lat' dir='ltr'><strong>quibus</strong></span> <span class='ocrx_word' id='word_1_252' title='bbox 587 3906 828 3968; x_wconf 85' lang='lat' dir='ltr'><strong>baereticorum</strong></span> <span class='ocrx_word' id='word_1_253' title='bbox 840 3922 974 3970; x_wconf 89' lang='lat' dir='ltr'><strong>errores</strong></span> <span class='ocrx_word' id='word_1_254' title='bbox 985 3904 1182 3984; x_wconf 82' lang='lat' dir='ltr'><strong>contutavit3</strong></span> <span class='ocrx_word' id='word_1_255' title='bbox 1197 3908 1256 3969; x_wconf 88' lang='lat' dir='ltr'><strong>mi·</strong></span> 
     </span>
     <span class='ocr_line' id='line_1_33' title="bbox 158 4004 1256 4087; baseline 0.001 -20"><span class='ocrx_word' id='word_1_256' title='bbox 158 4022 216 4068; x_wconf 88' lang='lat' dir='ltr'><strong>run</strong></span> <span class='ocrx_word' id='word_1_257' title='bbox 234 4026 312 4071; x_wconf 86' lang='lat' dir='ltr'><strong>sane</strong></span> <span class='ocrx_word' id='word_1_258' title='bbox 331 4016 383 4071; x_wconf 89' lang='lat' dir='ltr'><strong>est</strong></span> <span class='ocrx_word' id='word_1_259' title='bbox 402 4007 489 4086; x_wconf 82' lang='lat' dir='ltr'><strong>quod</strong></span> <span class='ocrx_word' id='word_1_260' title='bbox 510 4008 608 4070; x_wconf 83' lang='lat' dir='ltr'><strong>etium</strong></span> <span class='ocrx_word' id='word_1_261' title='bbox 629 4004 830 4087; x_wconf 72' lang='lat' dir='ltr'><strong>Epiphanius</strong></span> <span class='ocrx_word' id='word_1_262' title='bbox 851 4014 884 4068; x_wconf 91' lang='lat' dir='ltr'><strong>et</strong></span> <span class='ocrx_word' id='word_1_263' title='bbox 904 4004 1091 4069; x_wconf 77' lang='lat' dir='ltr'><strong>Methodius</strong></span> <span class='ocrx_word' id='word_1_264' title='bbox 1112 4007 1256 4084; x_wconf 85' lang='lat' dir='ltr'><strong>(summa</strong></span> 
     </span>
     <span class='ocr_line' id='line_1_34' title="bbox 159 4104 1256 4189; baseline 0.004 -23"><span class='ocrx_word' id='word_1_265' title='bbox 159 4125 221 4171; x_wconf 83' lang='lat' dir='ltr'><strong>soro</strong></span> <span class='ocrx_word' id='word_1_266' title='bbox 241 4110 425 4174; x_wconf 81' lang='lat' dir='ltr'><strong>reverentis</strong></span> <span class='ocrx_word' id='word_1_267' title='bbox 446 4110 486 4173; x_wconf 87' lang='lat' dir='ltr'><strong>de</strong></span> <span class='ocrx_word' id='word_1_268' title='bbox 507 4110 544 4172; x_wconf 92' lang='lat' dir='ltr'><strong>iis</strong></span> <span class='ocrx_word' id='word_1_269' title='bbox 559 4107 700 4189; x_wconf 83' lang='lat' dir='ltr'><strong>loquor)</strong></span> <span class='ocrx_word' id='word_1_270' title='bbox 722 4125 784 4171; x_wconf 85' lang='lat' dir='ltr'><strong>una</strong></span> <span class='ocrx_word' id='word_1_271' title='bbox 804 4125 880 4171; x_wconf 88' lang='lat' dir='ltr'><strong>cnm</strong></span> <span class='ocrx_word' id='word_1_272' title='bbox 896 4104 1096 4188; x_wconf 74' lang='lat' dir='ltr'><strong>Hieronymo</strong></span> <span class='ocrx_word' id='word_1_273' title='bbox 1111 4108 1256 4185; x_wconf 86' lang='lat' dir='ltr'><strong>putariot</strong></span> 
     </span>
     <span class='ocr_line' id='line_1_35' title="bbox 156 4204 1254 4288; baseline 0.004 -20"><span class='ocrx_word' id='word_1_274' title='bbox 156 4204 319 4273; x_wconf 83' lang='lat' dir='ltr'><strong>ductorem</strong></span> <span class='ocrx_word' id='word_1_275' title='bbox 343 4213 450 4274; x_wconf 82' lang='lat' dir='ltr'><strong>cursis</strong></span> <span class='ocrx_word' id='word_1_276' title='bbox 474 4210 646 4288; x_wconf 73' lang='lat' dir='ltr'><strong>denegasse</strong></span> <span class='ocrx_word' id='word_1_277' title='bbox 674 4210 965 4281; x_wconf 82' lang='lat' dir='ltr'><strong>resurrectionem,</strong></span> <span class='ocrx_word' id='word_1_278' title='bbox 988 4226 1031 4271; x_wconf 82' lang='lat' dir='ltr'><strong>ex</strong></span> <span class='ocrx_word' id='word_1_279' title='bbox 1061 4206 1200 4286; x_wconf 78' lang='lat' dir='ltr'><strong>quadarn</strong></span> <span class='ocrx_word' id='word_1_280' title='bbox 1220 4226 1254 4271; x_wconf 87' lang='lat' dir='ltr'><strong>e·</strong></span> 
     </span>
     <span class='ocr_line' id='line_1_36' title="bbox 156 4304 1252 4390; baseline -0.002 -17"><span class='ocrx_word' id='word_1_281' title='bbox 156 4304 263 4384; x_wconf 79' lang='lat' dir='ltr'><strong>jusdem</strong></span> <span class='ocrx_word' id='word_1_282' title='bbox 292 4313 492 4377; x_wconf 80' lang='lat' dir='ltr'><strong>discussione</strong></span> <span class='ocrx_word' id='word_1_283' title='bbox 511 4310 547 4373; x_wconf 80' lang='lat' dir='ltr'><strong>iu</strong></span> <span class='ocrx_word' id='word_1_284' title='bbox 570 4310 735 4375; x_wconf 80' lang='lat' dir='ltr'><strong>l’sotmum</strong></span> <span class='ocrx_word' id='word_1_285' title='bbox 757 4308 783 4373; x_wconf 90' lang='lat' dir='ltr'><strong>l.</strong></span> <span class='ocrx_word' id='word_1_286' title='bbox 806 4311 1020 4390; x_wconf 84' lang='lat' dir='ltr'><strong>praesumptis</strong></span> <span class='ocrx_word' id='word_1_287' title='bbox 1041 4311 1252 4387; x_wconf 56' lang='lat' dir='ltr'><strong>argumenta</strong></span> 
     </span>
     <span class='ocr_line' id='line_1_37' title="bbox 161 4408 1254 4492; baseline -0.003 -17"><span class='ocrx_word' id='word_1_288' title='bbox 161 4408 203 4469; x_wconf 78' lang='lat' dir='ltr'><strong>rbi</strong></span> <span class='ocrx_word' id='word_1_289' title='bbox 219 4414 351 4491; x_wconf 79' lang='lat' dir='ltr'><strong>quiden</strong></span> <span class='ocrx_word' id='word_1_290' title='bbox 372 4414 461 4475; x_wconf 86' lang='lat' dir='ltr'><strong>iltius</strong></span> <span class='ocrx_word' id='word_1_291' title='bbox 480 4430 570 4477; x_wconf 86' lang='lat' dir='ltr'><strong>mens</strong></span> <span class='ocrx_word' id='word_1_292' title='bbox 590 4413 631 4475; x_wconf 84' lang='lat' dir='ltr'><strong>ab</strong></span> <span class='ocrx_word' id='word_1_293' title='bbox 652 4432 693 4477; x_wconf 83' lang='lat' dir='ltr'><strong>eo</strong></span> <span class='ocrx_word' id='word_1_294' title='bbox 714 4413 823 4486; x_wconf 87' lang='lat' dir='ltr'><strong>distat,</strong></span> <span class='ocrx_word' id='word_1_295' title='bbox 847 4421 884 4477; x_wconf 91' lang='lat' dir='ltr'><strong>ut</strong></span> <span class='ocrx_word' id='word_1_296' title='bbox 901 4411 1045 4492; x_wconf 77' lang='lat' dir='ltr'><strong>dogmati</strong></span> <span class='ocrx_word' id='word_1_297' title='bbox 1068 4408 1254 4489; x_wconf 81' lang='lat' dir='ltr'><strong>relragetur</strong></span> 
     </span>
     <span class='ocr_line' id='line_1_38' title="bbox 158 4514 1253 4595; baseline 0.006 -25"><span class='ocrx_word' id='word_1_298' title='bbox 158 4526 320 4593; x_wconf 76' lang='lat' dir='ltr'><strong>corporeus</strong></span> <span class='ocrx_word' id='word_1_299' title='bbox 338 4515 600 4581; x_wconf 74' lang='lat' dir='ltr'><strong>rmurreettouis.</strong></span> <span class='ocrx_word' id='word_1_300' title='bbox 614 4514 660 4581; x_wconf 81' lang='lat' dir='ltr'><strong>lit</strong></span> <span class='ocrx_word' id='word_1_301' title='bbox 671 4534 713 4580; x_wconf 90' lang='lat' dir='ltr'><strong>eo</strong></span> <span class='ocrx_word' id='word_1_302' title='bbox 733 4514 875 4595; x_wconf 86' lang='lat' dir='ltr'><strong>amplius</strong></span> <span class='ocrx_word' id='word_1_303' title='bbox 892 4515 1010 4580; x_wconf 82' lang='lat' dir='ltr'><strong>crearit</strong></span> <span class='ocrx_word' id='word_1_304' title='bbox 1027 4520 1154 4593; x_wconf 85' lang='lat' dir='ltr'><strong>stupor,</strong></span> <span class='ocrx_word' id='word_1_305' title='bbox 1177 4530 1253 4577; x_wconf 85' lang='lat' dir='ltr'><strong>oum</strong></span> 
     </span>
    </p>

    <p class='ocr_par' dir='ltr' id='par_1_3' title="bbox 267 4610 1136 4677">
     <span class='ocr_line' id='line_1_39' title="bbox 267 4610 1136 4677; baseline -0.001 -2"><span class='ocrx_word' id='word_1_306' title='bbox 267 4612 329 4677; x_wconf 81' lang='lat' dir='ltr'><strong>Vol.</strong></span> <span class='ocrx_word' id='word_1_307' title='bbox 352 4612 401 4677; x_wconf 88' lang='grc' dir='ltr'><strong>ΙΙ.</strong></span> <span class='ocrx_word' id='word_1_308' title='bbox 1117 4610 1136 4674; x_wconf 83' lang='lat'>5</span> 
     </span>
    </p>
   </div>
   <div class='ocr_carea' id='block_1_2' title="bbox 0 0 1692 5567">
    <p class='ocr_par' dir='ltr' id='par_1_4' title="bbox 0 0 1692 5567">
     <span class='ocr_line' id='line_1_40' title="bbox 0 0 1692 5567; baseline 0 6"><span class='ocrx_word' id='word_1_309' title='bbox 0 0 1692 5567; x_wconf 95' lang='lat' dir='ltr'><strong> </strong></span> 
     </span>
    </p>
   </div>
  </div>
 </body>
</html>
