3375 5567
155 785 287 848 mnssim
308 782 485 864 npustolieo
506 783 656 847 mundato
676 783 717 848 ad
738 782 935 858 Corinthios,
959 792 996 848 ut
1017 783 1180 848 truderent
1201 784 1262 847 bu·

151 885 293 967 jusmodi
315 885 528 949 luminarium
548 882 685 949 &tense
698 886 730 948 in
750 886 916 950 interitum
937 887 1055 961 caruis,
1071 895 1107 951 ut
1126 886 1260 967 spiritus

152 997 230 1050 esset
254 988 288 1050 in
309 989 360 1052 die
380 986 508 1050 Domini
529 991 630 1052 nostri
650 987 730 1052 lesu
752 987 871 1052 Gbristi
893 986 1014 1052 sulvus.

227 1087 440 1169 Quapropter
460 1091 493 1152 iu
521 1093 667 1170 sequenti
690 1079 832 1155 Humilia
854 1088 941 1152 xxi.
965 1108 997 1152 n.
1020 1087 1068 1154 ts
1091 1108 1132 1152 ex
1158 1087 1260 1168 ipsios

153 1190 337 1254 llieremiae
351 1192 458 1254 dictis:
474 1198 505 1254 ss·
518 1193 671 1272 penando
686 1191 851 1256 sunnbter
863 1191 1017 1273 Babylon,
1031 1191 1153 1255 subdit:
1167 1212 1183 1250 r
1199 1187 1258 1252 lle·

151 1294 221 1357 inde
245 1297 324 1374 quin
353 1295 455 1359 nuruis
477 1297 582 1358 anima
608 1297 752 1375 recipere
779 1303 883 1375 potest
908 1295 1069 1372 sulutem,
1097 1303 1129 1359 et
1153 1311 1259 1374 unque
1388 1363 1397 1379 ,
1518 1339 1521 1346 1

154 1413 214 1458 uua
230 1397 320 1476 opud
346 1395 448 1462 licum
475 1406 524 1461 est
545 1398 741 1475 nesusbttn,
763 1397 885 1462 idcirco
907 1398 1077 1462 consilium
1092 1398 1146 1460 dut
1161 1405 1256 1460 etc.»

152 1497 254 1562 Panlo
276 1508 350 1580 pust
369 1499 534 1563 concludit
546 1499 684 1563 :elstud
705 1507 766 1579 est,
784 1499 870 1581 quud
890 1500 935 1562 sit
954 1500 1100 1579 occipere
1122 1499 1259 1563 resinous

151 1603 367 1680 correptionis
387 1602 472 1682 ejus,
487 1602 582 1681 siquo
604 1602 700 1664 modo
714 1601 890 1665 sonabitur.
907 1599 968 1666 Ubi
988 1610 1063 1666 sunl
1079 1599 1260 1666 baeretici?

152 1698 211 1764 Ubi
231 1711 322 1778 sunt,
344 1706 400 1784 qui
423 1712 556 1766 naturas
574 1702 728 1784 quasdem
750 1704 1002 1781 introducentes,
1023 1715 1172 1768 asserunt
1191 1720 1259 1766 esse

150 1813 299 1864 naturam
322 1802 579 1881 desperabilem,
602 1822 687 1884 quun
707 1806 833 1884 penitus
854 1821 917 1867 nou
938 1803 1072 1883 recipiet
1091 1800 1258 1867 sslntcml

151 1902 181 1966 Si
202 1914 252 1966 est
273 1914 406 1978 nutura,
422 1923 506 1984 quae
527 1914 650 1986 pereut,
664 1923 750 1986 quse
771 1906 835 1969 aliu
852 1905 922 1969 ielis
943 1905 1017 1980 erit,
1040 1913 1077 1967 ut
1090 1901 1259 1989 Babylon?

152 2003 303 2067 Attamen
325 2023 431 2085 usque
451 2008 544 2070 istum
565 2007 701 2086 despicit
721 2005 818 2071 Deus.
841 2026 859 2064 u

225 2103 375 2187 Denique
396 2108 562 2186 proposito
583 2109 670 2170 circu
692 2109 773 2189 bene
804 2106 969 2173 Ecclesiae
997 2107 1194 2188 disciplinam
1215 2108 1257 2170 ub

151 2204 292 2287 Origene
314 2211 506 2290 expositam,
524 2209 602 2272 iecit
621 2210 709 2290 qnod
731 2209 841 2273 scribit
861 2231 886 2274 s.
910 2210 1108 2290 Augustinus
1128 2212 1161 2274 iu
1182 2208 1257 2290 Epi·

150 2309 228 2373 stulu
251 2311 293 2371 ad
316 2309 564 2387 ldncedouinm,
597 2312 651 2374 ubi
674 2311 685 2389 (
697 2309 833 2374 fortasse
858 2311 899 2374 ob
928 2312 1144 2393 quorumdum
1165 2311 1257 2375 insci·

151 2412 245 2488 tium)
268 2413 349 2475 dicit
362 2413 510 2477 accidere
530 2413 725 2493 quandoque
750 2430 856 2493 posse,
877 2423 914 2477 ut
940 2423 1009 2492 post
1030 2413 1255 2492 poenitentium

149 2515 244 2576 semel
267 2524 395 2591 actum,
417 2513 536 2578 iterum
559 2521 758 2577 renoventur
778 2515 918 2577 delicte:
939 2535 956 2574 s
975 2513 1010 2576 ln
1032 2522 1178 2589 tautum,
1200 2513 1256 2590 ait,

152 2613 316 2678 bominum
337 2615 512 2696 eliquandu
533 2616 744 2696 progreditur
763 2615 930 2695 iniquitas,
953 2626 990 2678 ut
1014 2615 1112 2678 etiem
1133 2622 1205 2696 post
1224 2631 1257 2676 ι-

151 2724 230 2777 ctam
253 2718 496 2795 poenitentium,
512 2725 584 2797 pust
598 2717 710 2780 elteris
732 2717 1039 2790 reconciliationem,
1055 2716 1106 2779 rel
1125 2715 1254 2790 similis,

151 2815 197 2876 rel
216 2817 370 2895 grurinra
385 2819 586 2880 committunt
600 2859 698 2880 .....
714 2815 871 2892 Quemvis
891 2818 936 2880 eis
957 2819 989 2879 iu
1005 2814 1147 2880 Ecclesia
1164 2816 1256 2879 lucus

151 2915 351 2983 bumillimse
370 2919 583 3000 poenitentiae
603 2937 665 2981 non
685 2921 905 2997 concedetur3
922 2916 1008 2980 Deus
1031 2927 1134 2980 tamen
1155 2911 1255 2998 supc'r

149 3036 198 3081 ens
220 3040 302 3084 sune
323 3023 494 3100 patientiae
515 3039 578 3083 nou
602 3020 818 3084 obliviscitur.
842 3019 869 3083 ll
891 3038 1033 3101 quornm
1057 3035 1194 3082 numero
1213 3020 1255 3082 si·

151 3121 218 3197 quis
239 3123 333 3185 nobis
352 3121 457 3185 dicat:
490 3131 548 3185 aut
568 3123 641 3183 date
663 3121 740 3182 mibi
760 3122 910 3184 eumdem
936 3123 1052 3184 iterum
1075 3115 1254 3200 poeniteudi

150 3219 278 3299 locum,
302 3233 361 3286 aut
380 3223 585 3303 desperatum
608 3242 658 3286 me
680 3224 876 3302 permittite,
902 3232 939 3285 ut
959 3222 1073 3286 inuiam
1094 3221 1254 3303 quidquid

150 3319 287 3400 libueru‚
311 3336 468 3405 quantum
491 3326 568 3388 meis
587 3325 703 3403 opibus
723 3325 886 3405 adiuvem
907 3333 940 3386 et
961 3325 1107 3387 bumuuis
1128 3325 1254 3403 legibus

151 3437 209 3484 nun
229 3426 408 3504 prohibeor
422 3433 484 3488 ιιι.
503 3426 614 3488 Διιιιι
636 3443 687 3488 rue
707 3425 749 3486 ab
771 3427 831 3489 huc
845 3427 987 3506 nequitie
1008 3424 1186 3499 advocetis,
1208 3423 1254 3485 di·

150 3524 220 3598 cite,
238 3537 352 3591 utrum
373 3528 451 3590 mibi
465 3526 588 3607 aliquid
611 3529 712 3606 prosit
733 3526 772 3587 ad
794 3530 891 3590 vitum
914 3526 1072 3600 loturum,
1093 3527 1120 3590 si
1141 3525 1172 3588 iu
1193 3525 1253 3587 istu

152 3624 210 3687 rita
230 3628 509 3691 illecebrosissima
535 3629 619 3691 vilse
641 3628 855 3710 blandimenta
877 3637 1113 3708 contempsero,
1136 3628 1160 3690 si
1182 3625 1255 3690 libi·

151 3723 256 3791 diuum
286 3729 490 3792 incitamenta
519 3729 730 3802 iraenavero,
760 3731 786 3792 si
815 3730 854 3791 ed
880 3729 1099 3809 castigandum
1131 3745 1251 3805 corpus

151 3843 253 3891 meum
274 3830 378 3893 multu
398 3820 495 3893 etiam
527 3831 604 3892 mibi
625 3831 712 3893 licitu
742 3841 773 3892 et
794 3848 944 3894 concessa
973 3830 1168 3892 subtraxero
1191 3838 1252 3894 etc.

152 3923 227 4000 Quis
241 3940 389 3995 nostrum
413 3933 455 3993 ite
477 3932 602 4011 desipit,
620 3940 656 3995 ut
677 3931 754 3994 buic
773 3932 894 3995 bomini
916 3930 1029 3996 dicet?
1050 3931 1128 3992 nihil
1152 3931 1206 3992 tibi
1229 3932 1254 3992 i·

151 4032 194 4087 ate
214 4032 394 4109 proderunt
408 4032 440 4094 in
461 4039 649 4110 posterumr
674 4030 765 4105 ende,
781 4029 897 4093 saltem
921 4031 1006 4093 sitne
1027 4030 1125 4111 buius
1145 4032 1253 4092 suevi·

151 4131 210 4188 tate
229 4131 411 4208 perfruere.
444 4128 580 4195 Avertat
602 4128 687 4196 Dens
709 4139 773 4195 tum
805 4131 975 4194 immanem
996 4130 1252 4209 sacrilegumque

152 4223 348 4296 dementiam.
374 4252 391 4290 n

224 4331 299 4396 Post
329 4335 408 4398 baec
428 4341 557 4398 manent
577 4334 785 4398 nihilomiuus
812 4333 972 4414 quaedam
992 4332 1191 4396 discutienda
1214 4333 1253 4396 de

154 4438 321 4504 praemisso
341 4437 490 4517 Origeuis
522 4437 702 4500 testimonio
724 4438 756 4498 iu
787 4435 884 4498 Libro
911 4434 953 4498 Dc
980 4433 1151 4498 Oratione:
1173 4434 1252 4514 quid

154 4530 267 4598 scilicet
285 4537 344 4600 sibi
367 4539 446 4601 velit
465 4539 621 4618 Origenes
642 4546 675 4601 ιι
695 4537 859 4617 quomodo
886 4539 1118 4620 interpretetur
1139 4535 1252 4602 diutiu-

271 4635 334 4700 Vol.
358 4637 404 4702 ll.
506 4639 511 4649 '
