3375 5567
1177 708 1248 759 xxv

185 822 262 895 otor,
285 822 476 910 postquam
493 813 602 907 buius
620 813 808 887 summarii
825 811 1039 908 expenderit
1056 810 1167 892 dicta,
1187 834 1248 887 ac·

185 951 274 1035 cepta
304 939 524 1037 hypothesi,
556 942 592 1014 in
624 940 683 1013 bis
711 939 812 1013 libris
849 952 926 1013 tam
962 938 1053 1012 falsa
1089 939 1244 1036 impiare
1343 988 1346 994 ·

185 1081 332 1141 conserta
345 1066 474 1154 fuisse,
490 1090 640 1141 mecum
657 1068 861 1143 necessario
875 1065 1110 1175 assentietur,
1141 1063 1249 1163 (quod

182 1194 273 1292 paulo
300 1208 384 1270 ante
402 1196 530 1290 statui)
565 1196 696 1271 mirum
719 1218 806 1269 sane
829 1194 963 1281 rideri,
981 1186 1025 1269 sc
1050 1193 1251 1269 inauditum
1385 1188 1388 1193 ’

105 1367 106 1370 ¹
180 1322 347 1421 bucusque
374 1323 468 1409 iore,
489 1323 682 1421 Origenem
701 1324 896 1398 admodum
913 1322 1110 1398 sollicitum
1135 1321 1175 1397 in
1191 1322 1248 1395 in·

180 1450 345 1525 stituendo
364 1452 530 1526 veritatis
545 1452 734 1554 principio,
750 1452 786 1525 in
802 1452 930 1527 eodem
951 1451 1135 1527 laborasse
1154 1450 1251 1548 Ope·

105 1553 106 1616 3
179 1602 221 1663 re,
243 1591 281 1653 ut
307 1579 426 1677 ipsum
456 1580 671 1678 principium
699 1580 922 1655 destrueret.
956 1578 1161 1655 inauditum
1187 1580 1246 1653 in·

105 1704 106 1786 j
178 1728 269 1801 quam
283 1728 327 1780 ac
345 1729 439 1803 pene
454 1706 675 1791 incredibile,
692 1706 888 1782 Auctorem
906 1705 941 1779 in
964 1706 1133 1801 dogmate
1153 1706 1249 1781 cbri-

177 1831 279 1906 stiano
306 1831 356 1906 ab
374 1833 591 1908 adversariis
616 1833 829 1908 vindicando
859 1832 1080 1917 studiosum,
1101 1854 1248 1907 manum
1316 1822 1319 1829 ’

177 1980 245 2031 enm
268 1958 407 2033 eisdem
427 1959 472 2033 ad
497 1960 583 2034 iilud
611 1960 838 2036 evellendum
865 1961 1084 2059 porrexisse.

264 2084 532 2174 Nihilominus,
568 2089 714 2186 etquis
741 2084 942 2165 crederet?
980 2102 1105 2162 contra
1133 2110 1249 2187 expo-

177 2212 359 2288 etstionem
392 2213 463 2287 hoc
489 2214 627 2289 iactum
654 2238 736 2292 esse
763 2215 1031 2312 perspeximus.
1061 2211 1249 2303 Quomodo

105 2367 106 2396 r
177 2352 298 2425 umen,
315 2363 379 2415 me
407 2341 489 2439 quis
514 2342 674 2439 rogabit,
694 2342 785 2417 baec
811 2355 1012 2418 evenerunt
1038 2366 1147 2440 super
1167 2342 1248 2418 Ori·

175 2492 287 2565 genem
315 2475 469 2569 eiusque
496 2469 668 2569 scripta?
698 2470 792 2559 Ubi,
820 2472 991 2570 inquam,
1019 2470 1065 2545 ab
1093 2472 1248 2569 agricola

174 2593 295 2672 bonum
323 2620 450 2673 semen
470 2610 589 2673 satum
608 2598 678 2673 icit
704 2599 741 2672 in
761 2618 871 2696 agr03
898 2598 1015 2672 eidem
1036 2598 1164 2673 semini
1185 2622 1250 2696 po·

105 2715 106 2760 ³
175 2736 241 2799 stes
267 2726 316 2800 ab
342 2726 416 2803 alio
434 2727 631 2802 commixta
660 2737 747 2801 sunt
773 2725 924 2833 zizania,
946 2726 1115 2801 iuimicus
1138 2726 1249 2802 homo

175 2852 233 2927 boe
257 2853 346 2930 iecit
357 2877 371 2943 ;
390 2878 434 2929 ac
461 2854 523 2929 tali
543 2878 632 2930 usus
650 2854 815 2941 vafritie,
833 2867 875 2929 ut
893 2876 1072 2929 messores
1092 2853 1249 2929 nescien-

173 2990 220 3053 tes
244 2982 382 3055 zizania
411 3004 431 3054 a
460 2980 582 3056 tritico
610 3003 800 3081 separare,
828 2992 937 3078 atque
966 2978 1150 3053 inimicum
1179 2980 1248 3054 de·
1278 2972 1281 2977 ‘

173 3115 283 3203 tegere
311 3107 511 3195 bominem,
531 3109 592 3207 qui
621 3132 663 3185 aa
684 3106 1002 3207 superseminavit,
1022 3108 1142 3181 omnia
1173 3119 1248 3181 tra·

172 3230 316 3310 diderint
334 3235 408 3333 igni
427 3236 685 3312 comburenda.
712 3234 761 3311 Et
779 3233 958 3333 amiculae
977 3233 1154 3317 laborem,
1174 3232 1248 3309 soi·

172 3357 316 3450 iertiam,
344 3364 626 3461 ingenuitatem,
655 3363 765 3438 fidem
793 3364 829 3436 in
857 3362 1038 3437 dominico
1065 3385 1153 3436 arro
1182 3386 1248 3438 ex·

173 3488 338 3579 colendo,
366 3503 538 3590 tanquam
568 3491 705 3565 malum
744 3490 858 3587 ipsius
896 3502 1109 3587 reputantes
1135 3512 1246 3587 opus,

172 3631 301 3711 partem
330 3619 598 3695 constituerunt
624 3620 659 3693 ei
686 3641 769 3695 cum
797 3618 962 3715 reprobis
990 3630 1094 3692 extra
1122 3616 1247 3693 Donni-

173 3742 201 3814 ni
223 3745 388 3819 vineam:
416 3769 485 3821 neo
511 3746 546 3819 ei
573 3746 717 3843 quidem
748 3745 1006 3831 condonantes,
1027 3768 1120 3845 quae
1148 3759 1246 3821 cete·

105 3943 106 3972 χ
172 3870 213 3943 ris
228 3876 476 3950 condonarunt
504 3872 763 3971 scriptoribus:
784 3875 845 3970 qui
864 3872 1039 3972 quasdam
1068 3886 1153 3947 tunc
1181 3872 1246 3947 do·

174 3998 294 4075 ctrinas
312 4002 545 4098 exponendas
565 4000 828 4098 suscipientes,
849 4000 1007 4075 nondum
1032 4022 1053 4075 a
1073 4022 1245 4098 supremo

174 4119 343 4204 Ecclesiae
371 4129 579 4226 magisterio
599 4128 809 4225 exploratas
841 4151 885 4201 ao
915 4126 1097 4214 definitas,
1125 4126 1244 4201 minus

105 4313 106 4318 ,
175 4265 260 4327 recta
286 4256 424 4330 dixisse
453 4256 634 4330 ridentur.

264 4382 303 4456 Si
330 4397 456 4460 autem
483 4406 590 4459 nosse
617 4381 723 4468 velis,
748 4388 852 4477 cujus
880 4381 1022 4480 generis
1049 4381 1122 4455 siut
1149 4380 1244 4453 aiza-

176 4507 224 4582 nia
249 4511 368 4590 tritico
396 4525 608 4611 supernata3
626 4532 754 4587 omnes
778 4510 890 4585 falsas
909 4510 1001 4583 scias
1029 4509 1243 4623 esseniuter·
