3375 5567
408 742 534 807 socium
549 742 646 806 babet
660 742 838 822 actionum;
857 752 955 825 atque
968 745 1040 809 idco
1054 744 1140 826 apud
1154 744 1280 826 instem
1291 743 1434 825 judicem
1450 751 1530 809 tem·

408 862 487 923 pore
505 844 740 907 reddendarum
763 846 938 921 rationum,
956 848 1064 909 denuo
1084 863 1146 909 suo
1162 845 1252 909 socio
1273 845 1477 920 inhabitabit,
1490 853 1528 907 nt

408 962 483 1007 cum
505 946 563 1008 lllo
585 963 771 1009 communes
794 949 929 1027 recipiat
952 949 1003 1010 sel
1025 964 1144 1027 poenas
1166 945 1218 1009 rel
1240 946 1394 1024 praemia.
1416 965 1433 1003 s

410 1095 416 1101 .
487 1043 643 1120 Quamvis
666 1062 765 1123 porro
777 1045 874 1125 jnxta
898 1045 1045 1126 Apostoli
1058 1046 1250 1109 sententiam
1269 1043 1446 1109 seminatur
1459 1061 1529 1105 ocr-

407 1162 467 1221 pus
487 1143 650 1217 animale,
670 1156 809 1224 usurpet
839 1164 955 1225 corpus
984 1144 1129 1226 spiritale
1155 1145 1217 1207 snb
1248 1145 1343 1207 tritici
1368 1145 1474 1225 specis
1497 1145 1531 1206 in

411 1256 496 1308 terra
521 1247 584 1309 tusi
606 1266 644 1309 ac
666 1248 738 1311 iude
759 1249 791 1310 in
811 1248 919 1326 spicae
940 1247 1186 1327 pulchritudine
1209 1247 1415 1318 renascentis,
1445 1246 1531 1326 pari·

409 1364 474 1425 que
497 1347 621 1407 ratione
652 1364 762 1409 omnes
785 1347 929 1410 homiues
951 1349 1051 1413 bonos
1071 1356 1106 1412 et
1134 1347 1236 1411 malos
1258 1365 1318 1426 per
1337 1354 1477 1409 mortem
1496 1346 1531 1407 in

410 1448 578 1524 imaginem
592 1444 648 1507 Dei
664 1447 786 1525 absquo
800 1446 867 1508 ulla
885 1448 1066 1511 vitiositatis
1081 1457 1156 1509 nota
1171 1445 1446 1509 transformandos
1460 1464 1532 1509 ossa

411 1547 525 1608 doceat
547 1548 577 1606 in
601 1548 839 1609 resurrectione
862 1551 979 1629 (cujus
1000 1548 1149 1613 Christus
1173 1556 1270 1632 typus
1290 1546 1531 1623 nstitui-adeo

410 1655 446 1707 ιιι
462 1648 492 1707 in
514 1664 652 1725 corpore
668 1664 730 1709 non
747 1652 870 1709 tantum
887 1649 1068 1710 electorum
1084 1647 1138 1711 sed
1151 1655 1185 1709 et
1208 1647 1422 1725 reproborum
1435 1645 1530 1707 nulla

410 1754 566 1825 appareat
589 1747 770 1824 turpitudo,
793 1748 942 1811 omnibus
963 1748 1101 1811 sublatis
1123 1758 1259 1818 naturae
1282 1748 1380 1820 vitiis,
1400 1765 1440 1809 ac
1460 1764 1529 1809 am·

413 1844 499 1925 plius
522 1864 614 1926 pares
636 1846 815 1909 indistincte
835 1848 898 1911 sint
919 1847 950 1909 in
972 1850 1119 1928 corporis
1141 1848 1352 1925 perfectione,
1380 1847 1532 1910 incorru-

412 1947 583 2026 ptibilitate
599 1948 750 2009 nimirum
763 1954 795 2009 et
812 1948 944 2011 virtuto:
967 1948 1195 2028 atramentum
1216 1947 1429 2011 differentiam
1445 1948 1533 2010 inter

414 2063 483 2117 eos,
500 2047 554 2125 qui
572 2048 602 2108 iu
624 2046 685 2108 lide
699 2058 798 2126 atque
812 2049 925 2120 animi,
941 2065 1132 2126 morumque
1152 2045 1313 2127 probitate
1328 2047 1368 2109 ab
1388 2047 1461 2109 aliis
1475 2046 1532 2125 qui

414 2146 444 2206 in
468 2149 627 2226 pravitate
650 2148 747 2208 vitam
772 2155 1010 2227 transegerunt,
1034 2150 1168 2211 instituit
1192 2166 1218 2211 s.
1243 2146 1376 2211 Doctor.
1398 2147 1533 2210 Acideo

409 2254 537 2327 sumpta
559 2246 767 2309 similitudine
783 2247 938 2325 duorum,
962 2267 1105 2328 quorum
1123 2266 1207 2310 uuus
1228 2249 1259 2309 in
1276 2248 1338 2311 boc
1358 2247 1481 2309 mundo
1495 2247 1533 2307 li·

413 2346 489 2409 bere
515 2347 592 2427 agit,
617 2347 753 2410 vinculis
773 2350 924 2426 solutus,
946 2358 980 2412 et
1001 2350 1086 2412 altor
1107 2348 1232 2413 vinctus
1256 2358 1290 2411 ct
1312 2349 1348 2410 in
1370 2349 1532 2412 servitute

410 2446 546 2527 degens,
569 2447 629 2509 etsi
659 2456 798 2527 uterque
819 2467 959 2529 corpore
986 2450 1084 2512 simili
1116 2448 1300 2530 praeditus,
1322 2449 1533 2512 nibilominus

410 2547 516 2626 quoad
542 2546 741 2627 voluptatem
765 2550 861 2611 unius
882 2559 915 2612 et
937 2567 1090 2629 angorem
1112 2550 1250 2612 alterins
1273 2548 1368 2611 valde
1387 2550 1475 2611 inter
1496 2564 1531 2609 sa

410 2646 581 2711 diuorum:
606 2648 647 2709 ita
671 2649 759 2711 addit
780 2648 947 2732 Nyssenns
968 2652 1001 2713 in
1023 2650 1138 2713 tuturo
1158 2650 1271 2715 seculo
1291 2656 1364 2728 post
1383 2665 1533 2711 resurre-

410 2747 548 2811 ctionem
563 2747 633 2811 lore
648 2749 818 2813 beatorum
840 2768 879 2813 ac
899 2750 1126 2813 damnatorum
1143 2745 1379 2813 'conditionem

492 2848 606 2927 ltaque
627 2850 721 2912 divus
742 2847 882 2912 Tbomas
903 2848 1002 2914 Libro
1024 2849 1078 2913 tv.
1100 2860 1213 2913 contro
1228 2846 1340 2911 Gentes
1360 2866 1388 2910 c.
1408 2842 1459 2911 85.
1472 2847 1530 2910 ubi

412 2948 670 3029 incorruptibilia
695 2959 727 3012 et
749 2951 909 3013 bonorum
931 2960 964 3015 ct
986 2952 1205 3030 reproborum
1226 2965 1365 3028 corpora
1381 2964 1531 3011 resurre-

411 3056 504 3131 ctura
530 3050 652 3123 docuit,
669 3051 751 3112 utin
772 3052 893 3113 eisdem
914 3052 1107 3130 corporibus
1130 3050 1375 3113 retributionem
1397 3064 1529 3121 eornm,

411 3164 496 3226 quac
517 3148 548 3209 in
576 3150 639 3211 vita
660 3160 810 3229 egerunt,
833 3159 992 3231 perpetuo
1012 3152 1205 3213 duraturam
1234 3149 1403 3231 recipiant,
1427 3166 1455 3209 c.
1478 3143 1530 3210 86.

410 3248 510 3311 addit:
528 3271 543 3307 ιι
558 3248 714 3324 Quamuis
730 3252 814 3315 enim
837 3254 953 3315 merito
968 3250 1100 3324 Cbristi,
1117 3259 1253 3312 naturae
1269 3247 1414 3313 delectus
1435 3248 1468 3309 in
1479 3265 1531 3309 re·

411 3351 613 3413 surrectione
630 3351 788 3413 tollantur
799 3352 839 3412 ab
851 3352 1000 3415 omnibus
1011 3352 1240 3424 communiter,
1253 3356 1318 3412 tam
1330 3350 1419 3413 bonis
1430 3365 1531 3427 qnam

413 3448 518 3513 malis:
535 3451 709 3512 remanebit
724 3461 828 3514 tamen
851 3453 1030 3515 ditiorentia
1047 3453 1132 3513 inter
1152 3451 1252 3514 bonos
1267 3458 1301 3513 et
1314 3450 1417 3513 malos
1428 3468 1532 3529 qnan-

413 3560 481 3613 tum
502 3551 541 3611 ad
563 3569 613 3624 ea,
637 3569 721 3630 quae
750 3553 964 3630 personaliter
984 3556 1132 3631 utrisque
1163 3553 1369 3614 conveniunt.
1398 3552 1530 3630 Corpus

414 3651 514 3731 igitur
524 3652 739 3715 communiter
754 3659 786 3714 et
807 3651 966 3714 bonorum
981 3664 1013 3714 et
1028 3652 1190 3713 malornm
1211 3650 1400 3730 disponetur
1413 3668 1530 3715 secun·

411 3751 488 3815 dum
509 3753 634 3813 animae
654 3752 919 3826 condecentiam,
942 3760 979 3815 nt
997 3752 1122 3815 scilicet
1142 3751 1221 3827 illa,
1243 3768 1328 3829 qnae
1351 3748 1455 3813 torma
1483 3752 1531 3811 in·

411 3853 633 3934 corruptibilis
655 3854 752 3935 hujus
773 3863 833 3927 cst,
857 3855 916 3933 ipsi
938 3855 1060 3916 tribuet
1080 3870 1150 3915 cssc
1170 3850 1429 3931 incorruptibile,
1452 3868 1531 3913 con·

412 3956 589 4017 trariorum
611 3972 674 4016 non
695 3956 840 4017 obstante
855 3955 1101 4034 compositione,
1123 3970 1165 4013 ex
1180 3951 1286 4021 diuina
1311 3953 1442 4014 virtute·
1459 3948 1530 4013 llu-

408 4053 549 4133 jusmodi
573 4073 672 4135 porro
694 4055 983 4135 incorruptibilitas
1005 4053 1168 4114 malornm
1182 4067 1304 4130 poenae
1318 4051 1530 4141 adstipulabi·

388 4163 479 4233 ·tur;
502 4154 624 4234 gloriae
649 4173 726 4216 vero
747 4163 780 4217 et
802 4155 945 4217 felicitati
969 4156 1126 4215 bonorum
1148 4159 1210 4213 etc.
1226 4143 1250 4207 's
1309 4196 1314 4202 .

495 4254 614 4319 Deinde
637 4275 664 4317 c.
686 4253 737 4321 89.
760 4256 881 4318 subdit:
905 4277 921 4313 a
939 4254 990 4317 Ex
1011 4255 1184 4317 bisantem
1206 4249 1442 4314 rationabiliter
1452 4268 1528 4313 con·

410 4355 555 4419 siderare
577 4375 759 4437 possumus,
783 4357 890 4435 qualis
914 4356 1024 4418 tntnra
1044 4356 1087 4417 sit
1106 4353 1248 4417 conditio
1270 4355 1449 4431 corporum
1475 4371 1526 4414 re-

411 4456 612 4535 surgentium
629 4458 659 4519 in
675 4456 870 4519 damnandis.
887 4455 1025 4534 Oportet
1036 4455 1121 4524 enim
1133 4453 1190 4515 illa
1205 4452 1528 4531 corpora-animabus
