3375 5567
453 789 570 870 prntte.
592 788 767 868 anmom
785 808 865 887 erte
885 791 1157 874 inomandum
1177 800 1239 873 est,
1252 794 1420 879 (tridente
1432 800 1540 865 ‘ww

453 892 604 985 pellicent
624 892 724 971 iuliis
745 894 1046 973 interpretationis
1065 896 1241 973 substantia
1256 896 1369 966 ddami
1387 917 1541 982 corporea,

452 997 546 1074 qnasi
559 1012 678 1075 corios
691 995 830 1068 solidum
848 1014 911 1062 ooo
926 1004 1019 1071 roten
1035 996 1376 1078 proetottssetioomt
1394 1010 1466 1068 tnnc
1483 1020 1544 1065 eor

453 1114 516 1177 pus
534 1105 675 1171 adesset
691 1094 790 1173 Deus,
805 1116 873 1180 qno
892 1098 987 1166 ilium
1007 1099 1123 1178 indnit,
1144 1101 1233 1181 qued
1253 1111 1347 1172 antes
1360 1122 1421 1175 nco
1434 1104 1545 1169 iaicis

452 1195 529 1266 sort
549 1195 592 1272 Et
611 1198 717 1277 qualis
738 1199 837 1279 igitur
858 1198 956 1265 lromo
976 1203 1122 1270 exterior
1141 1220 1160 1265 a
1180 1203 1260 1270 limo
1277 1213 1384 1269 terrae
1403 1204 1544 1272 iormatos

453 1316 471 1361 a
493 1296 572 1371 lieo,
596 1298 720 1364 ossibus
740 1307 773 1366 et
793 1316 891 1371 earne
912 1309 1112 1381 compactos,
1133 1303 1159 1365 si
1182 1304 1213 1366 in
1233 1304 1350 1384 spirito
1371 1312 1489 1369 tantam
1508 1306 1546 1368 ri·

454 1399 548 1466 vebat
563 1398 666 1468 Adam
682 1406 755 1463 ante
768 1400 1077 1496 pressaricatiopem
1086 1400 1192 1468 tttde
1205 1421 1284 1485 crgo
1299 1405 1331 1467 in
1344 1402 1479 1484 Origene
1492 1404 1546 1467 ire·

452 1508 604 1582 quentem
625 1501 780 1569 sermonis
804 1501 1004 1581 antilogium,
1016 1503 1044 1566 si
1063 1503 1328 1571 adversariorum
1350 1524 1483 1574 suornm
1502 1523 1546 1569 ac·

452 1602 576 1680 ceperis
606 1601 873 1676 criminationem.
897 1600 1003 1679 Quam
1025 1611 1131 1678 temen
1151 1624 1192 1670 ex
1221 1606 1459 1676 haereticorum
1486 1625 1546 1690 per·

389 1778 393 1787 .
452 1701 539 1779 lidia,
561 1701 740 1772 nullimode
761 1721 840 1768 vero
861 1722 904 1769 ex
924 1706 1070 1785 genuinis
1088 1708 1156 1785 sois
1175 1708 1303 1788 scriptis
1322 1706 1481 1771 dedocere
1500 1726 1547 1789 po

452 1806 540 1879 ieris·
563 1802 693 1881 Quanto
722 1812 832 1870 autem
851 1804 929 1887 inre
959 1807 1039 1882 lineo
1067 1809 1166 1872 staini
1191 1809 1278 1876 cirea
1303 1808 1480 1873 istiusmodi
1502 1826 1545 1871 cr·

449 1906 643 1973 lumniosam
665 1908 911 1986 imputationem
938 1908 1095 1973 adversos
1122 1907 1324 1990 Origenem,
1347 1911 1380 1974 in
1406 1927 1470 1991 qne
1496 1908 1546 1972 riri

450 2010 551 2079 sancti
573 2010 660 2073 illusi
690 2016 787 2088 sunt;
809 2010 877 2088 lpse
897 2008 1134 2084 Theodoram,
1156 2012 1213 2092 qni
1234 2013 1439 2093 originalem,
1460 2012 1546 2095 paolo

450 2119 525 2178 ante
538 2118 698 2187 notatum,
715 2111 868 2177 Auctoris
890 2119 1016 2174 textum
1036 2114 1069 2175 io
1088 2129 1148 2175 sna
1169 2111 1288 2177 detulit
1305 2116 1442 2194 scripta,
1463 2112 1547 2177 meni·

451 2212 618 2281 iestissime
637 2212 848 2293 significavit,
870 2213 950 2276 alios
971 2213 1102 2295 quidem
1122 2232 1191 2280 esse
1212 2222 1367 2280 nociores
1388 2216 1482 2299 innius
1501 2214 1547 2276 iri·

451 2313 544 2377 volae
565 2313 773 2392 expositionis
795 2315 857 2393 (nti
880 2321 974 2378 vocat
992 2333 1019 2377 s.
1042 2312 1254 2396 Epiphanius)
1275 2323 1309 2382 ei
1327 2316 1429 2381 alium
1448 2314 1546 2379 haberi

448 2412 633 2492 origenem,
654 2414 711 2493 qni
733 2414 815 2477 itanc
836 2413 1004 2478 reiotarit.
1030 2412 1268 2492 Theodoreins,
1294 2416 1384 2494 dieo,
1407 2418 1439 2480 in
1463 2413 1546 2479 Libro

450 2510 652 2590 errationes
671 2513 708 2577 in
730 2510 1072 2596 concitatissimo,
1094 2512 1348 2597 inimopmtone
1373 2512 1424 2583 39.
1450 2516 1546 2597 plores

448 2632 625 2695 congerens
644 2614 925 2695 interpretationes
952 2616 1039 2679 nitati
1061 2618 1254 2682 testimoniis
1279 2614 1369 2705 Ouid
1392 2635 1450 2697 per
1466 2626 1546 2679 octo

442 2715 595 2797 petticeas
614 2713 857 2799 intelligendum
876 2712 955 2783 est?
977 2719 1008 2780 in
1030 2720 1135 2796 primo
1156 2719 1228 2782 loco
1250 2721 1390 2783 scribit:

527 2817 624 2895 «Qut
644 2819 816 2901 allegorias
837 2828 1092 2901 persequuntur,
1115 2820 1216 2899 peiles
1236 2820 1332 2903 aiunt
1345 2840 1416 2885 csso
1429 2838 1544 2885 carnem

447 2922 630 2987 mortalem.
654 2919 794 2997 Quidam
816 2938 895 2985 rero
915 2920 971 2984 aiii
991 2939 1010 2984 a
1030 2922 1206 2985 corticibus
1227 2923 1388 2987 arborum
1405 2942 1458 2987 eas
1470 2940 1544 2985 enm·

448 3032 576 3106 paratas
596 3044 664 3089 esse
684 3025 850 3088 dixerunt.
871 3022 940 3105 llgo
959 3030 1069 3087 antem
1090 3034 1243 3093 neutrum
1256 3024 1378 3089 horum
1393 3025 1543 3107 approbo:

449 3128 511 3193 inne
531 3130 614 3201 enim
636 3127 729 3189 nimis
749 3127 928 3202 curiosum,
951 3124 1033 3189 ilind
1056 3144 1134 3189 vero
1151 3126 1245 3190 aeide
1260 3126 1460 3191 fabulosum.
1473 3126 1542 3191 Con

448 3231 532 3295 enim
552 3228 719 3308 Scriptura
742 3227 848 3290 divina
863 3226 983 3290 dixerit
997 3244 1117 3308 eorpus
1132 3228 1307 3291 iormatnm
1321 3246 1395 3292 esse
1408 3236 1479 3291 ante
1491 3227 1546 3287 ani·

451 3348 533 3398 mam
546 3350 557 3409 ;
580 3329 744 3410 quomodo
763 3328 948 3392 iabnlosnm
962 3344 1025 3391 oon
1038 3336 1086 3404 est
1099 3328 1220 3404 dicere,
1237 3326 1343 3393 Deum
1357 3329 1422 3391 iliis
1436 3328 1544 3391 dedisse

447 3450 577 3499 carnem
600 3430 769 3495 mortalem
792 3437 863 3510 post
879 3430 1164 3511 transgressionem
1177 3428 1318 3493 mandati
1331 3427 1482 3493 illerum
1495 3447 1541 3492 cn·

446 3534 532 3597 riose
552 3533 730 3613 inquirere,
753 3531 837 3595 unde
858 3531 959 3610 peiles
983 3528 1068 3594 [lens
1090 3530 1253 3605 habuerit,
1274 3538 1307 3593 et
1330 3532 1375 3594 oh
1396 3531 1427 3593 id
1443 3545 1543 3593 noran

446 3634 583 3697 amictus
602 3634 741 3713 speciem
762 3634 960 3711 excogitare,
982 3629 1184 3713 superilonm
1205 3631 1285 3694 mihi
1307 3631 1441 3695 nidetor
1459 3640 1541 3694 ete.»

448 3729 569 3797 Deinde
590 3735 667 3795 citat
686 3732 840 3809 alioruin,
855 3733 885 3795 in
901 3731 1019 3812 quibos
1031 3730 1191 3813 Origenis‚
1206 3734 1499 3814 interpretationes,
1513 3737 1543 3792 ot

447 3836 505 3907 eis,
527 3851 607 3912 quas
628 3834 793 3914 praemisit
814 3830 1047 3911 reininvitqoe,
1068 3836 1343 3916 opponnt;·nisie
1359 3832 1542 3915 praeclarior

447 3934 629 3999 deducatur
650 3935 831 3998 Adamantii
853 3935 1122 3999 commentarium
1142 3934 1179 3998 in
1210 3931 1356 3998 Genesim
1376 3953 1439 3999 oon
1457 3931 1542 3997 conti

448 4054 525 4101 nere
548 4034 694 4099 iabnlosa
715 4035 755 4098 de
778 4035 892 4099 tunicis
917 4035 1060 4116 pelliceis
1085 4037 1225 4113 invenio,
1248 4036 1354 4101 eidem
1381 4034 1539 4101 confictas

448 4137 602 4217 praelatis
622 4136 845 4217 scriptoribus.

528 4238 664 4303 llemnm
686 4240 866 4318 praeterire
886 4238 976 4315 noio,
991 4256 1077 4319 qnae
1097 4235 1252 4319 Origenes
1272 4236 1438 4302 rarimode
1456 4252 1540 4314 erpo·

448 4342 513 4407 snit
534 4340 574 4405 de
606 4341 720 4405 tunicis
741 4340 900 4421 pelliceis,
922 4359 1003 4423 qaas
1024 4340 1128 4403 induit
1149 4339 1252 4403 Adam
1274 4350 1347 4422 post
1372 4349 1537 4421 montom,

450 4442 547 4509 tolno
568 4460 700 4523 qnoque
720 4452 795 4505 nota
817 4444 934 4506 ceteris
947 4440 1112 4505 Ecclesiae
1127 4440 1290 4519 Patribus,
1305 4446 1338 4507 in
1357 4440 1470 4523 quidni
1486 4441 1538 4500 siai

448 4540 589 4605 Antistes
613 4540 734 4626 Nyssae
764 4542 795 4605 in
823 4543 978 4609 Sermone
996 4542 1034 4607 V.
1060 4542 1102 4607 lle
1129 4540 1278 4609 Oratim
1297 4540 1463 4607 dominice.
1484 4534 1537 4611 0⁰5
