3375 5567
155 805 180 863 in
197 801 340 864 membris
356 803 435 865 meis
454 802 549 878 adsit,
565 801 652 883 quod
675 801 754 864 mitri
775 798 982 874 adversatur,
1000 807 1182 878 peccatum,
1206 810 1253 864 tn-

154 921 213 964 nen
229 903 363 966 interior
383 905 481 968 laomo
503 922 595 967 meos
616 905 698 966 idest
718 905 861 977 animus,
890 919 948 964 seu
971 919 1060 964 mens
1082 921 1151 966 mea
1175 923 1250 966 aon·

152 1003 316 1066 delectatur
329 1005 393 1083 legi
416 1004 485 1069 Dei.
505 1004 610 1085 igitar
622 1006 667 1068 sic
688 1004 826 1069 delinitis
841 1003 990 1084 Apostoli
1010 1005 1102 1067 dictis
1116 1004 1252 1068 interior

150 1103 224 1165 mna
252 1105 353 1168 relate
374 1107 413 1168 ad
436 1109 536 1186 ipsius
565 1107 708 1169 animum
730 1114 763 1168 et
795 1115 959 1180 mentem,
990 1105 1252 1170 concludendum

150 1221 266 1283 qnoque
286 1215 355 1282 est,
376 1208 551 1286 Origeuem
572 1209 604 1268 in
633 1208 823 1287 exponenda
855 1209 993 1271 mosaica
1015 1211 1195 1272 sententia:
1219 1217 1249 1270 et

150 1306 211 1382 iecit
230 1305 492 1382 maenomenon,
511 1310 554 1372 od
566 1308 740 1388 imaginent
759 1307 818 1371 lici
835 1307 1028 1391 perititiam,
1045 1327 1252 1390 nequaquam

153 1414 389 1490 praesumpsisse
403 1415 586 1475 animarum
597 1431 656 1474 seu
669 1412 824 1474 mentium
836 1413 1133 1492 praeexistentiam,
1146 1412 1251 1492 prins·

151 1527 235 1587 qaam
255 1529 395 1591 corpora
418 1513 652 1590 coudereutor;
670 1513 726 1576 sed
746 1533 787 1576 ex
803 1514 942 1576 adverso
965 1513 1150 1586 credidisse,
1176 1522 1252 1576 tunc

150 1613 272 1673 animam
296 1610 414 1674 Adami
433 1622 601 1686 creatam,
623 1617 719 1693 eique
739 1614 872 1677 inditam
894 1631 985 1687 esse,
1012 1631 1087 1676 cnm
1110 1615 1253 1694 primum

151 1711 184 1772 de
201 1713 276 1776 limo
299 1724 406 1776 terrae
426 1733 524 1777 suum
546 1714 676 1778 tinxerit
698 1731 818 1793 corpus
840 1712 939 1788 Deus,
956 1732 995 1776 ac
1015 1714 1130 1777 deinde
1152 1714 1253 1778 insul·

151 1810 273 1876 teritio
297 1814 413 1877 laciem
434 1817 507 1898 eius
534 1817 737 1896 spiraculum
761 1817 864 1877 vitae:
888 1835 906 1873 r
929 1813 1011 1878 Nam
1042 1816 1098 1879 ille
1119 1817 1256 1879 interior

151 1913 254 1988 homo,
278 1915 415 1992 (scribit
435 1915 471 1977 in
493 1914 671 1995 Epistulam
691 1918 734 1978 ad
753 1913 911 1979 Romanos
933 1913 1031 1978 Libro
1054 1913 1122 1978 Vll.
1147 1933 1176 1978 u.
1198 1915 1252 1992 l.)

152 2015 199 2091 qui
217 2015 397 2078 meandum
420 2013 522 2078 licum
535 2026 665 2079 creatus
686 2024 746 2090 est,
769 2024 802 2078 et
822 2017 861 2079 ad
878 2017 1047 2094 imaginem
1062 2015 1122 2079 Dei
1138 2017 1255 2090 lactus,

151 2115 396 2195 incorruptibilis
416 2125 464 2178 ast
485 2125 517 2178 et
538 2117 708 2179 invisibilis
728 2125 790 2179 etc.
813 2137 831 2174 n
852 2113 897 2192 Si,
912 2118 1055 2197 iuquam,
1072 2119 1115 2178 tet
1137 2118 1252 2182 doceat

151 2213 309 2293 Origenes,
333 2226 411 2280 tuuc
423 2217 545 2281 tactum
559 2237 628 2282 esse
642 2219 798 2281 nominent
815 2216 999 2280 interiorem
1013 2218 1095 2280 idest
1109 2220 1253 2282 animum

152 2315 242 2389 illios,
264 2318 398 2398 quando
419 2337 539 2399 corpus
559 2338 656 2383 suum
678 2321 870 2400 plasmavit,
887 2320 1016 2383 tollitur
1036 2320 1134 2400 ipsius
1155 2321 1253 2383 animi

152 2420 389 2495 praeexistentia
417 2420 554 2501 ejusque
583 2423 744 2485 traductio
766 2441 827 2503 per
853 2424 1012 2501 genitores
1040 2440 1080 2484 ex
1106 2419 1254 2501 Origenis

154 2519 307 2598 aptatooe;
331 2532 363 2582 et
385 2521 506 2584 irustra
527 2523 570 2585 ob
591 2524 653 2586 noc
673 2525 853 2604 corripitur
873 2524 913 2585 ab
934 2523 1139 2584 adversariis.

221 2621 312 2686 lstud
334 2640 434 2702 porro
449 2625 627 2686 roboratur
647 2625 843 2703 amplissime
865 2641 905 2686 ex
930 2621 1026 2684 Libro
1049 2622 1089 2685 ll.
1103 2641 1150 2686 oc.
1164 2619 1252 2686 Vlll.

154 2729 181 2784 et
200 2721 252 2787 tx.
279 2723 483 2787 Pcriarcdon.
508 2723 568 2788 Ubi
591 2745 701 2788 omnes
722 2727 762 2788 de
783 2728 964 2789 animarum
981 2734 1095 2788 natura
1119 2727 1255 2790 rimatos

153 2824 412 2904 philosophorum
435 2827 621 2904 opiniones,
653 2844 711 2890 nec
733 2844 796 2888 non
819 2825 1000 2888 Biblinrum
1021 2843 1191 2887 sacrorum
1214 2835 1259 2888 tc·

152 2927 304 2999 alimonia,
328 2926 406 2987 nihil
427 2935 566 2988 ostentat
587 2927 627 2988 do
648 2945 762 2989 aarum
785 2927 1052 3005 praeexistentia:
1076 2926 1256 3005 quinimmo
1330 2985 1334 2994 ,

153 3025 194 3088 lais
212 3029 377 3089 contraria
401 3027 593 3089 manifestat.
613 3027 673 3090 Ex,
694 3047 723 3108 g.
742 3028 931 3108 Scripturas
953 3044 1115 3107 exponens
1140 3027 1255 3090 verba:

151 3127 215 3203 iecit
230 3128 313 3192 neas
333 3137 413 3190 cetos
429 3149 559 3208 rnapnor
580 3140 607 3191 ct
627 3149 746 3192 omnen
759 3129 904 3193 animam
924 3127 1138 3192 animantiam
1152 3146 1258 3208 repen-

153 3228 224 3292 tiun
243 3241 326 3305 ata,
347 3232 402 3295 ubi
422 3232 517 3296 sicuti
544 3232 688 3295 delinivit
709 3232 810 3313 ipsius
839 3232 1051 3294 substantiam
1076 3231 1258 3294 sensibilem

155 3338 182 3389 et
195 3331 359 3408 mobilem,
382 3335 574 3413 penitusque
590 3336 712 3395 variam
733 3334 774 3394 ab
788 3351 839 3407 ca,
862 3349 959 3410 quarn
977 3332 1006 3392 in
1030 3332 1189 3394 hominem
1212 3331 1258 3393 iu·

153 3427 299 3506 sufflavit,
319 3443 512 3511 argumento
527 3433 683 3505 insistens,
705 3431 844 3494 ostendit
860 3430 964 3495 Deum
987 3432 1171 3494 mandasse:
1186 3449 1260 3510 pro-

153 3529 239 3592 ducat
258 3542 345 3595 terra
367 3532 510 3596 animam
530 3531 681 3596 cicentem
701 3533 872 3594 secandum
886 3551 986 3612 penas
1006 3541 1067 3595 otc.
1085 3529 1204 3594 Deinde
1221 3531 1258 3594 de

155 3630 282 3697 laomiuis
304 3635 436 3698 locutus
457 3638 576 3709 anima,
594 3636 695 3698 vetuti
717 3652 735 3695 a
752 3635 868 3696 minori
890 3635 930 3695 ad
947 3635 1051 3715 majus
1065 3635 1133 3695 ait:
1158 3631 1259 3696 alam

157 3749 227 3798 sero
245 3737 288 3799 de
310 3737 460 3811 homine,
483 3738 633 3817 quamvis
664 3736 745 3800 uuiti
768 3736 904 3799 dubium
926 3736 986 3809 sit,
1010 3755 1069 3799 neo
1092 3737 1260 3816 requirere

156 3836 265 3917 aliquis
280 3842 402 3919 possit:
419 3848 523 3901 tamen
538 3847 570 3900 et
588 3837 758 3917 Scriptura
774 3837 880 3898 divina
896 3837 1053 3916 designat,
1071 3837 1157 3916 quod
1177 3834 1260 3898 nea:

155 3935 185 3996 in
201 3937 315 4018 iaciens
332 3941 402 4020 cius
422 3937 630 4018 inspiraverit
661 3923 891 4017 spiramentum
911 3935 1017 4010 citae,
1048 3946 1076 3998 et
1095 3939 1199 4017 sactae
1220 3944 1264 3996 cst

154 4037 234 4101 maro
254 4041 291 4104 in
311 4039 454 4104 animam
474 4037 635 4103 cicentem.
656 4059 674 4096 n
696 4037 723 4102 E
746 4039 864 4119 quibus
892 4038 1087 4113 deducitur,
1119 4038 1198 4100 nilril
1220 4037 1262 4099 ibi

156 4139 191 4198 de
209 4144 419 4206 animantium
436 4161 493 4205 nec
516 4142 554 4204 dc
571 4140 738 4204 hominum
758 4140 939 4202 animarum
956 4139 1205 4216 praeexistentia
1219 4138 1260 4198 ri·

156 4241 314 4316 guilicesse
334 4243 531 4322 origenem:
554 4250 588 4304 at
609 4243 740 4320 iusuper
763 4257 897 4319 prorsus
918 4238 958 4298 ab
983 4257 1022 4300 eo
1043 4235 1259 4300 omnimodam

157 4342 281 4404 excludi
300 4344 516 4422 suspicionem
538 4343 577 4404 de
599 4343 660 4404 trae
682 4359 728 4404 re.
750 4339 833 4403 Cum
859 4340 942 4401 euim
964 4338 1064 4401 dicit:
1094 4335 1131 4400 in
1148 4334 1263 4417 facien

156 4436 282 4504 donini:
301 4439 474 4522 inspiravit
493 4440 693 4521 spiracatan
711 4437 807 4512 odas,
822 4439 905 4503 itlod
925 4458 1040 4519 nempe
1060 4438 1260 4518 spiraculum

159 4557 175 4599 a
195 4538 261 4608 lieo
277 4554 359 4608 tuuc
379 4545 489 4608 exiens
510 4544 549 4605 ad
572 4557 692 4620 corpus
712 4541 906 4621 plasmatum
930 4539 1179 4616 vivificandum,
1203 4539 1265 4606 tol-
