3375 5567
1209 683 1270 755 105

604 782 744 854 estut
763 784 837 853 xit.

178 983 305 1053 tmtstv·
321 986 431 1071 grucel
450 984 583 1057 ἀιόνων
601 996 630 1051 et
643 987 742 1051 latini
754 995 926 1053 aeternnm
938 985 975 1049 ive
991 986 1153 1067 proposito
1172 1008 1269 1070 puae·

200 1090 289 1153 ssim
308 1089 521 1170 investigetur
540 1087 735 1171 significatio
749 1087 849 1171 jecto
871 1087 1020 1169 Oripcvvt's
1039 1098 1179 1153 mentem.

170 1330 324 1457 Proiecto
344 1410 443 1457 nemo
462 1395 692 1474 extuncusque
713 1392 892 1457 enucleatis
906 1391 1056 1473 origenis
1079 1393 1267 1457 testimoniis

169 1493 337 1573 subigeret,
352 1496 484 1574 opinor,
502 1496 543 1558 de
560 1504 652 1559 recto
665 1494 811 1575 ejusdcm
831 1511 907 1557 cnm
930 1491 1074 1557 Ecclesia
1097 1490 1264 1557 Catholici

168 1610 302 1656 mmensn
322 1594 415 1657 circu
442 1594 636 1659 doemonum
656 1603 691 1657 et
712 1594 930 1674 reproborum
959 1594 991 1656 in
1013 1592 1126 1657 lntnro
1153 1594 1266 1658 secnlo

169 1702 304 1771 perpetua
318 1695 498 1775 supplicia,
520 1696 579 1759 nisi
592 1695 697 1758 altera
719 1692 844 1771 tinent,
861 1693 983 1758 Petevii
998 1700 1031 1757 et
1046 1694 1187 1759 eliorum
1209 1712 1266 1758 no·

167 1792 203 1854 liv
219 1794 387 1859 obveniret
405 1794 581 1860 vliticultes
595 1796 683 1859 cirea
704 1796 928 1875 graecanicam
943 1794 1116 1861 dictionem
1135 1791 1267 1865 ἀιῶνιον

165 1904 313 1958 murs.
335 1897 371 1963 Si
391 1899 480 1961 enim
501 1897 689 1978 ltnjnsnsovli
702 1916 795 1973 voce,
818 1898 865 1961 uti
882 1897 1054 1977 perspicue
1068 1897 1100 1959 in
1115 1896 1266 1976 dogmate

165 1997 306 2061 ettotteo
327 1999 475 2063 nabetur
502 2017 541 2061 ec
562 2001 742 2079 percipitur
770 1998 880 2080 quoad
903 1998 1036 2061 tntnrae
1063 1999 1131 2061 sive
1154 1998 1267 2061 beatae

163 2097 217 2159 rive
233 2098 372 2162 miserae
393 2100 481 2163 vitan
499 2109 622 2165 statum
642 2117 811 2179 nunquam
835 2098 1036 2172 desiturum,
1054 2096 1167 2162 luisset
1189 2116 1267 2163 nens

164 2195 312 2277 tln'genm
339 2201 351 2278 (
362 2216 404 2265 ec
426 2200 472 2262 ite
493 2209 632 2265 autumo
648 2201 769 2265 imtsre
789 2198 1017 2275 adversarios)
1034 2207 1204 2279 postquam
1222 2208 1267 2263 ta-

164 2294 197 2357 lia
208 2297 350 2380 decerpsi
365 2301 467 2365 esuis
481 2300 610 2380 scriptis
624 2307 838 2380 argumentr3
860 2316 937 2363 sune
949 2299 1099 2380 quaestio
1119 2299 1187 2363 lere
1204 2308 1265 2363 tor·

124 2420 129 2429 ·
163 2398 266 2462 nunu
283 2418 388 2465 sunm
408 2400 590 2481 attigisset,
622 2400 788 2481 dubiaque
808 2400 1025 2464 evanuissent.
1058 2397 1181 2465 Verum
1202 2418 1267 2465 nou

163 2495 198 2557 ita
213 2516 246 2561 se
259 2498 360 2564 tanet
374 2517 452 2580 resg
473 2502 593 2564 etenim
609 2500 807 2565 vocabulum
820 2506 982 2563 aeteruum
997 2499 1040 2561 ab
1053 2497 1193 2581 Origene
1212 2518 1268 2566 sn·

161 2598 196 2657 ni
211 2599 247 2661 vl
266 2600 485 2665 intervallum
507 2604 663 2683 temporis
686 2602 834 2682 longum,
849 2617 889 2665 ae
909 2602 1007 2666 etiam
1027 2602 1264 2683 longissimum,

162 2694 239 2762 hen
259 2710 369 2767 mosen
388 2703 535 2783 aliquem
555 2711 824 2778 consecutorum,
847 2702 1008 2783 inquiunt.
1025 2702 1059 2765 ld
1076 2710 1186 2767 entem
1209 2720 1266 2783 po·

162 2798 301 2865 munem
315 2804 464 2885 probant
482 2823 526 2869 ex
541 2802 684 2868 llomilia
698 2801 754 2867 vt.
771 2802 809 2867 ivs
828 2801 980 2866 Exedunt
1000 2820 1031 2865 n.
1053 2800 1105 2879 tt,
1129 2804 1183 2867 ubi
1198 2801 1268 2868 Au-

161 2904 220 2961 ctor
232 2903 328 2966 verba
344 2922 534 2986 exponens:
549 2902 694 2992 Quies,
709 2902 767 2984 puv'
785 2921 900 2984 regnos
912 2902 949 2965 in
962 2903 1101 2967 seculum
1121 2912 1150 2965 et
1168 2902 1205 2965 ivr
1223 2922 1268 2967 ve·

160 3000 250 3064 telem
268 3011 298 3065 et
310 3004 434 3081 ediec,
454 3005 587 3068 scribite
606 3003 779 3081 «Quoties
799 3006 833 3074 in
853 3002 1004 3067 menium
1025 3003 1145 3068 dicitnr
1165 3004 1266 3085 longi·

160 3101 224 3163 tulo
242 3106 377 3184 qnivlem
402 3108 574 3185 temporis,
594 3105 652 3169 setl
667 3124 736 3169 esse
758 3106 828 3169 linis
842 3106 962 3185 aliquis
983 3106 1154 3170 indicetur.
1179 3104 1219 3169 Et
1239 3108 1266 3169 si

160 3198 185 3259 in
201 3203 283 3267 elini
297 3205 454 3272 seculum
472 3206 616 3283 licetur,
630 3207 749 3288 aliquis
769 3207 839 3270 eine
858 3205 959 3269 dnbio
970 3206 1100 3285 longior
1115 3206 1263 3286 quidem,

161 3309 251 3367 tenen
269 3308 409 3387 ponitur
428 3307 522 3388 linis;
544 3319 577 3373 et
597 3311 727 3389 quoties
746 3307 859 3373 secula
889 3307 1078 3372 seculorum
1101 3310 1266 3375 nominan-

162 3409 216 3475 tnv.
236 3406 376 3473 tortasse
397 3409 475 3473 licet
494 3412 623 3490 ignotus
643 3412 758 3489 nonis,
782 3420 889 3477 temen
910 3432 928 3475 a
953 3410 1020 3477 ileo
1043 3419 1186 3479 stetntus
1207 3412 1266 3475 eli·

160 3507 219 3583 gnis
231 3511 392 3573 terminus
405 3508 581 3575 indicetur.
595 3510 691 3589 Quod
705 3531 784 3579 vero
794 3515 882 3578 addit
897 3515 928 3578 in
941 3516 1002 3579 ltoc
1016 3515 1091 3579 loco
1105 3524 1134 3579 ct
1146 3513 1264 3590 attus,

159 3606 270 3673 vultum
282 3630 418 3675 sensnm
438 3613 563 3675 termini
579 3613 735 3694 alienius,
755 3624 813 3679 snt
829 3614 900 3679 linis
915 3616 1057 3696 reliquit.
1075 3613 1265 3691 Quodcum-

160 3723 212 3783 que
227 3712 313 3775 euim
335 3711 419 3775 illud
440 3716 648 3793 cogitaveris,
670 3716 702 3777 in
723 3733 791 3795 quo
811 3714 907 3780 tinem
929 3724 1024 3795 putes
1046 3734 1140 3795 posse
1161 3716 1265 3779 consi·

159 3814 390 3891 ltere,ecnnper
411 3813 468 3877 tibi
482 3814 562 3876 dicit
579 3832 688 3877 sermo
711 3816 921 3895 propheticus
934 3825 962 3879 et
982 3816 1106 3895 odium
1130 3817 1222 3881 velut
1234 3817 1262 3879 si

160 3904 302 3987 loquatur
316 3913 357 3975 etl
375 3922 408 3975 te
428 3923 462 3976 et
471 3914 578 3979 dicet:
602 3927 698 3996 putes
711 3918 744 3979 in
757 3918 908 3981 mentum
927 3918 1030 3981 seculi
1050 3924 1264 3997 regnaturum

161 4001 350 4077 lominum?
371 4012 413 4075 tte
432 4015 551 4091 edim,
567 4023 662 4096 putes
683 4017 716 4079 in
731 4018 842 4081 secula
863 4014 1082 4081 seculorum?
1101 4025 1129 4077 et
1149 4016 1263 4080 noluo.

163 4101 514 4196 ltononvntnennqne
534 4115 657 4180 dixeris
674 4117 756 4181 illud
778 4119 819 4181 ue
840 4119 931 4199 regni
946 4118 1017 4198 ejus
1037 4118 1160 4196 spatiis,
1183 4134 1266 4179 sena-

163 4221 209 4283 με
222 4212 276 4275 tint
290 4212 371 4277 nteit
392 4214 550 4295 propheta
574 4224 603 4279 ct
617 4216 733 4280 odius.
756 4235 774 4273 s
799 4216 877 4282 ltem
899 4218 1030 4293 inttpro
1052 4214 1094 4280 tt.
1112 4212 1158 4276 lle
1176 4213 1265 4277 l’rin·

163 4307 240 4386 titiis
258 4331 288 4375 c.
311 4310 372 4375 ΙΙΙ.
395 4312 426 4377 5.
449 4315 580 4379 enubit:
605 4337 622 4377 v
643 4314 757 4381 llovet
778 4324 963 4383 meantem
985 4320 1017 4381 in
1038 4318 1099 4380 hoc
1120 4313 1266 4395 Scriptu-

163 4421 209 4469 m
225 4422 355 4478 unctae
375 4417 576 4494 auctoritas,
598 4434 684 4497 guae
704 4416 800 4482 dicit:
822 4417 859 4483 v'vv
879 4418 1020 4483 seculum
1039 4426 1067 4479 et
1086 4416 1200 4508 utine:
1223 4412 1267 4477 tis

164 4508 253 4574 silue
271 4516 357 4578 enim
378 4517 468 4597 quoi
489 4517 579 4597 dicit,
600 4519 675 4599 plns
697 4518 821 4600 vttqntt
840 4520 911 4599 sine
930 4518 1030 4584 dnbio
1050 4533 1150 4598 quem
1171 4534 1265 4581 secu·
1402 4486 1411 4507 ⁴
