3375 5567
154 750 231 807 etum
250 742 329 809 nihil
355 742 570 811 veremudum
592 746 786 821 continetur,
801 762 875 810 oum
896 743 956 810 tto
974 762 1090 809 nomen
1112 638 1248 809 ιηυιῗέ

152 855 235 909 retur
254 846 286 909 in
305 848 472 909 materiem
493 846 675 923 inanimem,
697 848 736 910 nd
761 866 811 911 res
834 848 926 923 viles,
947 848 994 911 uti
1015 856 1116 926 prope
1135 844 1246 930 ouius(

150 964 207 1026 que
226 946 324 1026 gentis
345 966 451 1013 mores
471 956 503 1013 et
523 950 724 1030 disciplinos3
746 970 787 1015 ex
808 967 838 1029 q.
861 947 953 1014 loris
971 960 1106 1035 nomen,
1128 948 1241 1011 Sutur-

151 1048 189 1123 ni,
210 1044 348 1127 Neptuni
369 1056 450 1125 stu,
472 1049 590 1128 quibus
604 1049 733 1129 insignit
755 1051 910 1126 cumino,
932 1050 1121 1128 luridaeque
1141 1047 1246 1111 tibidi-

149 1164 197 1211 nes
214 1148 400 1213 adscribunt
419 1152 477 1230 ipsi
492 1151 702 1215 edorotoresr
718 1172 735 1213 s
751 1150 839 1216 ldem
861 1170 960 1232 norro
980 1152 1115 1223 crimen,
1135 1148 1243 1215 subdit

149 1247 307 1328 Origenes,
329 1268 392 1314 non
413 1252 498 1315 ondit
516 1254 548 1315 in
568 1271 644 1325 eos,
667 1253 723 1333 qui
745 1250 893 1327 Soduitm,
914 1251 1053 1325 Adonei,
1073 1260 1132 1315 eut
1151 1247 1241 1313 eliud

150 1368 257 1413 nomeu
277 1353 404 1416 ooeulto
420 1354 559 1433 quedem
581 1356 704 1417 rotinus
719 1353 786 1418 Deo
807 1356 1016 1433 imponunt.»
1033 1351 1113 1416 item
1132 1352 1173 1415 de
1186 1368 1241 1413 on·

147 1452 229 1531 uelis,
249 1456 308 1527 eit,
329 1456 448 1539 quidus
463 1456 590 1519 nomine
611 1458 829 1519 convenientis
851 1456 1034 1519 ministeriis
1053 1454 1120 1517 suis
1139 1452 1239 1515 indite

144 1562 232 1617 suut:
248 1575 265 1615 u
280 1554 389 1635 Atque
409 1556 448 1619 nd
470 1558 552 1619 hono
581 1559 745 1621 nominum
766 1556 964 1635 discipiiunm
985 1558 1123 1635 pertinet
1142 1555 1239 1618 etiem

145 1650 217 1717 iesu
237 1657 339 1719 nentri
352 1674 478 1734 nomen,
503 1658 589 1738 quud
612 1658 796 1723 innumeros
809 1677 850 1721 ex
865 1658 978 1721 nninnis
997 1664 1033 1721 et
1050 1655 1243 1735 corporibus

144 1754 306 1821 doemones
321 1760 427 1838 uelem
448 1760 595 1823 omuibus
617 1760 751 1841 tugurii,
770 1761 833 1823 rin
853 1776 989 1823 exerent
1008 1775 1100 1822 suom
1119 1758 1152 1818 in
1171 1774 1240 1831 eos,

144 1860 289 1939 equibus
309 1860 403 1943 ejecti
422 1871 497 1926 snut
517 1862 565 1926 iili
579 1862 759 1926 doemones.
776 1880 793 1921 o
812 1858 945 1934 Deinde,
961 1867 998 1922 ut
1014 1866 1241 1939 argumentum

143 1962 275 2040 emplius
297 1961 403 2027 firmet
415 1964 454 2027 de
474 1964 657 2028 divinorum
676 1963 911 2029 voenbulorum
926 1980 1002 2037 uso,
1024 1977 1167 2042 quornm
1187 1976 1243 2022 no·

144 2070 242 2127 torum
264 2064 343 2128 dicit
361 2082 425 2128 non
446 2082 515 2129 esse
535 2064 720 2129 mutondem
740 2066 771 2127 iu
792 2082 907 2127 eorum
929 2063 1143 2137 inroeetioue,
1163 2078 1239 2125 eunt

143 2162 169 2224 in
187 2182 220 2229 se
240 2166 379 2230 hebennt
399 2166 576 2247 quidquem
595 2183 763 2241 oreuuuur,
785 2184 826 2229 ex
847 2166 922 2244 ipsis
943 2164 1086 2244 gentium
1106 2164 1240 2243 orrenti-

143 2264 314 2344 notorious
334 2268 467 2348 probet:
485 2288 501 2329 o
516 2268 622 2345 Addo,
640 2267 728 2348 quod
744 2274 903 2331 testentur
917 2266 950 2329 iu
970 2264 1151 2329 ineentendi
1171 2270 1242 2327 orte

142 2368 316 2443 exercitati,
331 2369 574 2433 incantationem
590 2368 720 2449 proprie
736 2367 848 2448 lingue
872 2369 1117 2449 orouuneintem
1135 2363 1242 2429 entes·

145 2486 185 2545 rs,
206 2470 296 2551 quod
318 2471 503 2549 pollicetur,
524 2474 683 2535 incessum
704 2478 813 2534 entem
834 2470 963 2543 endere,
982 2467 1239 2549 necquidquam

144 2587 240 2649 porse,
266 2588 340 2635 enm
360 2573 463 2635 eliens
485 2573 600 2652 queris
618 2572 727 2650 lingue
750 2571 834 2637 ieote
855 2581 948 2637 est.»

213 2670 259 2735 Et
280 2673 359 2737 hueo
372 2674 478 2737 omnin
500 2674 576 2737 dioit
587 2673 754 2755 Origenes,
777 2692 840 2737 noo
860 2682 900 2737 nt
913 2674 1053 2753 gentium
1074 2670 1243 2736 erroribus

144 2775 336 2854 eonsentint3
365 2776 419 2838 rod
450 2775 491 2837 nd
521 2776 677 2856 mojorem
706 2777 863 2840 sermonis
892 2775 943 2838 sui
972 2776 1257 2856 explnnetionem.'

143 2872 403 2955 Qneudoquidern
419 2878 514 2953 euim,
527 2876 615 2951 dieit,
629 2894 687 2957 per
703 2878 862 2942 roeebuin
877 2878 1038 2958 cujusque
1052 2878 1152 2954 qeutis
1168 2892 1244 2954 nro-

141 2977 216 3053 qrio,
238 2978 469 3042 iueeutetiones
484 2987 662 3058 operentur
674 2980 931 3058 praestigiatores
953 2996 1029 3057 erqo
1050 2978 1127 3039 deos
1146 2993 1241 3049 suot,

142 3076 181 3139 rio
200 3078 415 3142 oehristinnis
437 3078 507 3142 fieri
528 3081 559 3143 in
580 3078 649 3144 lieo
669 3099 730 3144 suo
751 3080 953 3158 invooend03
974 3096 1012 3141 oe
1028 3096 1088 3156 oro
1101 3098 1141 3140 eo
1154 3077 1242 3156 quod

141 3176 179 3240 itt
204 3177 372 3259 mysticum
393 3190 421 3241 et
440 3198 568 3243 suerum
588 3180 778 3257 odiriberet,
801 3179 940 3260 ruuqiour
960 3179 1042 3243 dixit
1059 3179 1154 3260 juxte
1179 3178 1243 3259 ori·

140 3294 221 3343 soem
243 3280 344 3362 hujus
364 3282 451 3345 eoois
472 3281 756 3361 significationem,
788 3301 877 3346 sese
898 3290 975 3345 tnue
995 3278 1240 3345 seeommodetts

141 3377 324 3445 edversario
345 3400 405 3444 suo
426 3380 542 3458 Celso,
576 3390 613 3445 ut
632 3384 783 3447 eumdem
804 3402 845 3447 ex
866 3401 924 3448 sue
947 3381 1147 3464 philosophie
1168 3397 1244 3443 eon·

143 3476 269 3543 iutsret.

212 3580 409 3658 Praetereo,
431 3584 489 3648 etri
511 3587 632 3665 megine
654 3603 769 3649 nomen
789 3584 947 3648 extulerit
960 3584 1153 3665 edeiiqunm
1168 3598 1243 3645 eon·

139 3682 333 3759 sistentium,
354 3702 491 3765 ermque
511 3686 720 3765 probaverit,
745 3695 850 3750 tumeo
873 3686 1037 3749 interdurn
1059 3685 1149 3747 nobis
1171 3691 1240 3756 est,

140 3781 350 3847 deduitioue'm
370 3786 430 3865 ipsi
446 3786 593 3849 indidisse
620 3786 822 3864 nobiliorem,
843 3803 941 3866 quoru
964 3786 1062 3865 vulgo
1082 3784 1238 3847 creditur.

142 3878 174 3943 in
193 3884 255 3949 hoe
275 3885 359 3949 enim
384 3887 547 3950 scientium
568 3886 821 3965 comprehendit,
842 3904 900 3949 seu
927 3903 1036 3948 rernm
1058 3884 1240 3945 divinorum

142 3984 298 4061 peritiam,
320 3986 416 4050 sieuti
436 4004 548 4067 perone
570 3988 676 4065 (undo
699 4005 814 4051 nornen
834 3988 919 4051 istud
934 3995 1044 4049 ortum
1058 3986 1127 4062 est)
1143 3988 1242 4048 iuter·

142 4086 254 4161 pretori
274 4092 371 4160 suut,
392 4088 540 4165 quemvis
560 4088 655 4153 iidem
676 4090 815 4153 muttum
837 4107 856 4150 n
879 4090 1012 4151 veritate
1033 4085 1235 4149 oberrarent.

142 4180 271 4251 Veteres
292 4204 431 4269 nemque
452 4190 642 4270 interpretes
667 4192 765 4272 hujus
788 4191 990 4265 vocobuii,e
1013 4190 1114 4269 persis
1135 4194 1243 4251 teuent

142 4282 300 4352 derirnnse
314 4289 354 4351 sd
369 4306 518 4371 qrueens3
535 4292 631 4371 idque
646 4294 686 4354 nb
700 4293 791 4357 initio
807 4294 871 4370 (ito
887 4292 1040 4357 Suieerus
1055 4290 1086 4352 in
1101 4287 1243 4352 Theseu·

144 4402 179 4450 ro
198 4387 443 4469 Euolesinrtioo)
463 4394 495 4455 in
512 4393 608 4457 lende
624 4393 722 4457 tuisse
738 4402 944 4474 usurpatum,
962 4392 1030 4455 iere
1044 4407 1153 4453 omnes
1168 4406 1242 4452 oon·

145 4493 279 4557 veniunt.
296 4490 363 4568 Qui
375 4497 459 4559 enim
474 4496 560 4574 opud
575 4508 683 4574 perses
701 4494 966 4575 philosophicum
983 4490 1161 4570 theologico
1180 4497 1244 4552 tre·
